{
    "HIGHMIA-23DEC28-T66": [
        {
            "trade_id": "a555ea52-26cc-4d65-9569-512fbfde9154",
            "ticker": "HIGHMIA-23DEC28-T66",
            "count": 6,
            "created_time": "2023-12-27T18:35:13.094806Z",
            "yes_price": 15,
            "no_price": 85,
            "taker_side": "no"
        }
    ],
    "HIGHMIA-23DEC28-B66.5": [
        {
            "trade_id": "72812631-99b9-428f-918c-de465bfd308b",
            "ticker": "HIGHMIA-23DEC28-B66.5",
            "count": 1,
            "created_time": "2023-12-27T21:00:58.962958Z",
            "yes_price": 15,
            "no_price": 85,
            "taker_side": "no"
        },
        {
            "trade_id": "b5a1909c-7fec-461a-95bd-2f89f69a8217",
            "ticker": "HIGHMIA-23DEC28-B66.5",
            "count": 1,
            "created_time": "2023-12-27T21:00:58.644364Z",
            "yes_price": 15,
            "no_price": 85,
            "taker_side": "no"
        },
        {
            "trade_id": "aa8d5019-2afd-440b-9c4c-cf12315226e7",
            "ticker": "HIGHMIA-23DEC28-B66.5",
            "count": 13,
            "created_time": "2023-12-27T18:15:07.775007Z",
            "yes_price": 15,
            "no_price": 85,
            "taker_side": "no"
        },
        {
            "trade_id": "c9b32ee5-1b80-47bb-868c-63fbbe61cc36",
            "ticker": "HIGHMIA-23DEC28-B66.5",
            "count": 13,
            "created_time": "2023-12-27T18:14:08.411931Z",
            "yes_price": 15,
            "no_price": 85,
            "taker_side": "no"
        },
        {
            "trade_id": "a472d2b5-acd9-4ebf-874b-dbc451d28f0f",
            "ticker": "HIGHMIA-23DEC28-B66.5",
            "count": 9,
            "created_time": "2023-12-27T18:14:08.411931Z",
            "yes_price": 17,
            "no_price": 83,
            "taker_side": "no"
        },
        {
            "trade_id": "e539f6d3-c13e-4638-b333-c2961978efaa",
            "ticker": "HIGHMIA-23DEC28-B66.5",
            "count": 41,
            "created_time": "2023-12-27T18:12:52.248806Z",
            "yes_price": 16,
            "no_price": 84,
            "taker_side": "no"
        },
        {
            "trade_id": "c9b052dd-b169-4f49-8f00-325809d41886",
            "ticker": "HIGHMIA-23DEC28-B66.5",
            "count": 41,
            "created_time": "2023-12-27T18:12:52.248806Z",
            "yes_price": 17,
            "no_price": 83,
            "taker_side": "no"
        },
        {
            "trade_id": "0666f97f-ffa6-4035-96c2-daf7203a6737",
            "ticker": "HIGHMIA-23DEC28-B66.5",
            "count": 20,
            "created_time": "2023-12-27T18:12:52.248806Z",
            "yes_price": 19,
            "no_price": 81,
            "taker_side": "no"
        },
        {
            "trade_id": "2c6d2c43-cda2-40fe-9855-56cea141f856",
            "ticker": "HIGHMIA-23DEC28-B66.5",
            "count": 1,
            "created_time": "2023-12-27T15:02:35.147954Z",
            "yes_price": 68,
            "no_price": 32,
            "taker_side": "no"
        }
    ],
    "HIGHMIA-23DEC28-B68.5": [
        {
            "trade_id": "0136e38e-1cbd-4b03-9e66-e1a0e4d982eb",
            "ticker": "HIGHMIA-23DEC28-B68.5",
            "count": 1,
            "created_time": "2023-12-28T22:13:55.812268Z",
            "yes_price": 94,
            "no_price": 6,
            "taker_side": "yes"
        },
        {
            "trade_id": "c8cb28f7-87df-4933-b2fe-4b14251a9728",
            "ticker": "HIGHMIA-23DEC28-B68.5",
            "count": 36,
            "created_time": "2023-12-28T13:56:48.756799Z",
            "yes_price": 43,
            "no_price": 57,
            "taker_side": "yes"
        },
        {
            "trade_id": "c57383d2-023b-4444-9b62-983c924d33a8",
            "ticker": "HIGHMIA-23DEC28-B68.5",
            "count": 21,
            "created_time": "2023-12-28T13:56:48.756799Z",
            "yes_price": 39,
            "no_price": 61,
            "taker_side": "yes"
        },
        {
            "trade_id": "8174e79a-0ec7-48b4-8230-8dc30c7e591c",
            "ticker": "HIGHMIA-23DEC28-B68.5",
            "count": 36,
            "created_time": "2023-12-28T13:56:33.825121Z",
            "yes_price": 38,
            "no_price": 62,
            "taker_side": "yes"
        },
        {
            "trade_id": "06acad47-3f77-4c79-8949-fb114865e064",
            "ticker": "HIGHMIA-23DEC28-B68.5",
            "count": 36,
            "created_time": "2023-12-28T13:56:33.825121Z",
            "yes_price": 36,
            "no_price": 64,
            "taker_side": "yes"
        },
        {
            "trade_id": "3da0ed81-bd04-42c8-b81f-92885de38483",
            "ticker": "HIGHMIA-23DEC28-B68.5",
            "count": 1,
            "created_time": "2023-12-27T21:00:58.650605Z",
            "yes_price": 68,
            "no_price": 32,
            "taker_side": "no"
        },
        {
            "trade_id": "d8edabaf-bac4-4198-b7b3-c66d334efd95",
            "ticker": "HIGHMIA-23DEC28-B68.5",
            "count": 13,
            "created_time": "2023-12-27T18:15:38.209925Z",
            "yes_price": 33,
            "no_price": 67,
            "taker_side": "no"
        },
        {
            "trade_id": "f62337a6-2c5b-4629-ae17-a0c1a660d207",
            "ticker": "HIGHMIA-23DEC28-B68.5",
            "count": 13,
            "created_time": "2023-12-27T18:15:21.415596Z",
            "yes_price": 35,
            "no_price": 65,
            "taker_side": "no"
        },
        {
            "trade_id": "68796b7f-274a-4493-a3b3-76f2e685cd84",
            "ticker": "HIGHMIA-23DEC28-B68.5",
            "count": 13,
            "created_time": "2023-12-27T18:14:56.691269Z",
            "yes_price": 36,
            "no_price": 64,
            "taker_side": "no"
        },
        {
            "trade_id": "889e8ffb-4b2a-45d8-afc3-f5f8287025ea",
            "ticker": "HIGHMIA-23DEC28-B68.5",
            "count": 20,
            "created_time": "2023-12-27T18:13:04.875888Z",
            "yes_price": 39,
            "no_price": 61,
            "taker_side": "no"
        },
        {
            "trade_id": "751b984e-2d97-4b77-ba9d-cb79b38e2edb",
            "ticker": "HIGHMIA-23DEC28-B68.5",
            "count": 41,
            "created_time": "2023-12-27T18:13:04.875888Z",
            "yes_price": 35,
            "no_price": 65,
            "taker_side": "no"
        },
        {
            "trade_id": "21f1ca2e-c81e-48a0-9a4d-b66b479fdbd8",
            "ticker": "HIGHMIA-23DEC28-B68.5",
            "count": 41,
            "created_time": "2023-12-27T18:13:04.875888Z",
            "yes_price": 37,
            "no_price": 63,
            "taker_side": "no"
        },
        {
            "trade_id": "f08de612-1b79-41af-b961-daa59adf0d0f",
            "ticker": "HIGHMIA-23DEC28-B68.5",
            "count": 41,
            "created_time": "2023-12-27T18:12:46.791198Z",
            "yes_price": 42,
            "no_price": 58,
            "taker_side": "no"
        },
        {
            "trade_id": "2891eab0-69a6-4d10-a9f3-2bac84ac3098",
            "ticker": "HIGHMIA-23DEC28-B68.5",
            "count": 41,
            "created_time": "2023-12-27T18:12:46.791198Z",
            "yes_price": 40,
            "no_price": 60,
            "taker_side": "no"
        }
    ],
    "HIGHMIA-23DEC28-B70.5": [
        {
            "trade_id": "180e2d96-e051-4db5-aa9a-ea658d1e0e5d",
            "ticker": "HIGHMIA-23DEC28-B70.5",
            "count": 3,
            "created_time": "2023-12-28T22:13:35.691203Z",
            "yes_price": 15,
            "no_price": 85,
            "taker_side": "no"
        },
        {
            "trade_id": "29f54171-4d6a-4425-bcd0-ba1cdf26ecb2",
            "ticker": "HIGHMIA-23DEC28-B70.5",
            "count": 1,
            "created_time": "2023-12-28T19:23:11.444525Z",
            "yes_price": 47,
            "no_price": 53,
            "taker_side": "no"
        },
        {
            "trade_id": "15263e9c-7482-42cd-a7d5-dd70d7b17e62",
            "ticker": "HIGHMIA-23DEC28-B70.5",
            "count": 2,
            "created_time": "2023-12-27T21:01:00.006161Z",
            "yes_price": 15,
            "no_price": 85,
            "taker_side": "no"
        },
        {
            "trade_id": "5498d020-78cf-4320-8a5d-f99815e8eb8c",
            "ticker": "HIGHMIA-23DEC28-B70.5",
            "count": 2,
            "created_time": "2023-12-27T21:00:59.274414Z",
            "yes_price": 15,
            "no_price": 85,
            "taker_side": "no"
        },
        {
            "trade_id": "2112a6f9-69f4-46be-81f9-85c0c5e013dd",
            "ticker": "HIGHMIA-23DEC28-B70.5",
            "count": 1,
            "created_time": "2023-12-27T21:00:58.655418Z",
            "yes_price": 15,
            "no_price": 85,
            "taker_side": "no"
        },
        {
            "trade_id": "3cac753a-619a-4ad2-a220-21e85f3666a4",
            "ticker": "HIGHMIA-23DEC28-B70.5",
            "count": 13,
            "created_time": "2023-12-27T18:15:29.115111Z",
            "yes_price": 20,
            "no_price": 80,
            "taker_side": "no"
        },
        {
            "trade_id": "fc801daa-f3dc-449a-8f91-54d881ead4e5",
            "ticker": "HIGHMIA-23DEC28-B70.5",
            "count": 100,
            "created_time": "2023-12-27T18:14:33.764758Z",
            "yes_price": 21,
            "no_price": 79,
            "taker_side": "no"
        },
        {
            "trade_id": "b4112fb9-2eca-44ac-8a18-0efd1f2e99d2",
            "ticker": "HIGHMIA-23DEC28-B70.5",
            "count": 13,
            "created_time": "2023-12-27T18:14:33.764758Z",
            "yes_price": 23,
            "no_price": 77,
            "taker_side": "no"
        },
        {
            "trade_id": "851b38af-8789-4d81-a2f5-2a671a3405fb",
            "ticker": "HIGHMIA-23DEC28-B70.5",
            "count": 13,
            "created_time": "2023-12-27T18:14:33.764758Z",
            "yes_price": 24,
            "no_price": 76,
            "taker_side": "no"
        }
    ],
    "HIGHMIA-23DEC28-T71": [
        {
            "trade_id": "95b189f1-5290-4645-b8a5-4dc20bab5ca0",
            "ticker": "HIGHMIA-23DEC28-T71",
            "count": 28,
            "created_time": "2023-12-28T14:58:48.42691Z",
            "yes_price": 10,
            "no_price": 90,
            "taker_side": "no"
        },
        {
            "trade_id": "1e81a30c-4051-43e2-a818-2fffbef28d7a",
            "ticker": "HIGHMIA-23DEC28-T71",
            "count": 95,
            "created_time": "2023-12-28T14:58:48.42691Z",
            "yes_price": 9,
            "no_price": 91,
            "taker_side": "no"
        },
        {
            "trade_id": "5c3cdc4f-3281-41b6-824e-1f6f562a4673",
            "ticker": "HIGHMIA-23DEC28-T71",
            "count": 15,
            "created_time": "2023-12-28T14:22:42.033108Z",
            "yes_price": 10,
            "no_price": 90,
            "taker_side": "no"
        },
        {
            "trade_id": "910d3cf8-b659-4e8a-a153-254b570b8529",
            "ticker": "HIGHMIA-23DEC28-T71",
            "count": 2,
            "created_time": "2023-12-27T21:01:00.155546Z",
            "yes_price": 9,
            "no_price": 91,
            "taker_side": "no"
        },
        {
            "trade_id": "206aabc6-7737-421d-b106-badc67d25e19",
            "ticker": "HIGHMIA-23DEC28-T71",
            "count": 2,
            "created_time": "2023-12-27T21:00:59.455299Z",
            "yes_price": 9,
            "no_price": 91,
            "taker_side": "no"
        },
        {
            "trade_id": "c3d99d70-7758-4ee2-b2ee-dca4ce837bd6",
            "ticker": "HIGHMIA-23DEC28-T71",
            "count": 1,
            "created_time": "2023-12-27T21:00:58.6473Z",
            "yes_price": 9,
            "no_price": 91,
            "taker_side": "no"
        }
    ]
}