{
    "HIGHMIA-23DEC26-T74": [],
    "HIGHMIA-23DEC26-B74.5": [],
    "HIGHMIA-23DEC26-B76.5": [
        {
            "trade_id": "a82fc0c9-d7a2-443d-bc52-715b447d0965",
            "ticker": "HIGHMIA-23DEC26-B76.5",
            "count": 5,
            "created_time": "2023-12-26T20:53:40.733047Z",
            "yes_price": 1,
            "no_price": 99,
            "taker_side": "yes"
        },
        {
            "trade_id": "b94ddbec-21b3-4e05-a0ed-b996bcf8bae5",
            "ticker": "HIGHMIA-23DEC26-B76.5",
            "count": 5,
            "created_time": "2023-12-25T19:07:13.710602Z",
            "yes_price": 15,
            "no_price": 85,
            "taker_side": "no"
        },
        {
            "trade_id": "41e060de-ae43-4b1d-8f51-daa6eaa926bf",
            "ticker": "HIGHMIA-23DEC26-B76.5",
            "count": 1,
            "created_time": "2023-12-25T16:53:14.179053Z",
            "yes_price": 15,
            "no_price": 85,
            "taker_side": "no"
        }
    ],
    "HIGHMIA-23DEC26-B78.5": [
        {
            "trade_id": "e6d45fd0-0a6c-47ac-abdb-be393a4063c8",
            "ticker": "HIGHMIA-23DEC26-B78.5",
            "count": 373,
            "created_time": "2023-12-26T20:54:09.914544Z",
            "yes_price": 1,
            "no_price": 99,
            "taker_side": "yes"
        },
        {
            "trade_id": "a6f63c60-876b-4880-9c1e-4be5323da6e3",
            "ticker": "HIGHMIA-23DEC26-B78.5",
            "count": 1,
            "created_time": "2023-12-26T14:02:31.680239Z",
            "yes_price": 15,
            "no_price": 85,
            "taker_side": "no"
        },
        {
            "trade_id": "07c16a95-3763-4a9a-b6e1-42b17e2b5471",
            "ticker": "HIGHMIA-23DEC26-B78.5",
            "count": 1,
            "created_time": "2023-12-26T14:02:30.90472Z",
            "yes_price": 15,
            "no_price": 85,
            "taker_side": "no"
        },
        {
            "trade_id": "05c782e0-1b63-4f4a-8789-5dcbb0a78bac",
            "ticker": "HIGHMIA-23DEC26-B78.5",
            "count": 13,
            "created_time": "2023-12-26T03:33:59.092528Z",
            "yes_price": 3,
            "no_price": 97,
            "taker_side": "no"
        },
        {
            "trade_id": "17a67416-b96f-4785-9fc2-109e6b95fd1a",
            "ticker": "HIGHMIA-23DEC26-B78.5",
            "count": 13,
            "created_time": "2023-12-26T03:32:00.148027Z",
            "yes_price": 3,
            "no_price": 97,
            "taker_side": "no"
        },
        {
            "trade_id": "f4de579b-4e2e-4a0b-a96a-9183d3b164d7",
            "ticker": "HIGHMIA-23DEC26-B78.5",
            "count": 2,
            "created_time": "2023-12-26T03:31:42.461718Z",
            "yes_price": 3,
            "no_price": 97,
            "taker_side": "no"
        },
        {
            "trade_id": "afa1f65f-7ddb-4d25-a52b-e9a48649a5a7",
            "ticker": "HIGHMIA-23DEC26-B78.5",
            "count": 16,
            "created_time": "2023-12-25T19:06:39.15328Z",
            "yes_price": 14,
            "no_price": 86,
            "taker_side": "no"
        },
        {
            "trade_id": "7ffe9506-6ccd-4f4d-8f36-cb581b6ae782",
            "ticker": "HIGHMIA-23DEC26-B78.5",
            "count": 41,
            "created_time": "2023-12-25T19:06:39.15328Z",
            "yes_price": 11,
            "no_price": 89,
            "taker_side": "no"
        },
        {
            "trade_id": "62faa773-8036-4cb3-be9f-485128d6392a",
            "ticker": "HIGHMIA-23DEC26-B78.5",
            "count": 41,
            "created_time": "2023-12-25T19:06:39.15328Z",
            "yes_price": 12,
            "no_price": 88,
            "taker_side": "no"
        },
        {
            "trade_id": "e6e741cf-c3f8-4d95-95fe-02cf61dab70f",
            "ticker": "HIGHMIA-23DEC26-B78.5",
            "count": 125,
            "created_time": "2023-12-25T19:04:32.174574Z",
            "yes_price": 17,
            "no_price": 83,
            "taker_side": "no"
        },
        {
            "trade_id": "e4af9afb-ddcd-4c4c-a6cc-0758a83bd7aa",
            "ticker": "HIGHMIA-23DEC26-B78.5",
            "count": 125,
            "created_time": "2023-12-25T19:04:32.174574Z",
            "yes_price": 16,
            "no_price": 84,
            "taker_side": "no"
        },
        {
            "trade_id": "d7f29976-4041-4181-936f-72b9e46a13b9",
            "ticker": "HIGHMIA-23DEC26-B78.5",
            "count": 25,
            "created_time": "2023-12-25T19:04:32.174574Z",
            "yes_price": 19,
            "no_price": 81,
            "taker_side": "no"
        },
        {
            "trade_id": "701e25c5-aea4-4f1a-8f02-9365ff9b84ef",
            "ticker": "HIGHMIA-23DEC26-B78.5",
            "count": 1,
            "created_time": "2023-12-25T16:53:14.177387Z",
            "yes_price": 68,
            "no_price": 32,
            "taker_side": "no"
        }
    ],
    "HIGHMIA-23DEC26-B80.5": [
        {
            "trade_id": "4764bef8-6a6f-4651-880f-69de4d5151f6",
            "ticker": "HIGHMIA-23DEC26-B80.5",
            "count": 1,
            "created_time": "2023-12-27T01:40:20.799611Z",
            "yes_price": 1,
            "no_price": 99,
            "taker_side": "yes"
        },
        {
            "trade_id": "f142600c-2312-4909-bd4b-18146707aa19",
            "ticker": "HIGHMIA-23DEC26-B80.5",
            "count": 1,
            "created_time": "2023-12-27T01:39:04.006707Z",
            "yes_price": 1,
            "no_price": 99,
            "taker_side": "yes"
        },
        {
            "trade_id": "29e7fd20-e130-4545-9e06-2d54bb683bcb",
            "ticker": "HIGHMIA-23DEC26-B80.5",
            "count": 1,
            "created_time": "2023-12-27T01:38:29.263173Z",
            "yes_price": 1,
            "no_price": 99,
            "taker_side": "yes"
        },
        {
            "trade_id": "b3ff47ad-cbe8-45fb-9b4c-539bcbe029ef",
            "ticker": "HIGHMIA-23DEC26-B80.5",
            "count": 1,
            "created_time": "2023-12-27T01:37:24.334327Z",
            "yes_price": 1,
            "no_price": 99,
            "taker_side": "yes"
        },
        {
            "trade_id": "0462bd46-689e-4011-8924-b2149c20f227",
            "ticker": "HIGHMIA-23DEC26-B80.5",
            "count": 1,
            "created_time": "2023-12-27T01:36:49.446769Z",
            "yes_price": 1,
            "no_price": 99,
            "taker_side": "yes"
        },
        {
            "trade_id": "d299959e-4b28-4242-89ad-b0477c05af83",
            "ticker": "HIGHMIA-23DEC26-B80.5",
            "count": 381,
            "created_time": "2023-12-26T20:54:36.512056Z",
            "yes_price": 1,
            "no_price": 99,
            "taker_side": "yes"
        },
        {
            "trade_id": "3e958aa6-0a3e-49d8-ac05-426cc3b391c8",
            "ticker": "HIGHMIA-23DEC26-B80.5",
            "count": 1,
            "created_time": "2023-12-26T14:49:18.424578Z",
            "yes_price": 40,
            "no_price": 60,
            "taker_side": "yes"
        },
        {
            "trade_id": "877356ee-2251-417d-ad60-2ba7d1fc0ce9",
            "ticker": "HIGHMIA-23DEC26-B80.5",
            "count": 1,
            "created_time": "2023-12-26T14:02:31.677739Z",
            "yes_price": 26,
            "no_price": 74,
            "taker_side": "no"
        },
        {
            "trade_id": "e1285d43-7fc6-4dd6-887b-4c8ca86c11e6",
            "ticker": "HIGHMIA-23DEC26-B80.5",
            "count": 1,
            "created_time": "2023-12-26T14:02:31.26293Z",
            "yes_price": 34,
            "no_price": 66,
            "taker_side": "yes"
        },
        {
            "trade_id": "a91874e6-48b9-44a1-87e2-0d409105cab7",
            "ticker": "HIGHMIA-23DEC26-B80.5",
            "count": 1,
            "created_time": "2023-12-26T14:02:30.908888Z",
            "yes_price": 27,
            "no_price": 73,
            "taker_side": "no"
        },
        {
            "trade_id": "9a403719-c26f-41d6-9366-66a6c928fafc",
            "ticker": "HIGHMIA-23DEC26-B80.5",
            "count": 1,
            "created_time": "2023-12-26T14:01:24.905886Z",
            "yes_price": 34,
            "no_price": 66,
            "taker_side": "yes"
        },
        {
            "trade_id": "cc7a02fc-1dbb-4547-ba04-f534dde6cf98",
            "ticker": "HIGHMIA-23DEC26-B80.5",
            "count": 12,
            "created_time": "2023-12-26T14:01:14.988434Z",
            "yes_price": 34,
            "no_price": 66,
            "taker_side": "yes"
        },
        {
            "trade_id": "c32bccd7-3418-4dae-879c-e4a2606e57ae",
            "ticker": "HIGHMIA-23DEC26-B80.5",
            "count": 2,
            "created_time": "2023-12-26T14:01:14.988434Z",
            "yes_price": 31,
            "no_price": 69,
            "taker_side": "yes"
        },
        {
            "trade_id": "eaa7b8a4-02ce-4e4f-8a7e-5166548fb170",
            "ticker": "HIGHMIA-23DEC26-B80.5",
            "count": 19,
            "created_time": "2023-12-26T13:48:27.36185Z",
            "yes_price": 26,
            "no_price": 74,
            "taker_side": "no"
        },
        {
            "trade_id": "59b5dd7e-d43d-4384-8703-59ece4be3e57",
            "ticker": "HIGHMIA-23DEC26-B80.5",
            "count": 27,
            "created_time": "2023-12-26T13:21:33.556439Z",
            "yes_price": 29,
            "no_price": 71,
            "taker_side": "yes"
        },
        {
            "trade_id": "7360a32c-cbf1-490f-9ee7-2df692153010",
            "ticker": "HIGHMIA-23DEC26-B80.5",
            "count": 1,
            "created_time": "2023-12-26T13:16:01.357566Z",
            "yes_price": 30,
            "no_price": 70,
            "taker_side": "yes"
        },
        {
            "trade_id": "828a3f34-f396-4fcd-bd4f-61663f069d87",
            "ticker": "HIGHMIA-23DEC26-B80.5",
            "count": 11,
            "created_time": "2023-12-26T13:15:14.022179Z",
            "yes_price": 29,
            "no_price": 71,
            "taker_side": "yes"
        },
        {
            "trade_id": "865c4077-43a5-4984-845f-c45502b6b594",
            "ticker": "HIGHMIA-23DEC26-B80.5",
            "count": 1,
            "created_time": "2023-12-26T13:03:18.892638Z",
            "yes_price": 31,
            "no_price": 69,
            "taker_side": "yes"
        },
        {
            "trade_id": "ddaf3be2-0aa1-4262-9934-23db203bdb6d",
            "ticker": "HIGHMIA-23DEC26-B80.5",
            "count": 32,
            "created_time": "2023-12-26T13:02:10.700377Z",
            "yes_price": 27,
            "no_price": 73,
            "taker_side": "yes"
        },
        {
            "trade_id": "b49a940c-7399-4a11-a1ae-a93a6d3218b1",
            "ticker": "HIGHMIA-23DEC26-B80.5",
            "count": 53,
            "created_time": "2023-12-26T13:02:10.700377Z",
            "yes_price": 31,
            "no_price": 69,
            "taker_side": "yes"
        },
        {
            "trade_id": "6ebf347a-40b0-4db2-8aa9-5eef2166ee65",
            "ticker": "HIGHMIA-23DEC26-B80.5",
            "count": 53,
            "created_time": "2023-12-26T13:02:10.700377Z",
            "yes_price": 29,
            "no_price": 71,
            "taker_side": "yes"
        },
        {
            "trade_id": "685ada50-38c6-4d84-bdba-54042dffbeff",
            "ticker": "HIGHMIA-23DEC26-B80.5",
            "count": 52,
            "created_time": "2023-12-26T04:58:15.412422Z",
            "yes_price": 34,
            "no_price": 66,
            "taker_side": "yes"
        },
        {
            "trade_id": "4bfe24e7-bb5f-4a78-93ff-c09dc455303e",
            "ticker": "HIGHMIA-23DEC26-B80.5",
            "count": 1,
            "created_time": "2023-12-26T04:58:15.412422Z",
            "yes_price": 32,
            "no_price": 68,
            "taker_side": "yes"
        },
        {
            "trade_id": "2ef417d0-6e2f-413b-a0a9-c087e742e599",
            "ticker": "HIGHMIA-23DEC26-B80.5",
            "count": 33,
            "created_time": "2023-12-26T04:58:11.216366Z",
            "yes_price": 32,
            "no_price": 68,
            "taker_side": "yes"
        },
        {
            "trade_id": "b1582a06-0757-4740-b8d5-f83b61194875",
            "ticker": "HIGHMIA-23DEC26-B80.5",
            "count": 1,
            "created_time": "2023-12-26T04:57:10.115909Z",
            "yes_price": 32,
            "no_price": 68,
            "taker_side": "yes"
        },
        {
            "trade_id": "e6f5ffde-c18d-4f17-9472-8ac64181536b",
            "ticker": "HIGHMIA-23DEC26-B80.5",
            "count": 2,
            "created_time": "2023-12-26T04:56:25.110898Z",
            "yes_price": 31,
            "no_price": 69,
            "taker_side": "yes"
        },
        {
            "trade_id": "4bdc72ac-d119-420e-a339-fc0840f9fa55",
            "ticker": "HIGHMIA-23DEC26-B80.5",
            "count": 43,
            "created_time": "2023-12-26T04:56:25.110898Z",
            "yes_price": 32,
            "no_price": 68,
            "taker_side": "yes"
        },
        {
            "trade_id": "58aee79d-919c-40e9-b56b-5118abf72baa",
            "ticker": "HIGHMIA-23DEC26-B80.5",
            "count": 26,
            "created_time": "2023-12-26T04:35:00.269431Z",
            "yes_price": 28,
            "no_price": 72,
            "taker_side": "yes"
        },
        {
            "trade_id": "c69d879b-f1bb-4e11-a924-a485c7a2f4e6",
            "ticker": "HIGHMIA-23DEC26-B80.5",
            "count": 1,
            "created_time": "2023-12-26T04:22:33.217425Z",
            "yes_price": 28,
            "no_price": 72,
            "taker_side": "yes"
        },
        {
            "trade_id": "2f2f3ce7-7e89-4dfc-a01b-c49e8ab76366",
            "ticker": "HIGHMIA-23DEC26-B80.5",
            "count": 13,
            "created_time": "2023-12-26T03:33:59.097533Z",
            "yes_price": 21,
            "no_price": 79,
            "taker_side": "no"
        },
        {
            "trade_id": "9bb44f2d-d235-4078-9a5d-dfcffbdf295e",
            "ticker": "HIGHMIA-23DEC26-B80.5",
            "count": 13,
            "created_time": "2023-12-26T03:32:00.149981Z",
            "yes_price": 22,
            "no_price": 78,
            "taker_side": "no"
        },
        {
            "trade_id": "6f058a5e-130b-4a82-9728-4466d6074e4d",
            "ticker": "HIGHMIA-23DEC26-B80.5",
            "count": 2,
            "created_time": "2023-12-26T03:31:42.467236Z",
            "yes_price": 25,
            "no_price": 75,
            "taker_side": "no"
        },
        {
            "trade_id": "1a3085d8-05f4-43a1-af7f-bc61a74a82a6",
            "ticker": "HIGHMIA-23DEC26-B80.5",
            "count": 1,
            "created_time": "2023-12-26T03:11:41.606Z",
            "yes_price": 30,
            "no_price": 70,
            "taker_side": "yes"
        },
        {
            "trade_id": "8f428204-beab-4209-8d3a-0a5cd1e41e54",
            "ticker": "HIGHMIA-23DEC26-B80.5",
            "count": 1,
            "created_time": "2023-12-26T03:11:36.107414Z",
            "yes_price": 28,
            "no_price": 72,
            "taker_side": "yes"
        },
        {
            "trade_id": "4122b3bf-92b1-4cd3-bfae-f9799a71a3a6",
            "ticker": "HIGHMIA-23DEC26-B80.5",
            "count": 34,
            "created_time": "2023-12-26T03:09:31.269209Z",
            "yes_price": 27,
            "no_price": 73,
            "taker_side": "yes"
        },
        {
            "trade_id": "988f45d5-9073-4aef-9638-77a413c2fd70",
            "ticker": "HIGHMIA-23DEC26-B80.5",
            "count": 1,
            "created_time": "2023-12-26T01:02:21.975896Z",
            "yes_price": 28,
            "no_price": 72,
            "taker_side": "yes"
        },
        {
            "trade_id": "d31ab5f5-4fe4-46cc-bc5f-80debdb2a830",
            "ticker": "HIGHMIA-23DEC26-B80.5",
            "count": 2,
            "created_time": "2023-12-26T01:01:50.40925Z",
            "yes_price": 26,
            "no_price": 74,
            "taker_side": "yes"
        },
        {
            "trade_id": "a103c5a0-0505-4752-8a21-ab34c7e4e9e9",
            "ticker": "HIGHMIA-23DEC26-B80.5",
            "count": 28,
            "created_time": "2023-12-26T01:01:50.40925Z",
            "yes_price": 27,
            "no_price": 73,
            "taker_side": "yes"
        },
        {
            "trade_id": "60ef336b-5e39-4794-b832-cdae59f76baa",
            "ticker": "HIGHMIA-23DEC26-B80.5",
            "count": 1,
            "created_time": "2023-12-25T20:03:07.41022Z",
            "yes_price": 28,
            "no_price": 72,
            "taker_side": "yes"
        },
        {
            "trade_id": "0858bd67-8fa5-4663-8b3a-74da44836d74",
            "ticker": "HIGHMIA-23DEC26-B80.5",
            "count": 24,
            "created_time": "2023-12-25T19:30:33.007741Z",
            "yes_price": 23,
            "no_price": 77,
            "taker_side": "no"
        },
        {
            "trade_id": "889afc75-867b-4d82-9d06-a4a341ae124f",
            "ticker": "HIGHMIA-23DEC26-B80.5",
            "count": 12,
            "created_time": "2023-12-25T19:06:56.250624Z",
            "yes_price": 27,
            "no_price": 73,
            "taker_side": "no"
        },
        {
            "trade_id": "82773d9e-98d1-4a08-b158-915c820df053",
            "ticker": "HIGHMIA-23DEC26-B80.5",
            "count": 41,
            "created_time": "2023-12-25T19:06:56.250624Z",
            "yes_price": 23,
            "no_price": 77,
            "taker_side": "no"
        },
        {
            "trade_id": "5a6bb9bf-0909-481e-8eb3-c2f6899916b2",
            "ticker": "HIGHMIA-23DEC26-B80.5",
            "count": 41,
            "created_time": "2023-12-25T19:06:56.250624Z",
            "yes_price": 25,
            "no_price": 75,
            "taker_side": "no"
        },
        {
            "trade_id": "2fa02540-d868-41ae-b429-0c5d47cc2551",
            "ticker": "HIGHMIA-23DEC26-B80.5",
            "count": 1,
            "created_time": "2023-12-25T19:06:56.250624Z",
            "yes_price": 26,
            "no_price": 74,
            "taker_side": "no"
        },
        {
            "trade_id": "d2400021-8f86-4157-bcd6-fe69febc7c13",
            "ticker": "HIGHMIA-23DEC26-B80.5",
            "count": 12,
            "created_time": "2023-12-25T19:04:48.918198Z",
            "yes_price": 37,
            "no_price": 63,
            "taker_side": "no"
        },
        {
            "trade_id": "6a8813f6-2d0a-4115-a866-7c8a77cce154",
            "ticker": "HIGHMIA-23DEC26-B80.5",
            "count": 125,
            "created_time": "2023-12-25T19:04:48.918198Z",
            "yes_price": 33,
            "no_price": 67,
            "taker_side": "no"
        },
        {
            "trade_id": "21c09c9b-0aa4-433c-bdec-3b022e5f1f42",
            "ticker": "HIGHMIA-23DEC26-B80.5",
            "count": 125,
            "created_time": "2023-12-25T19:04:48.918198Z",
            "yes_price": 35,
            "no_price": 65,
            "taker_side": "no"
        },
        {
            "trade_id": "a9162dcd-5383-4219-a5bc-c02ee0d4fbe6",
            "ticker": "HIGHMIA-23DEC26-B80.5",
            "count": 1,
            "created_time": "2023-12-25T16:53:14.164821Z",
            "yes_price": 15,
            "no_price": 85,
            "taker_side": "no"
        }
    ],
    "HIGHMIA-23DEC26-T81": [
        {
            "trade_id": "0cfd2ad2-542a-44d6-adba-61e1cc1df50f",
            "ticker": "HIGHMIA-23DEC26-T81",
            "count": 325,
            "created_time": "2023-12-26T20:56:28.01863Z",
            "yes_price": 99,
            "no_price": 1,
            "taker_side": "no"
        },
        {
            "trade_id": "dce1fb16-bc7c-4fae-af66-9c3eea23aedd",
            "ticker": "HIGHMIA-23DEC26-T81",
            "count": 1000,
            "created_time": "2023-12-26T20:55:00.296693Z",
            "yes_price": 99,
            "no_price": 1,
            "taker_side": "no"
        },
        {
            "trade_id": "7114400d-f9a4-4783-9b47-2e06b19db491",
            "ticker": "HIGHMIA-23DEC26-T81",
            "count": 140,
            "created_time": "2023-12-26T19:32:35.380773Z",
            "yes_price": 99,
            "no_price": 1,
            "taker_side": "no"
        },
        {
            "trade_id": "4f895704-6a6c-4fc7-9539-d569b9a96fe1",
            "ticker": "HIGHMIA-23DEC26-T81",
            "count": 1000,
            "created_time": "2023-12-26T18:24:41.131024Z",
            "yes_price": 99,
            "no_price": 1,
            "taker_side": "no"
        },
        {
            "trade_id": "034e723b-986b-4b30-bfa7-a8021d10fb75",
            "ticker": "HIGHMIA-23DEC26-T81",
            "count": 100,
            "created_time": "2023-12-26T18:23:37.553927Z",
            "yes_price": 99,
            "no_price": 1,
            "taker_side": "no"
        },
        {
            "trade_id": "cade3f3c-ae48-420e-b232-db0eb4e8c005",
            "ticker": "HIGHMIA-23DEC26-T81",
            "count": 100,
            "created_time": "2023-12-26T18:22:57.529523Z",
            "yes_price": 99,
            "no_price": 1,
            "taker_side": "no"
        },
        {
            "trade_id": "ebd307f5-e410-48c8-b01a-e4e3fb541699",
            "ticker": "HIGHMIA-23DEC26-T81",
            "count": 1,
            "created_time": "2023-12-26T16:28:47.102761Z",
            "yes_price": 60,
            "no_price": 40,
            "taker_side": "yes"
        },
        {
            "trade_id": "b234dcb4-f6dc-4925-bfbd-d8fa3e33ddac",
            "ticker": "HIGHMIA-23DEC26-T81",
            "count": 43,
            "created_time": "2023-12-26T15:51:08.042422Z",
            "yes_price": 69,
            "no_price": 31,
            "taker_side": "yes"
        },
        {
            "trade_id": "03fa33b9-e504-4369-a766-1acdc1afd2cf",
            "ticker": "HIGHMIA-23DEC26-T81",
            "count": 43,
            "created_time": "2023-12-26T15:51:08.042422Z",
            "yes_price": 67,
            "no_price": 33,
            "taker_side": "yes"
        },
        {
            "trade_id": "901d3f0b-b5c4-4960-83a4-57b7fe4024a5",
            "ticker": "HIGHMIA-23DEC26-T81",
            "count": 17,
            "created_time": "2023-12-26T15:00:46.991317Z",
            "yes_price": 57,
            "no_price": 43,
            "taker_side": "no"
        },
        {
            "trade_id": "3e51688e-5ba2-496a-befa-1fbcd685bd1c",
            "ticker": "HIGHMIA-23DEC26-T81",
            "count": 12,
            "created_time": "2023-12-26T15:00:36.456534Z",
            "yes_price": 57,
            "no_price": 43,
            "taker_side": "no"
        },
        {
            "trade_id": "dfc30c50-822d-41d9-8dac-804a9844b745",
            "ticker": "HIGHMIA-23DEC26-T81",
            "count": 20,
            "created_time": "2023-12-26T14:20:45.942873Z",
            "yes_price": 64,
            "no_price": 36,
            "taker_side": "no"
        },
        {
            "trade_id": "d26db0c6-3dab-4382-aaf5-824f52017684",
            "ticker": "HIGHMIA-23DEC26-T81",
            "count": 1,
            "created_time": "2023-12-26T14:16:33.15975Z",
            "yes_price": 60,
            "no_price": 40,
            "taker_side": "yes"
        },
        {
            "trade_id": "5a90bf0b-c984-430f-bfb1-202706f1a42d",
            "ticker": "HIGHMIA-23DEC26-T81",
            "count": 1,
            "created_time": "2023-12-26T14:02:31.682029Z",
            "yes_price": 63,
            "no_price": 37,
            "taker_side": "no"
        },
        {
            "trade_id": "aa80a1e2-b96b-4ce4-b5fd-fbbef744ede7",
            "ticker": "HIGHMIA-23DEC26-T81",
            "count": 1,
            "created_time": "2023-12-26T14:02:30.911185Z",
            "yes_price": 63,
            "no_price": 37,
            "taker_side": "no"
        },
        {
            "trade_id": "dd7b2abb-a0ff-4f54-89a8-3f11959063d3",
            "ticker": "HIGHMIA-23DEC26-T81",
            "count": 19,
            "created_time": "2023-12-26T13:48:59.334384Z",
            "yes_price": 71,
            "no_price": 29,
            "taker_side": "no"
        },
        {
            "trade_id": "cf80563e-b3bf-4731-bd57-e1c6a00e6e5d",
            "ticker": "HIGHMIA-23DEC26-T81",
            "count": 31,
            "created_time": "2023-12-26T13:48:59.334384Z",
            "yes_price": 69,
            "no_price": 31,
            "taker_side": "no"
        },
        {
            "trade_id": "adc608ba-5071-4e9b-a536-0947ef726198",
            "ticker": "HIGHMIA-23DEC26-T81",
            "count": 5,
            "created_time": "2023-12-26T13:21:45.952236Z",
            "yes_price": 68,
            "no_price": 32,
            "taker_side": "no"
        },
        {
            "trade_id": "48699df7-56af-48fe-a5f3-5a3baad4b8e1",
            "ticker": "HIGHMIA-23DEC26-T81",
            "count": 21,
            "created_time": "2023-12-26T13:21:01.9906Z",
            "yes_price": 69,
            "no_price": 31,
            "taker_side": "no"
        },
        {
            "trade_id": "9c9113e8-a9df-450c-bc0b-61611804088c",
            "ticker": "HIGHMIA-23DEC26-T81",
            "count": 29,
            "created_time": "2023-12-26T13:15:53.506589Z",
            "yes_price": 67,
            "no_price": 33,
            "taker_side": "no"
        },
        {
            "trade_id": "f098f3f4-ffe1-4691-b74b-4a4e5572bc9f",
            "ticker": "HIGHMIA-23DEC26-T81",
            "count": 53,
            "created_time": "2023-12-26T13:02:14.37578Z",
            "yes_price": 68,
            "no_price": 32,
            "taker_side": "no"
        },
        {
            "trade_id": "a057850e-dc77-4f21-a968-0ad1c9d5c505",
            "ticker": "HIGHMIA-23DEC26-T81",
            "count": 9,
            "created_time": "2023-12-26T13:02:14.37578Z",
            "yes_price": 70,
            "no_price": 30,
            "taker_side": "no"
        },
        {
            "trade_id": "31b4f09a-3539-425f-a11d-2ff6bb2cd39a",
            "ticker": "HIGHMIA-23DEC26-T81",
            "count": 53,
            "created_time": "2023-12-26T13:02:14.37578Z",
            "yes_price": 66,
            "no_price": 34,
            "taker_side": "no"
        },
        {
            "trade_id": "0c56706d-730f-488c-b213-616585365038",
            "ticker": "HIGHMIA-23DEC26-T81",
            "count": 1,
            "created_time": "2023-12-26T13:02:06.415296Z",
            "yes_price": 70,
            "no_price": 30,
            "taker_side": "no"
        },
        {
            "trade_id": "cba6b06d-71a4-4522-857e-bbd7e74d546b",
            "ticker": "HIGHMIA-23DEC26-T81",
            "count": 19,
            "created_time": "2023-12-26T03:55:38.019596Z",
            "yes_price": 66,
            "no_price": 34,
            "taker_side": "no"
        },
        {
            "trade_id": "7cbc6da6-9bbf-4d98-b30d-6cec7f989400",
            "ticker": "HIGHMIA-23DEC26-T81",
            "count": 13,
            "created_time": "2023-12-26T03:33:59.028557Z",
            "yes_price": 76,
            "no_price": 24,
            "taker_side": "yes"
        },
        {
            "trade_id": "2e87dfe5-f0f7-4544-a439-903c236bca36",
            "ticker": "HIGHMIA-23DEC26-T81",
            "count": 39,
            "created_time": "2023-12-26T03:33:59.028557Z",
            "yes_price": 76,
            "no_price": 24,
            "taker_side": "yes"
        },
        {
            "trade_id": "40316a49-e583-48da-ab94-9f66627be0ea",
            "ticker": "HIGHMIA-23DEC26-T81",
            "count": 20,
            "created_time": "2023-12-26T03:33:42.754259Z",
            "yes_price": 75,
            "no_price": 25,
            "taker_side": "yes"
        },
        {
            "trade_id": "fcf0c0e2-4a19-4463-a3d9-976c5bb82fca",
            "ticker": "HIGHMIA-23DEC26-T81",
            "count": 41,
            "created_time": "2023-12-26T03:32:00.088158Z",
            "yes_price": 75,
            "no_price": 25,
            "taker_side": "yes"
        },
        {
            "trade_id": "423a12d8-4e99-41cf-9e1c-9952b1017712",
            "ticker": "HIGHMIA-23DEC26-T81",
            "count": 13,
            "created_time": "2023-12-26T03:32:00.088158Z",
            "yes_price": 75,
            "no_price": 25,
            "taker_side": "yes"
        },
        {
            "trade_id": "90f1a1e7-5b5d-4c44-a710-005a7feaa957",
            "ticker": "HIGHMIA-23DEC26-T81",
            "count": 2,
            "created_time": "2023-12-26T03:31:42.348967Z",
            "yes_price": 73,
            "no_price": 27,
            "taker_side": "yes"
        },
        {
            "trade_id": "70dc274e-65bf-4749-8fda-ca03d176dfd8",
            "ticker": "HIGHMIA-23DEC26-T81",
            "count": 34,
            "created_time": "2023-12-26T03:31:42.348967Z",
            "yes_price": 74,
            "no_price": 26,
            "taker_side": "yes"
        },
        {
            "trade_id": "507e4205-29ed-47fc-8143-881b2ababb39",
            "ticker": "HIGHMIA-23DEC26-T81",
            "count": 34,
            "created_time": "2023-12-26T03:10:34.287199Z",
            "yes_price": 61,
            "no_price": 39,
            "taker_side": "no"
        },
        {
            "trade_id": "0c8235d8-89fe-4c22-9228-9e4cc06de080",
            "ticker": "HIGHMIA-23DEC26-T81",
            "count": 34,
            "created_time": "2023-12-26T03:10:00.246571Z",
            "yes_price": 62,
            "no_price": 38,
            "taker_side": "no"
        },
        {
            "trade_id": "4fb7c5e6-9aef-42be-9372-9ea6477ecb47",
            "ticker": "HIGHMIA-23DEC26-T81",
            "count": 27,
            "created_time": "2023-12-26T03:09:42.701275Z",
            "yes_price": 63,
            "no_price": 37,
            "taker_side": "no"
        },
        {
            "trade_id": "c487eebc-55dd-43e8-be3e-1d426a29148b",
            "ticker": "HIGHMIA-23DEC26-T81",
            "count": 1,
            "created_time": "2023-12-26T01:08:58.600267Z",
            "yes_price": 72,
            "no_price": 28,
            "taker_side": "yes"
        },
        {
            "trade_id": "bed44bb0-3025-4e77-8126-c1549bc9d6e4",
            "ticker": "HIGHMIA-23DEC26-T81",
            "count": 83,
            "created_time": "2023-12-26T01:08:58.600267Z",
            "yes_price": 70,
            "no_price": 30,
            "taker_side": "yes"
        },
        {
            "trade_id": "b7103394-0a48-4d75-b73e-4e06cd655504",
            "ticker": "HIGHMIA-23DEC26-T81",
            "count": 82,
            "created_time": "2023-12-26T01:08:58.600267Z",
            "yes_price": 72,
            "no_price": 28,
            "taker_side": "yes"
        },
        {
            "trade_id": "b1a2e676-b3a1-4918-8cc8-14a22ffb0b79",
            "ticker": "HIGHMIA-23DEC26-T81",
            "count": 1,
            "created_time": "2023-12-26T01:08:58.600267Z",
            "yes_price": 72,
            "no_price": 28,
            "taker_side": "yes"
        },
        {
            "trade_id": "51c227fc-aade-40af-b1e9-3c11ff030e52",
            "ticker": "HIGHMIA-23DEC26-T81",
            "count": 33,
            "created_time": "2023-12-26T01:08:58.600267Z",
            "yes_price": 68,
            "no_price": 32,
            "taker_side": "yes"
        },
        {
            "trade_id": "c2dafb4c-3de5-45a5-9e73-3904be87c38e",
            "ticker": "HIGHMIA-23DEC26-T81",
            "count": 35,
            "created_time": "2023-12-26T01:02:28.470346Z",
            "yes_price": 62,
            "no_price": 38,
            "taker_side": "no"
        },
        {
            "trade_id": "b995a20a-e07c-4166-8b6c-06ac4b7e76cf",
            "ticker": "HIGHMIA-23DEC26-T81",
            "count": 28,
            "created_time": "2023-12-26T01:02:15.142058Z",
            "yes_price": 63,
            "no_price": 37,
            "taker_side": "no"
        },
        {
            "trade_id": "838f152d-f9e9-4d0c-80b3-934f7a423794",
            "ticker": "HIGHMIA-23DEC26-T81",
            "count": 32,
            "created_time": "2023-12-25T23:38:28.764966Z",
            "yes_price": 64,
            "no_price": 36,
            "taker_side": "no"
        },
        {
            "trade_id": "f2732720-ae89-4bee-a784-d7c7b2565c39",
            "ticker": "HIGHMIA-23DEC26-T81",
            "count": 1,
            "created_time": "2023-12-25T23:37:43.744468Z",
            "yes_price": 64,
            "no_price": 36,
            "taker_side": "no"
        },
        {
            "trade_id": "7869416f-71e7-4708-83d5-a2a398de08b7",
            "ticker": "HIGHMIA-23DEC26-T81",
            "count": 19,
            "created_time": "2023-12-25T23:37:43.744468Z",
            "yes_price": 63,
            "no_price": 37,
            "taker_side": "no"
        },
        {
            "trade_id": "d83e2efc-8ea0-4fdb-be74-03f5a0c36faa",
            "ticker": "HIGHMIA-23DEC26-T81",
            "count": 80,
            "created_time": "2023-12-25T20:51:35.426822Z",
            "yes_price": 70,
            "no_price": 30,
            "taker_side": "yes"
        },
        {
            "trade_id": "1a3a2006-65bb-4456-8485-b733327ada7e",
            "ticker": "HIGHMIA-23DEC26-T81",
            "count": 16,
            "created_time": "2023-12-25T20:51:35.426822Z",
            "yes_price": 68,
            "no_price": 32,
            "taker_side": "yes"
        },
        {
            "trade_id": "1615c65d-92d3-4c40-b07a-e569fd0fd986",
            "ticker": "HIGHMIA-23DEC26-T81",
            "count": 83,
            "created_time": "2023-12-25T20:51:35.426822Z",
            "yes_price": 72,
            "no_price": 28,
            "taker_side": "yes"
        },
        {
            "trade_id": "6df6565c-e84a-4372-aa70-9ccedcd3f4f6",
            "ticker": "HIGHMIA-23DEC26-T81",
            "count": 20,
            "created_time": "2023-12-25T19:42:47.577544Z",
            "yes_price": 66,
            "no_price": 34,
            "taker_side": "yes"
        },
        {
            "trade_id": "ea6dc783-d421-4e29-a233-22b7e84d4c35",
            "ticker": "HIGHMIA-23DEC26-T81",
            "count": 30,
            "created_time": "2023-12-25T19:41:15.247194Z",
            "yes_price": 65,
            "no_price": 35,
            "taker_side": "yes"
        },
        {
            "trade_id": "f2a5127d-b583-43e1-9744-e1267da421b4",
            "ticker": "HIGHMIA-23DEC26-T81",
            "count": 101,
            "created_time": "2023-12-25T19:41:00.332777Z",
            "yes_price": 65,
            "no_price": 35,
            "taker_side": "yes"
        },
        {
            "trade_id": "aa7ddc24-24c7-46dc-9d7b-dcacf0a550ee",
            "ticker": "HIGHMIA-23DEC26-T81",
            "count": 101,
            "created_time": "2023-12-25T19:41:00.332777Z",
            "yes_price": 63,
            "no_price": 37,
            "taker_side": "yes"
        },
        {
            "trade_id": "7278f2cc-45d8-4f80-b16a-6a678db1efd6",
            "ticker": "HIGHMIA-23DEC26-T81",
            "count": 30,
            "created_time": "2023-12-25T19:41:00.332777Z",
            "yes_price": 60,
            "no_price": 40,
            "taker_side": "yes"
        },
        {
            "trade_id": "fc9976be-04a3-44e0-9770-c1148a4b11e0",
            "ticker": "HIGHMIA-23DEC26-T81",
            "count": 83,
            "created_time": "2023-12-25T19:30:39.050959Z",
            "yes_price": 55,
            "no_price": 45,
            "taker_side": "yes"
        },
        {
            "trade_id": "877a6adc-ecb3-4c7d-a208-6021cb4e19b5",
            "ticker": "HIGHMIA-23DEC26-T81",
            "count": 12,
            "created_time": "2023-12-25T19:30:39.050959Z",
            "yes_price": 53,
            "no_price": 47,
            "taker_side": "yes"
        },
        {
            "trade_id": "fc4607c3-7d2b-4bdb-80d1-78bb01c398a5",
            "ticker": "HIGHMIA-23DEC26-T81",
            "count": 41,
            "created_time": "2023-12-25T19:06:15.952659Z",
            "yes_price": 52,
            "no_price": 48,
            "taker_side": "yes"
        },
        {
            "trade_id": "c0961b6b-74c8-47e1-bbb2-805496ea31c1",
            "ticker": "HIGHMIA-23DEC26-T81",
            "count": 12,
            "created_time": "2023-12-25T19:06:15.952659Z",
            "yes_price": 47,
            "no_price": 53,
            "taker_side": "yes"
        },
        {
            "trade_id": "05739431-1066-4f99-9d2b-99f1148b1bb5",
            "ticker": "HIGHMIA-23DEC26-T81",
            "count": 41,
            "created_time": "2023-12-25T19:06:15.952659Z",
            "yes_price": 49,
            "no_price": 51,
            "taker_side": "yes"
        },
        {
            "trade_id": "99ecbe56-9e97-4dd4-b8a4-46174035c0f3",
            "ticker": "HIGHMIA-23DEC26-T81",
            "count": 62,
            "created_time": "2023-12-25T19:05:05.264654Z",
            "yes_price": 43,
            "no_price": 57,
            "taker_side": "yes"
        },
        {
            "trade_id": "56eae4bd-233c-487d-a71c-29d3e9439f36",
            "ticker": "HIGHMIA-23DEC26-T81",
            "count": 125,
            "created_time": "2023-12-25T19:05:05.264654Z",
            "yes_price": 47,
            "no_price": 53,
            "taker_side": "yes"
        },
        {
            "trade_id": "1d8a47c5-8799-429a-923c-32109e1a0b86",
            "ticker": "HIGHMIA-23DEC26-T81",
            "count": 125,
            "created_time": "2023-12-25T19:05:05.264654Z",
            "yes_price": 44,
            "no_price": 56,
            "taker_side": "yes"
        },
        {
            "trade_id": "b86f2e20-200f-4536-842d-5b189a255330",
            "ticker": "HIGHMIA-23DEC26-T81",
            "count": 1,
            "created_time": "2023-12-25T18:52:36.573977Z",
            "yes_price": 30,
            "no_price": 70,
            "taker_side": "yes"
        },
        {
            "trade_id": "3d1c313f-4c07-494d-b280-f30519b3de4c",
            "ticker": "HIGHMIA-23DEC26-T81",
            "count": 1,
            "created_time": "2023-12-25T16:53:14.170493Z",
            "yes_price": 15,
            "no_price": 85,
            "taker_side": "no"
        }
    ]
}