{
    "HIGHMIA-23DEC25-T73": [],
    "HIGHMIA-23DEC25-B73.5": [
        {
            "trade_id": "1a5bac18-cf25-4c27-881a-4d84ba41dbab",
            "ticker": "HIGHMIA-23DEC25-B73.5",
            "count": 6,
            "created_time": "2023-12-25T00:06:29.520353Z",
            "yes_price": 1,
            "no_price": 99,
            "taker_side": "no"
        },
        {
            "trade_id": "31281966-2cb8-4c38-af63-13f452d3f88e",
            "ticker": "HIGHMIA-23DEC25-B73.5",
            "count": 6,
            "created_time": "2023-12-24T17:39:10.486687Z",
            "yes_price": 15,
            "no_price": 85,
            "taker_side": "no"
        }
    ],
    "HIGHMIA-23DEC25-B75.5": [
        {
            "trade_id": "fc0a1d6b-12bb-429e-98cb-e3d39644bdc0",
            "ticker": "HIGHMIA-23DEC25-B75.5",
            "count": 20,
            "created_time": "2023-12-25T20:34:20.979648Z",
            "yes_price": 86,
            "no_price": 14,
            "taker_side": "yes"
        },
        {
            "trade_id": "9f58732f-ae9e-4ef4-b254-c37b832e3615",
            "ticker": "HIGHMIA-23DEC25-B75.5",
            "count": 2,
            "created_time": "2023-12-25T20:34:20.979648Z",
            "yes_price": 85,
            "no_price": 15,
            "taker_side": "yes"
        },
        {
            "trade_id": "1dd07c57-47fd-4fb1-8fc6-419ecf74cb1d",
            "ticker": "HIGHMIA-23DEC25-B75.5",
            "count": 1,
            "created_time": "2023-12-25T00:49:47.470195Z",
            "yes_price": 1,
            "no_price": 99,
            "taker_side": "yes"
        },
        {
            "trade_id": "9bfd4434-d50a-4a24-9805-79bdefd01d99",
            "ticker": "HIGHMIA-23DEC25-B75.5",
            "count": 107,
            "created_time": "2023-12-25T00:11:09.338873Z",
            "yes_price": 6,
            "no_price": 94,
            "taker_side": "no"
        },
        {
            "trade_id": "329e9c27-17d3-4fd1-bf2c-60f33c465163",
            "ticker": "HIGHMIA-23DEC25-B75.5",
            "count": 64,
            "created_time": "2023-12-25T00:11:09.338873Z",
            "yes_price": 7,
            "no_price": 93,
            "taker_side": "no"
        },
        {
            "trade_id": "e408c51b-993b-4144-b180-bd26f734c4c6",
            "ticker": "HIGHMIA-23DEC25-B75.5",
            "count": 110,
            "created_time": "2023-12-25T00:10:44.431935Z",
            "yes_price": 9,
            "no_price": 91,
            "taker_side": "no"
        },
        {
            "trade_id": "91ebca65-f0f1-418f-b16a-bbb8e38b0c08",
            "ticker": "HIGHMIA-23DEC25-B75.5",
            "count": 96,
            "created_time": "2023-12-25T00:10:44.431935Z",
            "yes_price": 10,
            "no_price": 90,
            "taker_side": "no"
        },
        {
            "trade_id": "8b70527e-31bf-469e-a7b2-1e3ec78663f4",
            "ticker": "HIGHMIA-23DEC25-B75.5",
            "count": 98,
            "created_time": "2023-12-25T00:10:44.431935Z",
            "yes_price": 8,
            "no_price": 92,
            "taker_side": "no"
        },
        {
            "trade_id": "c9729d2e-b03d-4fe7-9c85-b5ec943c2c90",
            "ticker": "HIGHMIA-23DEC25-B75.5",
            "count": 3,
            "created_time": "2023-12-24T23:57:38.452147Z",
            "yes_price": 15,
            "no_price": 85,
            "taker_side": "yes"
        },
        {
            "trade_id": "734b274b-3ecd-4bd9-84d7-e2869d052379",
            "ticker": "HIGHMIA-23DEC25-B75.5",
            "count": 1,
            "created_time": "2023-12-24T18:12:27.891684Z",
            "yes_price": 50,
            "no_price": 50,
            "taker_side": "no"
        },
        {
            "trade_id": "99f628a7-dc51-42f1-baaa-76a4198a2db7",
            "ticker": "HIGHMIA-23DEC25-B75.5",
            "count": 1,
            "created_time": "2023-12-24T17:40:12.094377Z",
            "yes_price": 68,
            "no_price": 32,
            "taker_side": "no"
        }
    ],
    "HIGHMIA-23DEC25-B77.5": [
        {
            "trade_id": "2da1d55d-ec0c-454d-9d1f-70dac2858003",
            "ticker": "HIGHMIA-23DEC25-B77.5",
            "count": 30,
            "created_time": "2023-12-25T13:21:52.915351Z",
            "yes_price": 29,
            "no_price": 71,
            "taker_side": "yes"
        },
        {
            "trade_id": "5216998c-879c-43ba-8db2-5a44f7da7cc3",
            "ticker": "HIGHMIA-23DEC25-B77.5",
            "count": 18,
            "created_time": "2023-12-25T02:46:05.045963Z",
            "yes_price": 27,
            "no_price": 73,
            "taker_side": "yes"
        },
        {
            "trade_id": "ca740232-6da0-4fcb-9b88-8e489b38f40b",
            "ticker": "HIGHMIA-23DEC25-B77.5",
            "count": 7,
            "created_time": "2023-12-25T02:34:53.291846Z",
            "yes_price": 27,
            "no_price": 73,
            "taker_side": "yes"
        },
        {
            "trade_id": "861794e0-9b64-4a71-9ed9-665c0f9f3fd3",
            "ticker": "HIGHMIA-23DEC25-B77.5",
            "count": 19,
            "created_time": "2023-12-25T01:02:54.607832Z",
            "yes_price": 25,
            "no_price": 75,
            "taker_side": "yes"
        },
        {
            "trade_id": "aa6178ac-ed8d-4866-b712-44901748603c",
            "ticker": "HIGHMIA-23DEC25-B77.5",
            "count": 50,
            "created_time": "2023-12-25T00:33:18.456351Z",
            "yes_price": 25,
            "no_price": 75,
            "taker_side": "no"
        },
        {
            "trade_id": "8eb2df70-369d-4781-b375-c5ea674f7c6e",
            "ticker": "HIGHMIA-23DEC25-B77.5",
            "count": 32,
            "created_time": "2023-12-25T00:33:10.400541Z",
            "yes_price": 24,
            "no_price": 76,
            "taker_side": "yes"
        },
        {
            "trade_id": "7177a60c-6d2d-4341-aade-84c3ea64c114",
            "ticker": "HIGHMIA-23DEC25-B77.5",
            "count": 1,
            "created_time": "2023-12-25T00:33:10.400541Z",
            "yes_price": 24,
            "no_price": 76,
            "taker_side": "yes"
        },
        {
            "trade_id": "b16aa6f0-f816-40c1-82fb-5f6f9ed3c5c3",
            "ticker": "HIGHMIA-23DEC25-B77.5",
            "count": 4,
            "created_time": "2023-12-25T00:30:30.233872Z",
            "yes_price": 23,
            "no_price": 77,
            "taker_side": "yes"
        },
        {
            "trade_id": "31107aaa-41ac-4f04-8b3c-66fdafcdbc71",
            "ticker": "HIGHMIA-23DEC25-B77.5",
            "count": 5,
            "created_time": "2023-12-25T00:29:07.376351Z",
            "yes_price": 24,
            "no_price": 76,
            "taker_side": "yes"
        },
        {
            "trade_id": "191f46b9-fed0-4e89-bc3b-4ef3d8a0cd2b",
            "ticker": "HIGHMIA-23DEC25-B77.5",
            "count": 1,
            "created_time": "2023-12-25T00:26:19.974207Z",
            "yes_price": 31,
            "no_price": 69,
            "taker_side": "yes"
        },
        {
            "trade_id": "1163b09f-cd5d-4e47-a6f7-9db88138cf5c",
            "ticker": "HIGHMIA-23DEC25-B77.5",
            "count": 65,
            "created_time": "2023-12-25T00:18:46.11535Z",
            "yes_price": 25,
            "no_price": 75,
            "taker_side": "no"
        },
        {
            "trade_id": "d6f56c5a-0c9b-4089-ab91-9b70b581cce7",
            "ticker": "HIGHMIA-23DEC25-B77.5",
            "count": 53,
            "created_time": "2023-12-25T00:11:03.539874Z",
            "yes_price": 30,
            "no_price": 70,
            "taker_side": "no"
        },
        {
            "trade_id": "883818f1-16ca-4bdc-b7df-473b05a38360",
            "ticker": "HIGHMIA-23DEC25-B77.5",
            "count": 107,
            "created_time": "2023-12-25T00:11:03.539874Z",
            "yes_price": 26,
            "no_price": 74,
            "taker_side": "no"
        },
        {
            "trade_id": "781901eb-85ae-4442-a004-159a9acfb2f9",
            "ticker": "HIGHMIA-23DEC25-B77.5",
            "count": 107,
            "created_time": "2023-12-25T00:11:03.539874Z",
            "yes_price": 28,
            "no_price": 72,
            "taker_side": "no"
        },
        {
            "trade_id": "d64b39ba-b0d0-4767-95f4-f5461e87e03f",
            "ticker": "HIGHMIA-23DEC25-B77.5",
            "count": 64,
            "created_time": "2023-12-25T00:10:38.932888Z",
            "yes_price": 37,
            "no_price": 63,
            "taker_side": "no"
        },
        {
            "trade_id": "ccd2b991-410a-45d6-87b2-34c4c248ffb2",
            "ticker": "HIGHMIA-23DEC25-B77.5",
            "count": 110,
            "created_time": "2023-12-25T00:10:38.932888Z",
            "yes_price": 35,
            "no_price": 65,
            "taker_side": "no"
        },
        {
            "trade_id": "bb3530de-c095-4344-9564-5b52dfde5eab",
            "ticker": "HIGHMIA-23DEC25-B77.5",
            "count": 110,
            "created_time": "2023-12-25T00:10:38.932888Z",
            "yes_price": 33,
            "no_price": 67,
            "taker_side": "no"
        },
        {
            "trade_id": "2359c26f-9692-4a44-92d3-8a4764819706",
            "ticker": "HIGHMIA-23DEC25-B77.5",
            "count": 1,
            "created_time": "2023-12-25T00:10:38.932888Z",
            "yes_price": 38,
            "no_price": 62,
            "taker_side": "no"
        },
        {
            "trade_id": "a9ea6134-2835-4208-8eaf-356dd2f1f24d",
            "ticker": "HIGHMIA-23DEC25-B77.5",
            "count": 1,
            "created_time": "2023-12-24T23:57:26.85893Z",
            "yes_price": 44,
            "no_price": 56,
            "taker_side": "yes"
        },
        {
            "trade_id": "b372d707-73ed-4e11-b9c2-95d0e4d88a18",
            "ticker": "HIGHMIA-23DEC25-B77.5",
            "count": 14,
            "created_time": "2023-12-24T22:31:41.741336Z",
            "yes_price": 43,
            "no_price": 57,
            "taker_side": "no"
        },
        {
            "trade_id": "6a382a7d-e7e8-457c-9c54-066da91d54ff",
            "ticker": "HIGHMIA-23DEC25-B77.5",
            "count": 1,
            "created_time": "2023-12-24T22:31:41.741336Z",
            "yes_price": 43,
            "no_price": 57,
            "taker_side": "no"
        },
        {
            "trade_id": "f7c671b8-de46-4212-989a-85aa91f5aa5a",
            "ticker": "HIGHMIA-23DEC25-B77.5",
            "count": 11,
            "created_time": "2023-12-24T20:43:54.434793Z",
            "yes_price": 43,
            "no_price": 57,
            "taker_side": "yes"
        },
        {
            "trade_id": "08193fb8-7680-443c-a460-2ab7fcdfc239",
            "ticker": "HIGHMIA-23DEC25-B77.5",
            "count": 1,
            "created_time": "2023-12-24T19:48:32.755934Z",
            "yes_price": 43,
            "no_price": 57,
            "taker_side": "yes"
        }
    ],
    "HIGHMIA-23DEC25-B79.5": [
        {
            "trade_id": "36dd93b7-d112-4439-9958-41d05ec4ebb9",
            "ticker": "HIGHMIA-23DEC25-B79.5",
            "count": 1,
            "created_time": "2023-12-26T04:49:06.636654Z",
            "yes_price": 24,
            "no_price": 76,
            "taker_side": "yes"
        },
        {
            "trade_id": "05a7090f-6b64-462e-babe-b2f4caabb023",
            "ticker": "HIGHMIA-23DEC25-B79.5",
            "count": 1,
            "created_time": "2023-12-26T04:47:54.968062Z",
            "yes_price": 2,
            "no_price": 98,
            "taker_side": "yes"
        },
        {
            "trade_id": "de94dfdf-459d-406c-b862-6574dc4877c2",
            "ticker": "HIGHMIA-23DEC25-B79.5",
            "count": 1,
            "created_time": "2023-12-25T18:00:14.321049Z",
            "yes_price": 60,
            "no_price": 40,
            "taker_side": "no"
        },
        {
            "trade_id": "85249373-b39e-470a-94e8-4a1876ab7d22",
            "ticker": "HIGHMIA-23DEC25-B79.5",
            "count": 69,
            "created_time": "2023-12-25T18:00:14.321049Z",
            "yes_price": 59,
            "no_price": 41,
            "taker_side": "no"
        },
        {
            "trade_id": "a90d28ea-3c73-47b2-ba66-4573bce69942",
            "ticker": "HIGHMIA-23DEC25-B79.5",
            "count": 52,
            "created_time": "2023-12-25T00:57:39.124899Z",
            "yes_price": 60,
            "no_price": 40,
            "taker_side": "yes"
        },
        {
            "trade_id": "585d2733-e2f9-4b96-97d2-eae4d6f17dd5",
            "ticker": "HIGHMIA-23DEC25-B79.5",
            "count": 16,
            "created_time": "2023-12-25T00:29:44.025095Z",
            "yes_price": 60,
            "no_price": 40,
            "taker_side": "yes"
        },
        {
            "trade_id": "22c4ce9a-615e-4f61-9457-4211a4dbfc81",
            "ticker": "HIGHMIA-23DEC25-B79.5",
            "count": 10,
            "created_time": "2023-12-25T00:29:11.816213Z",
            "yes_price": 59,
            "no_price": 41,
            "taker_side": "yes"
        },
        {
            "trade_id": "f99837bb-937e-4573-bc74-ff7975442ab9",
            "ticker": "HIGHMIA-23DEC25-B79.5",
            "count": 21,
            "created_time": "2023-12-25T00:29:02.689745Z",
            "yes_price": 60,
            "no_price": 40,
            "taker_side": "yes"
        },
        {
            "trade_id": "ca6e73ed-2446-455f-9cf6-3cf7722637dc",
            "ticker": "HIGHMIA-23DEC25-B79.5",
            "count": 26,
            "created_time": "2023-12-25T00:28:45.605532Z",
            "yes_price": 59,
            "no_price": 41,
            "taker_side": "yes"
        },
        {
            "trade_id": "0bd27b33-f506-4018-9334-e8585aa4914c",
            "ticker": "HIGHMIA-23DEC25-B79.5",
            "count": 2,
            "created_time": "2023-12-25T00:28:35.80897Z",
            "yes_price": 58,
            "no_price": 42,
            "taker_side": "yes"
        },
        {
            "trade_id": "a80bf483-6dd6-4eb7-b546-6e71e47c79b7",
            "ticker": "HIGHMIA-23DEC25-B79.5",
            "count": 19,
            "created_time": "2023-12-25T00:28:26.572694Z",
            "yes_price": 58,
            "no_price": 42,
            "taker_side": "yes"
        },
        {
            "trade_id": "f77796ce-7d72-41cc-b2fa-4d4324698fa5",
            "ticker": "HIGHMIA-23DEC25-B79.5",
            "count": 15,
            "created_time": "2023-12-25T00:28:11.145005Z",
            "yes_price": 58,
            "no_price": 42,
            "taker_side": "yes"
        },
        {
            "trade_id": "1d19b9c5-57bb-4b20-90aa-e35727862484",
            "ticker": "HIGHMIA-23DEC25-B79.5",
            "count": 39,
            "created_time": "2023-12-25T00:28:03.817617Z",
            "yes_price": 58,
            "no_price": 42,
            "taker_side": "yes"
        },
        {
            "trade_id": "98a0d269-bfe3-4d03-b883-d0b16faddea1",
            "ticker": "HIGHMIA-23DEC25-B79.5",
            "count": 39,
            "created_time": "2023-12-25T00:27:34.881985Z",
            "yes_price": 57,
            "no_price": 43,
            "taker_side": "yes"
        },
        {
            "trade_id": "6f5e0c34-4b36-4610-9e8d-44fc4023f7fc",
            "ticker": "HIGHMIA-23DEC25-B79.5",
            "count": 39,
            "created_time": "2023-12-25T00:27:34.881985Z",
            "yes_price": 55,
            "no_price": 45,
            "taker_side": "yes"
        },
        {
            "trade_id": "c2c8794c-9838-4e7f-995c-c24ab5ec51ae",
            "ticker": "HIGHMIA-23DEC25-B79.5",
            "count": 13,
            "created_time": "2023-12-25T00:20:06.155118Z",
            "yes_price": 51,
            "no_price": 49,
            "taker_side": "yes"
        },
        {
            "trade_id": "75a3e161-0fb8-41d3-ad56-b1f4775ffa67",
            "ticker": "HIGHMIA-23DEC25-B79.5",
            "count": 38,
            "created_time": "2023-12-25T00:19:16.353261Z",
            "yes_price": 46,
            "no_price": 54,
            "taker_side": "yes"
        },
        {
            "trade_id": "839aee82-42ab-4b84-96a5-9709006d75ec",
            "ticker": "HIGHMIA-23DEC25-B79.5",
            "count": 32,
            "created_time": "2023-12-25T00:19:06.941163Z",
            "yes_price": 46,
            "no_price": 54,
            "taker_side": "no"
        },
        {
            "trade_id": "79a3292a-a6dc-4ae4-852b-07801c2ede65",
            "ticker": "HIGHMIA-23DEC25-B79.5",
            "count": 32,
            "created_time": "2023-12-25T00:10:56.797524Z",
            "yes_price": 45,
            "no_price": 55,
            "taker_side": "yes"
        },
        {
            "trade_id": "07d74648-a132-4923-b99c-46b58065c6e8",
            "ticker": "HIGHMIA-23DEC25-B79.5",
            "count": 107,
            "created_time": "2023-12-25T00:10:56.797524Z",
            "yes_price": 48,
            "no_price": 52,
            "taker_side": "yes"
        },
        {
            "trade_id": "051c3359-a631-40c0-958b-b0f06c7747df",
            "ticker": "HIGHMIA-23DEC25-B79.5",
            "count": 107,
            "created_time": "2023-12-25T00:10:56.797524Z",
            "yes_price": 50,
            "no_price": 50,
            "taker_side": "yes"
        },
        {
            "trade_id": "97f3d499-5aa2-4acb-8403-5bd328adf754",
            "ticker": "HIGHMIA-23DEC25-B79.5",
            "count": 43,
            "created_time": "2023-12-25T00:10:35.475485Z",
            "yes_price": 39,
            "no_price": 61,
            "taker_side": "yes"
        },
        {
            "trade_id": "6e81f8f1-0f81-436a-8985-f600cba4b886",
            "ticker": "HIGHMIA-23DEC25-B79.5",
            "count": 107,
            "created_time": "2023-12-25T00:10:35.475485Z",
            "yes_price": 41,
            "no_price": 59,
            "taker_side": "yes"
        },
        {
            "trade_id": "67b0f88e-c948-4722-b473-80a7f0335328",
            "ticker": "HIGHMIA-23DEC25-B79.5",
            "count": 108,
            "created_time": "2023-12-25T00:10:35.475485Z",
            "yes_price": 44,
            "no_price": 56,
            "taker_side": "yes"
        },
        {
            "trade_id": "4363431f-38f2-4c61-b509-7f0a70148640",
            "ticker": "HIGHMIA-23DEC25-B79.5",
            "count": 10,
            "created_time": "2023-12-24T23:23:00.271912Z",
            "yes_price": 33,
            "no_price": 67,
            "taker_side": "no"
        },
        {
            "trade_id": "b6b45b01-21af-405f-890d-44defde32161",
            "ticker": "HIGHMIA-23DEC25-B79.5",
            "count": 55,
            "created_time": "2023-12-24T22:31:36.044283Z",
            "yes_price": 37,
            "no_price": 63,
            "taker_side": "yes"
        },
        {
            "trade_id": "6fd62a2e-4244-4cfa-af1d-a500f96be914",
            "ticker": "HIGHMIA-23DEC25-B79.5",
            "count": 33,
            "created_time": "2023-12-24T22:28:59.329651Z",
            "yes_price": 36,
            "no_price": 64,
            "taker_side": "yes"
        },
        {
            "trade_id": "9873cb3b-8a66-402a-acea-e6e18398f7f4",
            "ticker": "HIGHMIA-23DEC25-B79.5",
            "count": 66,
            "created_time": "2023-12-24T22:28:27.443696Z",
            "yes_price": 36,
            "no_price": 64,
            "taker_side": "yes"
        },
        {
            "trade_id": "6a23a52d-6249-4aca-9e7e-f724ad97029a",
            "ticker": "HIGHMIA-23DEC25-B79.5",
            "count": 1,
            "created_time": "2023-12-24T22:28:27.443696Z",
            "yes_price": 36,
            "no_price": 64,
            "taker_side": "yes"
        },
        {
            "trade_id": "18609b7a-84db-4d43-9d66-52a6910749ca",
            "ticker": "HIGHMIA-23DEC25-B79.5",
            "count": 44,
            "created_time": "2023-12-24T22:28:16.654848Z",
            "yes_price": 35,
            "no_price": 65,
            "taker_side": "yes"
        },
        {
            "trade_id": "b0da567b-8061-4008-baba-935bb9a79da2",
            "ticker": "HIGHMIA-23DEC25-B79.5",
            "count": 1,
            "created_time": "2023-12-24T20:05:13.645117Z",
            "yes_price": 29,
            "no_price": 71,
            "taker_side": "no"
        },
        {
            "trade_id": "b01217ac-86db-42f1-b98f-cd9883a4b544",
            "ticker": "HIGHMIA-23DEC25-B79.5",
            "count": 58,
            "created_time": "2023-12-24T19:22:04.788056Z",
            "yes_price": 30,
            "no_price": 70,
            "taker_side": "no"
        },
        {
            "trade_id": "ad1a2d8c-6e45-4e2c-b253-e67e65665bcc",
            "ticker": "HIGHMIA-23DEC25-B79.5",
            "count": 41,
            "created_time": "2023-12-24T18:38:23.259195Z",
            "yes_price": 31,
            "no_price": 69,
            "taker_side": "no"
        },
        {
            "trade_id": "abd0eeff-bc84-4c64-9e2d-b4d4e072b98d",
            "ticker": "HIGHMIA-23DEC25-B79.5",
            "count": 11,
            "created_time": "2023-12-24T18:20:24.819776Z",
            "yes_price": 31,
            "no_price": 69,
            "taker_side": "no"
        },
        {
            "trade_id": "0d8d9d0b-f1a8-4c3d-9e0f-222a4df7de85",
            "ticker": "HIGHMIA-23DEC25-B79.5",
            "count": 10,
            "created_time": "2023-12-24T18:20:15.509464Z",
            "yes_price": 31,
            "no_price": 69,
            "taker_side": "no"
        },
        {
            "trade_id": "fa69f2b8-1968-4d68-926f-625da2c4742d",
            "ticker": "HIGHMIA-23DEC25-B79.5",
            "count": 1,
            "created_time": "2023-12-24T18:12:28.009368Z",
            "yes_price": 19,
            "no_price": 81,
            "taker_side": "yes"
        },
        {
            "trade_id": "3e0474e6-5094-479e-bf4c-a9a9fc6e5b80",
            "ticker": "HIGHMIA-23DEC25-B79.5",
            "count": 10,
            "created_time": "2023-12-24T18:12:28.009368Z",
            "yes_price": 20,
            "no_price": 80,
            "taker_side": "yes"
        }
    ],
    "HIGHMIA-23DEC25-T80": [
        {
            "trade_id": "b57d8481-cd0d-49ef-8b1a-a721059c29a4",
            "ticker": "HIGHMIA-23DEC25-T80",
            "count": 70,
            "created_time": "2023-12-25T02:23:23.711334Z",
            "yes_price": 10,
            "no_price": 90,
            "taker_side": "no"
        },
        {
            "trade_id": "ca2d6e5a-b79e-4352-944b-9aa8df122229",
            "ticker": "HIGHMIA-23DEC25-T80",
            "count": 30,
            "created_time": "2023-12-25T00:57:51.941328Z",
            "yes_price": 12,
            "no_price": 88,
            "taker_side": "no"
        },
        {
            "trade_id": "da7ce9c6-9bcf-40a8-8db7-783f3acf0a63",
            "ticker": "HIGHMIA-23DEC25-T80",
            "count": 42,
            "created_time": "2023-12-25T00:57:43.572009Z",
            "yes_price": 19,
            "no_price": 81,
            "taker_side": "yes"
        },
        {
            "trade_id": "c0a219b7-d3e1-49c7-9451-2d6bd897a1dd",
            "ticker": "HIGHMIA-23DEC25-T80",
            "count": 15,
            "created_time": "2023-12-25T00:32:02.756874Z",
            "yes_price": 13,
            "no_price": 87,
            "taker_side": "no"
        },
        {
            "trade_id": "8cee5fac-b180-43f0-a0d1-97a1e83047f5",
            "ticker": "HIGHMIA-23DEC25-T80",
            "count": 20,
            "created_time": "2023-12-25T00:31:46.091435Z",
            "yes_price": 13,
            "no_price": 87,
            "taker_side": "no"
        },
        {
            "trade_id": "73ea0bc5-5f17-494d-836b-224c0e54d821",
            "ticker": "HIGHMIA-23DEC25-T80",
            "count": 10,
            "created_time": "2023-12-25T00:30:33.478681Z",
            "yes_price": 15,
            "no_price": 85,
            "taker_side": "yes"
        },
        {
            "trade_id": "cefa1bdd-a37e-4193-b4de-81cf2de009e7",
            "ticker": "HIGHMIA-23DEC25-T80",
            "count": 32,
            "created_time": "2023-12-25T00:29:31.857544Z",
            "yes_price": 20,
            "no_price": 80,
            "taker_side": "yes"
        },
        {
            "trade_id": "2de3159b-7132-4283-8e39-9f58269199c0",
            "ticker": "HIGHMIA-23DEC25-T80",
            "count": 26,
            "created_time": "2023-12-25T00:28:57.332463Z",
            "yes_price": 20,
            "no_price": 80,
            "taker_side": "yes"
        },
        {
            "trade_id": "431f4d16-cf49-4080-b905-9114dac25d58",
            "ticker": "HIGHMIA-23DEC25-T80",
            "count": 27,
            "created_time": "2023-12-25T00:27:57.366366Z",
            "yes_price": 20,
            "no_price": 80,
            "taker_side": "yes"
        },
        {
            "trade_id": "0960d9e0-497c-4ba5-935c-40567e730513",
            "ticker": "HIGHMIA-23DEC25-T80",
            "count": 31,
            "created_time": "2023-12-25T00:27:41.773257Z",
            "yes_price": 19,
            "no_price": 81,
            "taker_side": "yes"
        },
        {
            "trade_id": "051780e9-c76e-44ed-9bcd-65acc33ef83c",
            "ticker": "HIGHMIA-23DEC25-T80",
            "count": 39,
            "created_time": "2023-12-25T00:27:41.773257Z",
            "yes_price": 21,
            "no_price": 79,
            "taker_side": "yes"
        },
        {
            "trade_id": "e34e60f3-84a9-40c4-b80d-b653bb259cfe",
            "ticker": "HIGHMIA-23DEC25-T80",
            "count": 65,
            "created_time": "2023-12-25T00:19:26.510793Z",
            "yes_price": 19,
            "no_price": 81,
            "taker_side": "yes"
        },
        {
            "trade_id": "0e2dbd27-0d8c-4a46-9b81-9676a0a1db38",
            "ticker": "HIGHMIA-23DEC25-T80",
            "count": 39,
            "created_time": "2023-12-25T00:19:26.510793Z",
            "yes_price": 17,
            "no_price": 83,
            "taker_side": "yes"
        },
        {
            "trade_id": "2728788c-8cbb-4428-8c72-d50fe75d7bcb",
            "ticker": "HIGHMIA-23DEC25-T80",
            "count": 13,
            "created_time": "2023-12-25T00:19:03.986926Z",
            "yes_price": 16,
            "no_price": 84,
            "taker_side": "yes"
        },
        {
            "trade_id": "da4c3ab5-2394-46db-a0ba-55ec7f07dfba",
            "ticker": "HIGHMIA-23DEC25-T80",
            "count": 65,
            "created_time": "2023-12-25T00:18:37.751061Z",
            "yes_price": 15,
            "no_price": 85,
            "taker_side": "yes"
        },
        {
            "trade_id": "c3683f1c-536d-43e9-855c-6a4a239eec50",
            "ticker": "HIGHMIA-23DEC25-T80",
            "count": 65,
            "created_time": "2023-12-25T00:18:37.751061Z",
            "yes_price": 16,
            "no_price": 84,
            "taker_side": "yes"
        },
        {
            "trade_id": "60027322-4751-498e-8d23-70f688f8e9a6",
            "ticker": "HIGHMIA-23DEC25-T80",
            "count": 52,
            "created_time": "2023-12-25T00:18:37.751061Z",
            "yes_price": 13,
            "no_price": 87,
            "taker_side": "yes"
        },
        {
            "trade_id": "2305a9c6-65f2-416e-b42c-daebd33a5402",
            "ticker": "HIGHMIA-23DEC25-T80",
            "count": 1,
            "created_time": "2023-12-25T00:18:37.751061Z",
            "yes_price": 12,
            "no_price": 88,
            "taker_side": "yes"
        },
        {
            "trade_id": "69368519-19fe-4feb-8a8d-74d1ad61af00",
            "ticker": "HIGHMIA-23DEC25-T80",
            "count": 10,
            "created_time": "2023-12-24T18:28:41.31893Z",
            "yes_price": 11,
            "no_price": 89,
            "taker_side": "no"
        },
        {
            "trade_id": "27ff9142-2f98-4637-84cf-c4ace0189699",
            "ticker": "HIGHMIA-23DEC25-T80",
            "count": 45,
            "created_time": "2023-12-24T18:22:09.541382Z",
            "yes_price": 11,
            "no_price": 89,
            "taker_side": "no"
        }
    ]
}