{
    "HIGHMIA-23DEC31-T66": [],
    "HIGHMIA-23DEC31-B66.5": [],
    "HIGHMIA-23DEC31-B68.5": [],
    "HIGHMIA-23DEC31-B70.5": [
        {
            "trade_id": "7f1df0da-473c-4fb7-8390-065651379354",
            "ticker": "HIGHMIA-23DEC31-B70.5",
            "count": 14,
            "created_time": "2023-12-31T19:35:24.295012Z",
            "yes_price": 93,
            "no_price": 7,
            "taker_side": "yes"
        },
        {
            "trade_id": "67f139e9-8c29-44fd-a4ff-01acb2219081",
            "ticker": "HIGHMIA-23DEC31-B70.5",
            "count": 25,
            "created_time": "2023-12-30T23:20:34.622647Z",
            "yes_price": 38,
            "no_price": 62,
            "taker_side": "yes"
        },
        {
            "trade_id": "654f7952-a084-4e5c-8151-f425bbe859d6",
            "ticker": "HIGHMIA-23DEC31-B70.5",
            "count": 125,
            "created_time": "2023-12-30T23:20:34.622647Z",
            "yes_price": 40,
            "no_price": 60,
            "taker_side": "yes"
        },
        {
            "trade_id": "9f4024ba-8ada-4b82-9512-fdd2e1c6ae96",
            "ticker": "HIGHMIA-23DEC31-B70.5",
            "count": 125,
            "created_time": "2023-12-30T23:06:32.470844Z",
            "yes_price": 38,
            "no_price": 62,
            "taker_side": "yes"
        },
        {
            "trade_id": "7daf2eb8-a978-4c80-ad62-acb71b3a630b",
            "ticker": "HIGHMIA-23DEC31-B70.5",
            "count": 1,
            "created_time": "2023-12-30T23:06:32.470844Z",
            "yes_price": 37,
            "no_price": 63,
            "taker_side": "yes"
        },
        {
            "trade_id": "4758dbad-0506-4932-b0d8-9b259bca2f4d",
            "ticker": "HIGHMIA-23DEC31-B70.5",
            "count": 50,
            "created_time": "2023-12-30T23:06:32.470844Z",
            "yes_price": 36,
            "no_price": 64,
            "taker_side": "yes"
        },
        {
            "trade_id": "adc712ca-111c-4592-a39e-b2b1dfb3de89",
            "ticker": "HIGHMIA-23DEC31-B70.5",
            "count": 1,
            "created_time": "2023-12-30T22:31:07.368232Z",
            "yes_price": 32,
            "no_price": 68,
            "taker_side": "no"
        },
        {
            "trade_id": "f37f01e5-2560-4150-a347-3f88bfe1b230",
            "ticker": "HIGHMIA-23DEC31-B70.5",
            "count": 75,
            "created_time": "2023-12-30T17:32:33.752275Z",
            "yes_price": 39,
            "no_price": 61,
            "taker_side": "yes"
        },
        {
            "trade_id": "06b68afd-6f63-43ae-898a-e207a6c10021",
            "ticker": "HIGHMIA-23DEC31-B70.5",
            "count": 15,
            "created_time": "2023-12-30T17:32:33.752275Z",
            "yes_price": 37,
            "no_price": 63,
            "taker_side": "yes"
        },
        {
            "trade_id": "b4c6031f-08a1-45a7-875a-d7f29ab3c662",
            "ticker": "HIGHMIA-23DEC31-B70.5",
            "count": 22,
            "created_time": "2023-12-30T17:31:28.27608Z",
            "yes_price": 36,
            "no_price": 64,
            "taker_side": "yes"
        },
        {
            "trade_id": "a8a07e24-cfb3-4444-a5eb-5db1880d4a05",
            "ticker": "HIGHMIA-23DEC31-B70.5",
            "count": 75,
            "created_time": "2023-12-30T17:31:28.27608Z",
            "yes_price": 38,
            "no_price": 62,
            "taker_side": "yes"
        },
        {
            "trade_id": "63a8b99c-dd69-4770-8144-9ffa61e4db58",
            "ticker": "HIGHMIA-23DEC31-B70.5",
            "count": 30,
            "created_time": "2023-12-30T17:30:47.009886Z",
            "yes_price": 35,
            "no_price": 65,
            "taker_side": "yes"
        },
        {
            "trade_id": "3e13535f-97f2-44b2-9b4e-fa82a7a2c704",
            "ticker": "HIGHMIA-23DEC31-B70.5",
            "count": 67,
            "created_time": "2023-12-30T17:30:47.009886Z",
            "yes_price": 37,
            "no_price": 63,
            "taker_side": "yes"
        },
        {
            "trade_id": "6a8fea72-2f94-4518-8fdd-7415460c919c",
            "ticker": "HIGHMIA-23DEC31-B70.5",
            "count": 37,
            "created_time": "2023-12-30T17:19:59.821507Z",
            "yes_price": 31,
            "no_price": 69,
            "taker_side": "yes"
        },
        {
            "trade_id": "402cc10b-9777-4a2f-ace6-8390325e812e",
            "ticker": "HIGHMIA-23DEC31-B70.5",
            "count": 125,
            "created_time": "2023-12-30T17:19:59.821507Z",
            "yes_price": 33,
            "no_price": 67,
            "taker_side": "yes"
        },
        {
            "trade_id": "2cbc136f-ecb7-41a1-9e0d-3c17045a1a49",
            "ticker": "HIGHMIA-23DEC31-B70.5",
            "count": 125,
            "created_time": "2023-12-30T17:19:59.821507Z",
            "yes_price": 35,
            "no_price": 65,
            "taker_side": "yes"
        }
    ],
    "HIGHMIA-23DEC31-B72.5": [
        {
            "trade_id": "1584a6ff-39a7-47c5-a86c-d790d2e98884",
            "ticker": "HIGHMIA-23DEC31-B72.5",
            "count": 2,
            "created_time": "2023-12-31T21:13:10.466451Z",
            "yes_price": 39,
            "no_price": 61,
            "taker_side": "no"
        },
        {
            "trade_id": "f29398b6-04a7-4f60-989a-d6ee9270fd50",
            "ticker": "HIGHMIA-23DEC31-B72.5",
            "count": 20,
            "created_time": "2023-12-31T15:55:42.967002Z",
            "yes_price": 34,
            "no_price": 66,
            "taker_side": "yes"
        },
        {
            "trade_id": "bb54c29a-d38c-480b-8736-21ecf757281a",
            "ticker": "HIGHMIA-23DEC31-B72.5",
            "count": 68,
            "created_time": "2023-12-31T15:55:42.967002Z",
            "yes_price": 38,
            "no_price": 62,
            "taker_side": "yes"
        },
        {
            "trade_id": "7bf19a35-5e0d-425b-b8fd-8c414d24d46a",
            "ticker": "HIGHMIA-23DEC31-B72.5",
            "count": 68,
            "created_time": "2023-12-31T15:55:42.967002Z",
            "yes_price": 36,
            "no_price": 64,
            "taker_side": "yes"
        },
        {
            "trade_id": "32f1db9b-4ec9-403b-ac86-52824071fa98",
            "ticker": "HIGHMIA-23DEC31-B72.5",
            "count": 1,
            "created_time": "2023-12-31T15:12:29.866972Z",
            "yes_price": 43,
            "no_price": 57,
            "taker_side": "no"
        },
        {
            "trade_id": "a592c577-370c-4617-b5a6-00d8677e53c2",
            "ticker": "HIGHMIA-23DEC31-B72.5",
            "count": 57,
            "created_time": "2023-12-31T02:49:20.316045Z",
            "yes_price": 46,
            "no_price": 54,
            "taker_side": "yes"
        },
        {
            "trade_id": "b2c20a6e-d47b-489c-83f5-74fc59e8f534",
            "ticker": "HIGHMIA-23DEC31-B72.5",
            "count": 57,
            "created_time": "2023-12-31T02:49:06.977897Z",
            "yes_price": 45,
            "no_price": 55,
            "taker_side": "yes"
        },
        {
            "trade_id": "b4fbccc8-a04c-4514-93dd-6d139b1f6bbc",
            "ticker": "HIGHMIA-23DEC31-B72.5",
            "count": 23,
            "created_time": "2023-12-31T02:48:34.24137Z",
            "yes_price": 44,
            "no_price": 56,
            "taker_side": "yes"
        },
        {
            "trade_id": "d067f8c2-0b75-4705-b66d-3ec1eb20a0d9",
            "ticker": "HIGHMIA-23DEC31-B72.5",
            "count": 23,
            "created_time": "2023-12-31T02:48:17.672892Z",
            "yes_price": 44,
            "no_price": 56,
            "taker_side": "yes"
        },
        {
            "trade_id": "86c646c8-9031-4087-8585-c0be3a2ce4a0",
            "ticker": "HIGHMIA-23DEC31-B72.5",
            "count": 37,
            "created_time": "2023-12-30T23:06:52.10933Z",
            "yes_price": 45,
            "no_price": 55,
            "taker_side": "yes"
        },
        {
            "trade_id": "8b5606b0-62f2-4ba3-9670-59ac5ec1877c",
            "ticker": "HIGHMIA-23DEC31-B72.5",
            "count": 62,
            "created_time": "2023-12-30T23:06:23.414272Z",
            "yes_price": 44,
            "no_price": 56,
            "taker_side": "yes"
        },
        {
            "trade_id": "6ce45ea4-7c66-4b18-b277-a0dec533eeb4",
            "ticker": "HIGHMIA-23DEC31-B72.5",
            "count": 1,
            "created_time": "2023-12-30T23:06:23.414272Z",
            "yes_price": 43,
            "no_price": 57,
            "taker_side": "yes"
        },
        {
            "trade_id": "212cbe87-6c21-42a8-80d6-2f232e81ec26",
            "ticker": "HIGHMIA-23DEC31-B72.5",
            "count": 125,
            "created_time": "2023-12-30T23:06:23.414272Z",
            "yes_price": 46,
            "no_price": 54,
            "taker_side": "yes"
        },
        {
            "trade_id": "d258c0c4-c9d3-4ddf-94ce-85574b93c99b",
            "ticker": "HIGHMIA-23DEC31-B72.5",
            "count": 1,
            "created_time": "2023-12-30T22:31:07.823055Z",
            "yes_price": 38,
            "no_price": 62,
            "taker_side": "no"
        },
        {
            "trade_id": "249a40e1-f4e0-4e01-b3ef-470549f6516b",
            "ticker": "HIGHMIA-23DEC31-B72.5",
            "count": 75,
            "created_time": "2023-12-30T17:32:13.218555Z",
            "yes_price": 45,
            "no_price": 55,
            "taker_side": "yes"
        },
        {
            "trade_id": "1bbc75ad-d96b-4da6-8a59-b77fc905ca71",
            "ticker": "HIGHMIA-23DEC31-B72.5",
            "count": 15,
            "created_time": "2023-12-30T17:32:13.218555Z",
            "yes_price": 44,
            "no_price": 56,
            "taker_side": "yes"
        },
        {
            "trade_id": "dedbc6cc-51bd-4aa1-a645-4f54cdca4256",
            "ticker": "HIGHMIA-23DEC31-B72.5",
            "count": 75,
            "created_time": "2023-12-30T17:31:12.650188Z",
            "yes_price": 44,
            "no_price": 56,
            "taker_side": "yes"
        },
        {
            "trade_id": "72bba59c-886f-4fba-8ed9-a95604421581",
            "ticker": "HIGHMIA-23DEC31-B72.5",
            "count": 15,
            "created_time": "2023-12-30T17:31:12.650188Z",
            "yes_price": 43,
            "no_price": 57,
            "taker_side": "yes"
        },
        {
            "trade_id": "a8efd9a8-5f98-4947-bf1b-8c1417654914",
            "ticker": "HIGHMIA-23DEC31-B72.5",
            "count": 75,
            "created_time": "2023-12-30T17:30:39.500282Z",
            "yes_price": 44,
            "no_price": 56,
            "taker_side": "yes"
        },
        {
            "trade_id": "96e88112-b446-445c-aced-cd71e692a638",
            "ticker": "HIGHMIA-23DEC31-B72.5",
            "count": 8,
            "created_time": "2023-12-30T17:30:39.500282Z",
            "yes_price": 41,
            "no_price": 59,
            "taker_side": "yes"
        },
        {
            "trade_id": "e7634a7d-dc11-455f-b365-b1e3f3d5c008",
            "ticker": "HIGHMIA-23DEC31-B72.5",
            "count": 12,
            "created_time": "2023-12-30T17:20:10.055614Z",
            "yes_price": 40,
            "no_price": 60,
            "taker_side": "yes"
        },
        {
            "trade_id": "95041b5a-b14b-433a-aee6-c45a9be8dc4f",
            "ticker": "HIGHMIA-23DEC31-B72.5",
            "count": 125,
            "created_time": "2023-12-30T17:20:10.055614Z",
            "yes_price": 44,
            "no_price": 56,
            "taker_side": "yes"
        },
        {
            "trade_id": "66dd5061-b978-47bb-a06e-458c3e081ced",
            "ticker": "HIGHMIA-23DEC31-B72.5",
            "count": 1,
            "created_time": "2023-12-30T17:20:10.055614Z",
            "yes_price": 40,
            "no_price": 60,
            "taker_side": "yes"
        },
        {
            "trade_id": "554788d1-27dc-4a11-8ef9-443c4f6c66ec",
            "ticker": "HIGHMIA-23DEC31-B72.5",
            "count": 125,
            "created_time": "2023-12-30T17:20:10.055614Z",
            "yes_price": 43,
            "no_price": 57,
            "taker_side": "yes"
        }
    ],
    "HIGHMIA-23DEC31-T73": [
        {
            "trade_id": "d372151c-920e-480e-8e3f-e47184676861",
            "ticker": "HIGHMIA-23DEC31-T73",
            "count": 176,
            "created_time": "2023-12-31T20:00:23.692829Z",
            "yes_price": 4,
            "no_price": 96,
            "taker_side": "no"
        },
        {
            "trade_id": "1f581095-245e-47a2-a2bb-a5b5d0e2d20c",
            "ticker": "HIGHMIA-23DEC31-T73",
            "count": 1,
            "created_time": "2023-12-31T20:00:23.692829Z",
            "yes_price": 5,
            "no_price": 95,
            "taker_side": "no"
        },
        {
            "trade_id": "203f6930-8a46-444b-9339-56e2dd963862",
            "ticker": "HIGHMIA-23DEC31-T73",
            "count": 28,
            "created_time": "2023-12-31T00:20:36.555398Z",
            "yes_price": 16,
            "no_price": 84,
            "taker_side": "no"
        },
        {
            "trade_id": "cd6a603d-5819-4181-81f6-753107208a32",
            "ticker": "HIGHMIA-23DEC31-T73",
            "count": 72,
            "created_time": "2023-12-31T00:16:35.200983Z",
            "yes_price": 16,
            "no_price": 84,
            "taker_side": "no"
        },
        {
            "trade_id": "51382ec6-e133-4fe7-a067-a646de009584",
            "ticker": "HIGHMIA-23DEC31-T73",
            "count": 48,
            "created_time": "2023-12-31T00:16:35.187064Z",
            "yes_price": 18,
            "no_price": 82,
            "taker_side": "no"
        },
        {
            "trade_id": "0d01c929-a722-4446-8864-351357ced099",
            "ticker": "HIGHMIA-23DEC31-T73",
            "count": 1,
            "created_time": "2023-12-30T22:52:22.177647Z",
            "yes_price": 18,
            "no_price": 82,
            "taker_side": "no"
        },
        {
            "trade_id": "4da35368-1e0e-4fce-b2e8-beeb8f996396",
            "ticker": "HIGHMIA-23DEC31-T73",
            "count": 1,
            "created_time": "2023-12-30T22:31:08.278944Z",
            "yes_price": 18,
            "no_price": 82,
            "taker_side": "no"
        },
        {
            "trade_id": "28e93ab5-5cd1-4d69-aa4c-53f08e675fd2",
            "ticker": "HIGHMIA-23DEC31-T73",
            "count": 1,
            "created_time": "2023-12-30T20:17:13.709993Z",
            "yes_price": 16,
            "no_price": 84,
            "taker_side": "no"
        },
        {
            "trade_id": "557707f7-596d-45ec-85fb-dd3a480d66a5",
            "ticker": "HIGHMIA-23DEC31-T73",
            "count": 40,
            "created_time": "2023-12-30T20:16:58.046735Z",
            "yes_price": 16,
            "no_price": 84,
            "taker_side": "no"
        },
        {
            "trade_id": "c9e68dd9-e058-48da-8330-c6ba785c7a2c",
            "ticker": "HIGHMIA-23DEC31-T73",
            "count": 6,
            "created_time": "2023-12-30T19:44:35.414081Z",
            "yes_price": 13,
            "no_price": 87,
            "taker_side": "no"
        },
        {
            "trade_id": "a7031b26-bbbb-4b77-8f52-cf57a0523601",
            "ticker": "HIGHMIA-23DEC31-T73",
            "count": 1,
            "created_time": "2023-12-30T19:43:31.023532Z",
            "yes_price": 13,
            "no_price": 87,
            "taker_side": "no"
        },
        {
            "trade_id": "0c968f5d-ae47-449e-98ac-0337538a48c9",
            "ticker": "HIGHMIA-23DEC31-T73",
            "count": 27,
            "created_time": "2023-12-30T19:36:43.243823Z",
            "yes_price": 13,
            "no_price": 87,
            "taker_side": "no"
        },
        {
            "trade_id": "62cb9c15-2344-4548-9e5e-b97cf79d8f3e",
            "ticker": "HIGHMIA-23DEC31-T73",
            "count": 82,
            "created_time": "2023-12-30T19:36:14.848902Z",
            "yes_price": 13,
            "no_price": 87,
            "taker_side": "no"
        },
        {
            "trade_id": "e717566f-32e5-46d0-bd1d-1cd4dc4670a9",
            "ticker": "HIGHMIA-23DEC31-T73",
            "count": 18,
            "created_time": "2023-12-30T19:24:46.734996Z",
            "yes_price": 13,
            "no_price": 87,
            "taker_side": "no"
        },
        {
            "trade_id": "bd7db06e-4c65-44a1-b4e3-0f7ad1f5ec45",
            "ticker": "HIGHMIA-23DEC31-T73",
            "count": 62,
            "created_time": "2023-12-30T17:20:33.456819Z",
            "yes_price": 18,
            "no_price": 82,
            "taker_side": "no"
        },
        {
            "trade_id": "47796935-f09d-4541-96c0-fee721b46189",
            "ticker": "HIGHMIA-23DEC31-T73",
            "count": 75,
            "created_time": "2023-12-30T17:20:33.456819Z",
            "yes_price": 16,
            "no_price": 84,
            "taker_side": "no"
        },
        {
            "trade_id": "975aecaa-ead9-4c61-bddf-d95a8ce95679",
            "ticker": "HIGHMIA-23DEC31-T73",
            "count": 125,
            "created_time": "2023-12-30T17:19:32.846375Z",
            "yes_price": 20,
            "no_price": 80,
            "taker_side": "no"
        },
        {
            "trade_id": "93f84999-dc7a-4ca0-9477-99197ab834ba",
            "ticker": "HIGHMIA-23DEC31-T73",
            "count": 75,
            "created_time": "2023-12-30T17:19:32.846375Z",
            "yes_price": 23,
            "no_price": 77,
            "taker_side": "no"
        },
        {
            "trade_id": "2f3f0878-2dd0-4fda-a769-3777b99b4b70",
            "ticker": "HIGHMIA-23DEC31-T73",
            "count": 125,
            "created_time": "2023-12-30T17:19:32.846375Z",
            "yes_price": 21,
            "no_price": 79,
            "taker_side": "no"
        },
        {
            "trade_id": "515c7a68-24e1-4a11-8f51-765db3a43bb3",
            "ticker": "HIGHMIA-23DEC31-T73",
            "count": 74,
            "created_time": "2023-12-30T16:27:03.699947Z",
            "yes_price": 24,
            "no_price": 76,
            "taker_side": "no"
        },
        {
            "trade_id": "ba54309f-5589-4ea8-98b1-4a6821c06127",
            "ticker": "HIGHMIA-23DEC31-T73",
            "count": 1,
            "created_time": "2023-12-30T16:24:53.810893Z",
            "yes_price": 24,
            "no_price": 76,
            "taker_side": "no"
        },
        {
            "trade_id": "e8a98f49-2732-4447-b4da-fab2076ef81a",
            "ticker": "HIGHMIA-23DEC31-T73",
            "count": 12,
            "created_time": "2023-12-30T16:24:32.771322Z",
            "yes_price": 25,
            "no_price": 75,
            "taker_side": "yes"
        },
        {
            "trade_id": "c316c35a-e42f-40b2-80e0-53e9452d54cf",
            "ticker": "HIGHMIA-23DEC31-T73",
            "count": 50,
            "created_time": "2023-12-30T16:24:06.319475Z",
            "yes_price": 25,
            "no_price": 75,
            "taker_side": "no"
        }
    ]
}