{
    "HIGHMIA-23DEC27-T72": [
        {
            "trade_id": "1d2f18e0-bc85-478a-b88e-1d4f85231d03",
            "ticker": "HIGHMIA-23DEC27-T72",
            "count": 1,
            "created_time": "2023-12-28T02:50:42.145517Z",
            "yes_price": 1,
            "no_price": 99,
            "taker_side": "yes"
        },
        {
            "trade_id": "68ba1864-949a-4e42-945e-1e573ef6a1ee",
            "ticker": "HIGHMIA-23DEC27-T72",
            "count": 1,
            "created_time": "2023-12-28T02:49:39.360187Z",
            "yes_price": 1,
            "no_price": 99,
            "taker_side": "yes"
        },
        {
            "trade_id": "426edfd8-4842-4554-83c3-cf81cadb950a",
            "ticker": "HIGHMIA-23DEC27-T72",
            "count": 1,
            "created_time": "2023-12-28T02:48:37.090986Z",
            "yes_price": 1,
            "no_price": 99,
            "taker_side": "yes"
        },
        {
            "trade_id": "37cac8a2-a42e-4e3b-b5f6-fc7192aaafa8",
            "ticker": "HIGHMIA-23DEC27-T72",
            "count": 1,
            "created_time": "2023-12-28T02:47:34.775921Z",
            "yes_price": 1,
            "no_price": 99,
            "taker_side": "yes"
        },
        {
            "trade_id": "cf6ce3da-ea86-4f89-8b83-b1bc3778a94c",
            "ticker": "HIGHMIA-23DEC27-T72",
            "count": 1,
            "created_time": "2023-12-28T02:46:30.269324Z",
            "yes_price": 1,
            "no_price": 99,
            "taker_side": "yes"
        },
        {
            "trade_id": "09460ab1-f710-411f-82d7-b67acbb9fb9e",
            "ticker": "HIGHMIA-23DEC27-T72",
            "count": 1,
            "created_time": "2023-12-28T02:45:21.493724Z",
            "yes_price": 1,
            "no_price": 99,
            "taker_side": "yes"
        },
        {
            "trade_id": "8bdad9cf-e93e-4783-a749-69557c11e3f2",
            "ticker": "HIGHMIA-23DEC27-T72",
            "count": 1,
            "created_time": "2023-12-28T02:44:16.197981Z",
            "yes_price": 1,
            "no_price": 99,
            "taker_side": "yes"
        },
        {
            "trade_id": "666cf327-1083-490b-a88f-1208821cec64",
            "ticker": "HIGHMIA-23DEC27-T72",
            "count": 1,
            "created_time": "2023-12-28T02:43:13.251748Z",
            "yes_price": 1,
            "no_price": 99,
            "taker_side": "yes"
        },
        {
            "trade_id": "bcd2662f-ee3c-4828-bd80-8a18b95d1226",
            "ticker": "HIGHMIA-23DEC27-T72",
            "count": 1,
            "created_time": "2023-12-28T02:42:10.958603Z",
            "yes_price": 1,
            "no_price": 99,
            "taker_side": "yes"
        },
        {
            "trade_id": "6615ecef-c063-424a-b673-9da378491344",
            "ticker": "HIGHMIA-23DEC27-T72",
            "count": 1,
            "created_time": "2023-12-28T02:41:08.620272Z",
            "yes_price": 1,
            "no_price": 99,
            "taker_side": "yes"
        },
        {
            "trade_id": "bf48a760-c287-4dac-84f0-01cb34fa2b87",
            "ticker": "HIGHMIA-23DEC27-T72",
            "count": 1,
            "created_time": "2023-12-28T02:40:03.264402Z",
            "yes_price": 1,
            "no_price": 99,
            "taker_side": "yes"
        },
        {
            "trade_id": "de844055-6667-4ea7-985f-c8631ad3ff76",
            "ticker": "HIGHMIA-23DEC27-T72",
            "count": 1,
            "created_time": "2023-12-28T02:38:58.598839Z",
            "yes_price": 1,
            "no_price": 99,
            "taker_side": "yes"
        },
        {
            "trade_id": "8e501a7c-a509-4106-bb89-37c0df379fd4",
            "ticker": "HIGHMIA-23DEC27-T72",
            "count": 1,
            "created_time": "2023-12-28T02:37:53.481926Z",
            "yes_price": 1,
            "no_price": 99,
            "taker_side": "yes"
        },
        {
            "trade_id": "be64d9f1-cb08-4bf6-8a9b-3a0a5179929d",
            "ticker": "HIGHMIA-23DEC27-T72",
            "count": 1,
            "created_time": "2023-12-28T02:36:51.005187Z",
            "yes_price": 1,
            "no_price": 99,
            "taker_side": "yes"
        },
        {
            "trade_id": "20570d1d-7324-403c-80de-e8974628fab9",
            "ticker": "HIGHMIA-23DEC27-T72",
            "count": 1,
            "created_time": "2023-12-28T02:35:48.607259Z",
            "yes_price": 1,
            "no_price": 99,
            "taker_side": "yes"
        },
        {
            "trade_id": "e10cf5e3-f6be-4842-91aa-550e0242a74c",
            "ticker": "HIGHMIA-23DEC27-T72",
            "count": 1,
            "created_time": "2023-12-28T02:34:42.36448Z",
            "yes_price": 1,
            "no_price": 99,
            "taker_side": "yes"
        },
        {
            "trade_id": "53dc8931-3a65-437a-bdd0-5c948fe17f51",
            "ticker": "HIGHMIA-23DEC27-T72",
            "count": 2,
            "created_time": "2023-12-28T02:33:34.271531Z",
            "yes_price": 1,
            "no_price": 99,
            "taker_side": "yes"
        },
        {
            "trade_id": "c7a6558e-322c-4b24-be7b-7aef7dd8ec48",
            "ticker": "HIGHMIA-23DEC27-T72",
            "count": 2,
            "created_time": "2023-12-28T02:32:31.361183Z",
            "yes_price": 1,
            "no_price": 99,
            "taker_side": "yes"
        },
        {
            "trade_id": "362af137-9cfe-411e-bf24-9e414ef6a481",
            "ticker": "HIGHMIA-23DEC27-T72",
            "count": 2,
            "created_time": "2023-12-28T02:31:29.080258Z",
            "yes_price": 1,
            "no_price": 99,
            "taker_side": "yes"
        },
        {
            "trade_id": "a2543745-3964-4f9e-b7e7-d3bfb4e9064b",
            "ticker": "HIGHMIA-23DEC27-T72",
            "count": 2,
            "created_time": "2023-12-28T02:30:26.735096Z",
            "yes_price": 1,
            "no_price": 99,
            "taker_side": "yes"
        },
        {
            "trade_id": "c3772255-acf2-4558-a440-8e6e83671b93",
            "ticker": "HIGHMIA-23DEC27-T72",
            "count": 2,
            "created_time": "2023-12-28T02:29:20.828354Z",
            "yes_price": 1,
            "no_price": 99,
            "taker_side": "yes"
        },
        {
            "trade_id": "c925bfc9-3d30-4ed3-b96d-e0dbcdcadcb7",
            "ticker": "HIGHMIA-23DEC27-T72",
            "count": 2,
            "created_time": "2023-12-28T02:28:14.307299Z",
            "yes_price": 1,
            "no_price": 99,
            "taker_side": "yes"
        },
        {
            "trade_id": "ae9dcd0a-9f92-4eeb-8d96-01c14006a768",
            "ticker": "HIGHMIA-23DEC27-T72",
            "count": 2,
            "created_time": "2023-12-28T02:26:59.07455Z",
            "yes_price": 1,
            "no_price": 99,
            "taker_side": "yes"
        },
        {
            "trade_id": "9c7a07ab-8b74-4835-a5d4-272b74b4656f",
            "ticker": "HIGHMIA-23DEC27-T72",
            "count": 2,
            "created_time": "2023-12-28T02:25:56.328887Z",
            "yes_price": 1,
            "no_price": 99,
            "taker_side": "yes"
        },
        {
            "trade_id": "66ff066f-00bf-4b6b-b3a7-38a72f471c7e",
            "ticker": "HIGHMIA-23DEC27-T72",
            "count": 3,
            "created_time": "2023-12-28T02:24:53.566163Z",
            "yes_price": 1,
            "no_price": 99,
            "taker_side": "yes"
        },
        {
            "trade_id": "bcc40156-aafb-443f-b63f-034d69c28427",
            "ticker": "HIGHMIA-23DEC27-T72",
            "count": 1,
            "created_time": "2023-12-28T00:54:19.396845Z",
            "yes_price": 1,
            "no_price": 99,
            "taker_side": "yes"
        },
        {
            "trade_id": "48ca8d28-50fb-49a2-a85b-95bee1125698",
            "ticker": "HIGHMIA-23DEC27-T72",
            "count": 1,
            "created_time": "2023-12-28T00:53:16.481795Z",
            "yes_price": 1,
            "no_price": 99,
            "taker_side": "yes"
        },
        {
            "trade_id": "4c0b0fc6-18cb-4efb-bdab-ed4db27ceaa3",
            "ticker": "HIGHMIA-23DEC27-T72",
            "count": 1,
            "created_time": "2023-12-28T00:52:13.579691Z",
            "yes_price": 1,
            "no_price": 99,
            "taker_side": "yes"
        },
        {
            "trade_id": "ee4d7ed7-0b62-469c-b029-4c4466a66a4e",
            "ticker": "HIGHMIA-23DEC27-T72",
            "count": 1,
            "created_time": "2023-12-28T00:51:02.176222Z",
            "yes_price": 1,
            "no_price": 99,
            "taker_side": "yes"
        },
        {
            "trade_id": "e24dba19-7313-4382-a1ab-6f95ef08182a",
            "ticker": "HIGHMIA-23DEC27-T72",
            "count": 1,
            "created_time": "2023-12-28T00:49:51.789305Z",
            "yes_price": 1,
            "no_price": 99,
            "taker_side": "yes"
        },
        {
            "trade_id": "b87d74b5-bad9-4c4a-ace0-5198343aecef",
            "ticker": "HIGHMIA-23DEC27-T72",
            "count": 1,
            "created_time": "2023-12-28T00:48:46.070791Z",
            "yes_price": 1,
            "no_price": 99,
            "taker_side": "yes"
        },
        {
            "trade_id": "a3ba875d-6b69-4621-9a43-97f24044392b",
            "ticker": "HIGHMIA-23DEC27-T72",
            "count": 1,
            "created_time": "2023-12-28T00:47:42.026228Z",
            "yes_price": 1,
            "no_price": 99,
            "taker_side": "yes"
        },
        {
            "trade_id": "cd5a2606-bf4f-4d1f-8511-70daf8e955ab",
            "ticker": "HIGHMIA-23DEC27-T72",
            "count": 1,
            "created_time": "2023-12-28T00:46:38.093638Z",
            "yes_price": 1,
            "no_price": 99,
            "taker_side": "yes"
        },
        {
            "trade_id": "7834636e-36f7-48b8-8415-f008e8c24532",
            "ticker": "HIGHMIA-23DEC27-T72",
            "count": 1,
            "created_time": "2023-12-28T00:45:35.209604Z",
            "yes_price": 1,
            "no_price": 99,
            "taker_side": "yes"
        },
        {
            "trade_id": "59aab2de-5ad3-4140-b868-b4bdba46990b",
            "ticker": "HIGHMIA-23DEC27-T72",
            "count": 1,
            "created_time": "2023-12-28T00:44:28.129354Z",
            "yes_price": 1,
            "no_price": 99,
            "taker_side": "yes"
        },
        {
            "trade_id": "439f6a54-b683-4b87-9e77-a11b65872f41",
            "ticker": "HIGHMIA-23DEC27-T72",
            "count": 1,
            "created_time": "2023-12-28T00:42:17.311586Z",
            "yes_price": 1,
            "no_price": 99,
            "taker_side": "yes"
        },
        {
            "trade_id": "284b147d-e142-4519-9eca-b25272cda359",
            "ticker": "HIGHMIA-23DEC27-T72",
            "count": 1,
            "created_time": "2023-12-28T00:41:06.28897Z",
            "yes_price": 1,
            "no_price": 99,
            "taker_side": "yes"
        },
        {
            "trade_id": "b2ff8ec9-fa45-49bf-821b-c551967de271",
            "ticker": "HIGHMIA-23DEC27-T72",
            "count": 1,
            "created_time": "2023-12-28T00:39:50.281809Z",
            "yes_price": 1,
            "no_price": 99,
            "taker_side": "yes"
        },
        {
            "trade_id": "90c5a652-45f5-4cd0-85d2-b227f6112cd5",
            "ticker": "HIGHMIA-23DEC27-T72",
            "count": 1,
            "created_time": "2023-12-28T00:38:47.471561Z",
            "yes_price": 1,
            "no_price": 99,
            "taker_side": "yes"
        },
        {
            "trade_id": "dedf57f6-244a-4fc6-a643-27106804af5c",
            "ticker": "HIGHMIA-23DEC27-T72",
            "count": 1,
            "created_time": "2023-12-28T00:37:44.629479Z",
            "yes_price": 1,
            "no_price": 99,
            "taker_side": "yes"
        },
        {
            "trade_id": "d0061928-6138-4cf3-9311-6c753b378d7a",
            "ticker": "HIGHMIA-23DEC27-T72",
            "count": 1,
            "created_time": "2023-12-28T00:36:41.026058Z",
            "yes_price": 1,
            "no_price": 99,
            "taker_side": "yes"
        },
        {
            "trade_id": "09b4024b-d036-4542-bdd4-ff8b32751fc3",
            "ticker": "HIGHMIA-23DEC27-T72",
            "count": 1,
            "created_time": "2023-12-28T00:35:28.80196Z",
            "yes_price": 1,
            "no_price": 99,
            "taker_side": "yes"
        },
        {
            "trade_id": "f04a5efa-f6a0-4c27-a62f-603ad2f49b3d",
            "ticker": "HIGHMIA-23DEC27-T72",
            "count": 1,
            "created_time": "2023-12-28T00:34:17.386901Z",
            "yes_price": 1,
            "no_price": 99,
            "taker_side": "yes"
        },
        {
            "trade_id": "e8602e64-baac-4764-bfed-299616d42a95",
            "ticker": "HIGHMIA-23DEC27-T72",
            "count": 1,
            "created_time": "2023-12-28T00:33:10.910227Z",
            "yes_price": 1,
            "no_price": 99,
            "taker_side": "yes"
        },
        {
            "trade_id": "df191d3d-9597-48fd-a1aa-835576061758",
            "ticker": "HIGHMIA-23DEC27-T72",
            "count": 1,
            "created_time": "2023-12-28T00:32:03.397038Z",
            "yes_price": 1,
            "no_price": 99,
            "taker_side": "yes"
        },
        {
            "trade_id": "06450d2f-435e-453f-be6b-bf96c1214685",
            "ticker": "HIGHMIA-23DEC27-T72",
            "count": 1,
            "created_time": "2023-12-28T00:31:00.434001Z",
            "yes_price": 1,
            "no_price": 99,
            "taker_side": "yes"
        },
        {
            "trade_id": "98895f4a-0e82-416d-a50b-0204a43baf6a",
            "ticker": "HIGHMIA-23DEC27-T72",
            "count": 1,
            "created_time": "2023-12-28T00:29:57.937452Z",
            "yes_price": 1,
            "no_price": 99,
            "taker_side": "yes"
        },
        {
            "trade_id": "54cc4af7-60a1-4bf9-aa74-67df8138054d",
            "ticker": "HIGHMIA-23DEC27-T72",
            "count": 1,
            "created_time": "2023-12-28T00:28:53.338949Z",
            "yes_price": 1,
            "no_price": 99,
            "taker_side": "yes"
        },
        {
            "trade_id": "69fafd4a-1fae-475f-bf1c-478fa80f0a16",
            "ticker": "HIGHMIA-23DEC27-T72",
            "count": 1,
            "created_time": "2023-12-28T00:27:49.832371Z",
            "yes_price": 1,
            "no_price": 99,
            "taker_side": "yes"
        },
        {
            "trade_id": "7cd6f44a-158f-4957-8d02-6fafcbad5388",
            "ticker": "HIGHMIA-23DEC27-T72",
            "count": 1,
            "created_time": "2023-12-28T00:26:42.898289Z",
            "yes_price": 1,
            "no_price": 99,
            "taker_side": "yes"
        },
        {
            "trade_id": "5a9674f5-958c-4e32-8e46-b375f5980252",
            "ticker": "HIGHMIA-23DEC27-T72",
            "count": 1,
            "created_time": "2023-12-28T00:25:40.360135Z",
            "yes_price": 1,
            "no_price": 99,
            "taker_side": "yes"
        },
        {
            "trade_id": "9d49abd5-c6dd-46fd-b172-9867023f1d25",
            "ticker": "HIGHMIA-23DEC27-T72",
            "count": 1,
            "created_time": "2023-12-28T00:24:37.845795Z",
            "yes_price": 1,
            "no_price": 99,
            "taker_side": "yes"
        },
        {
            "trade_id": "207997fe-ddb4-4aa0-9bde-3b25eece15f5",
            "ticker": "HIGHMIA-23DEC27-T72",
            "count": 1,
            "created_time": "2023-12-28T00:23:32.39578Z",
            "yes_price": 1,
            "no_price": 99,
            "taker_side": "yes"
        },
        {
            "trade_id": "61603768-99a9-48b6-b5c1-ff6998ddd6dc",
            "ticker": "HIGHMIA-23DEC27-T72",
            "count": 1,
            "created_time": "2023-12-28T00:22:21.248782Z",
            "yes_price": 1,
            "no_price": 99,
            "taker_side": "yes"
        },
        {
            "trade_id": "cebd96fd-ab81-46b1-a61c-3daede645422",
            "ticker": "HIGHMIA-23DEC27-T72",
            "count": 1,
            "created_time": "2023-12-28T00:21:16.25626Z",
            "yes_price": 1,
            "no_price": 99,
            "taker_side": "yes"
        },
        {
            "trade_id": "17091730-1ffb-4135-b204-328f34adc265",
            "ticker": "HIGHMIA-23DEC27-T72",
            "count": 1,
            "created_time": "2023-12-28T00:20:13.280226Z",
            "yes_price": 1,
            "no_price": 99,
            "taker_side": "yes"
        },
        {
            "trade_id": "41d72052-4e52-4cb6-9a59-8bc2d6587aba",
            "ticker": "HIGHMIA-23DEC27-T72",
            "count": 1,
            "created_time": "2023-12-28T00:19:11.851226Z",
            "yes_price": 1,
            "no_price": 99,
            "taker_side": "yes"
        },
        {
            "trade_id": "46821c5e-371a-419a-ac80-f5ad5e59acf3",
            "ticker": "HIGHMIA-23DEC27-T72",
            "count": 1,
            "created_time": "2023-12-28T00:18:09.382473Z",
            "yes_price": 1,
            "no_price": 99,
            "taker_side": "yes"
        },
        {
            "trade_id": "9f3b6f25-ee75-4651-9d24-ea2c236d7861",
            "ticker": "HIGHMIA-23DEC27-T72",
            "count": 1,
            "created_time": "2023-12-28T00:17:05.629908Z",
            "yes_price": 1,
            "no_price": 99,
            "taker_side": "yes"
        },
        {
            "trade_id": "7755f8bf-ff8f-45fd-8409-e1952f035d8c",
            "ticker": "HIGHMIA-23DEC27-T72",
            "count": 1,
            "created_time": "2023-12-27T23:54:14.043175Z",
            "yes_price": 1,
            "no_price": 99,
            "taker_side": "yes"
        },
        {
            "trade_id": "e64b4323-b8db-4c20-b3ad-2703e0cabf68",
            "ticker": "HIGHMIA-23DEC27-T72",
            "count": 1,
            "created_time": "2023-12-27T23:53:11.450391Z",
            "yes_price": 1,
            "no_price": 99,
            "taker_side": "yes"
        },
        {
            "trade_id": "24a3fd57-c7db-46ae-b119-d1f5c4a3d5e7",
            "ticker": "HIGHMIA-23DEC27-T72",
            "count": 1,
            "created_time": "2023-12-27T23:52:07.326073Z",
            "yes_price": 1,
            "no_price": 99,
            "taker_side": "yes"
        },
        {
            "trade_id": "43047c9d-baf5-4b8f-8f37-7df0c0fea515",
            "ticker": "HIGHMIA-23DEC27-T72",
            "count": 1,
            "created_time": "2023-12-27T23:50:56.468367Z",
            "yes_price": 1,
            "no_price": 99,
            "taker_side": "yes"
        },
        {
            "trade_id": "d7a56f4e-aae8-489c-84b5-de94e936e1f5",
            "ticker": "HIGHMIA-23DEC27-T72",
            "count": 1,
            "created_time": "2023-12-27T23:49:48.389626Z",
            "yes_price": 1,
            "no_price": 99,
            "taker_side": "yes"
        },
        {
            "trade_id": "57076c9e-fce1-4f05-96b5-a61d86e390c5",
            "ticker": "HIGHMIA-23DEC27-T72",
            "count": 1,
            "created_time": "2023-12-27T23:48:46.005737Z",
            "yes_price": 1,
            "no_price": 99,
            "taker_side": "yes"
        },
        {
            "trade_id": "58e48bdb-f090-47d9-aeb3-3c8737d13f4c",
            "ticker": "HIGHMIA-23DEC27-T72",
            "count": 1,
            "created_time": "2023-12-27T23:47:43.495842Z",
            "yes_price": 1,
            "no_price": 99,
            "taker_side": "yes"
        },
        {
            "trade_id": "33a6d062-bc7a-4352-bee8-57e53555acc9",
            "ticker": "HIGHMIA-23DEC27-T72",
            "count": 1,
            "created_time": "2023-12-27T23:46:41.065321Z",
            "yes_price": 1,
            "no_price": 99,
            "taker_side": "yes"
        },
        {
            "trade_id": "aff03dc1-4e10-41db-872d-f87772cb71ed",
            "ticker": "HIGHMIA-23DEC27-T72",
            "count": 1,
            "created_time": "2023-12-27T23:45:36.355809Z",
            "yes_price": 1,
            "no_price": 99,
            "taker_side": "yes"
        },
        {
            "trade_id": "c8f94b08-5018-43cf-826e-22499e90884c",
            "ticker": "HIGHMIA-23DEC27-T72",
            "count": 1,
            "created_time": "2023-12-27T23:44:26.763088Z",
            "yes_price": 1,
            "no_price": 99,
            "taker_side": "yes"
        },
        {
            "trade_id": "ad16013b-f8ea-41b2-80b1-3fad5c8cabff",
            "ticker": "HIGHMIA-23DEC27-T72",
            "count": 1,
            "created_time": "2023-12-27T23:43:20.53194Z",
            "yes_price": 1,
            "no_price": 99,
            "taker_side": "yes"
        },
        {
            "trade_id": "8fd7092b-b178-4e3c-a8fd-af60eab4c90a",
            "ticker": "HIGHMIA-23DEC27-T72",
            "count": 1,
            "created_time": "2023-12-27T23:42:16.03504Z",
            "yes_price": 1,
            "no_price": 99,
            "taker_side": "yes"
        },
        {
            "trade_id": "c3ad9674-6f3f-4f7d-8434-fbcb0e4cfd38",
            "ticker": "HIGHMIA-23DEC27-T72",
            "count": 1,
            "created_time": "2023-12-27T23:41:13.277174Z",
            "yes_price": 1,
            "no_price": 99,
            "taker_side": "yes"
        },
        {
            "trade_id": "90e33c38-4e4e-4128-a19d-25759dc367b2",
            "ticker": "HIGHMIA-23DEC27-T72",
            "count": 1,
            "created_time": "2023-12-27T23:40:10.470014Z",
            "yes_price": 1,
            "no_price": 99,
            "taker_side": "yes"
        },
        {
            "trade_id": "6089adde-5075-4d09-8d2e-410b72ae37d6",
            "ticker": "HIGHMIA-23DEC27-T72",
            "count": 1,
            "created_time": "2023-12-27T23:39:05.675892Z",
            "yes_price": 1,
            "no_price": 99,
            "taker_side": "yes"
        },
        {
            "trade_id": "bef85f4c-ed18-4410-8735-e6b3e4d24e22",
            "ticker": "HIGHMIA-23DEC27-T72",
            "count": 1,
            "created_time": "2023-12-27T23:16:43.047451Z",
            "yes_price": 1,
            "no_price": 99,
            "taker_side": "yes"
        }
    ],
    "HIGHMIA-23DEC27-B72.5": [
        {
            "trade_id": "643f83cf-dce7-4694-b77a-0ca6fdd4bbb0",
            "ticker": "HIGHMIA-23DEC27-B72.5",
            "count": 1,
            "created_time": "2023-12-28T00:15:57.957632Z",
            "yes_price": 1,
            "no_price": 99,
            "taker_side": "yes"
        },
        {
            "trade_id": "1013bb59-0ca5-4a33-a270-66513db78f60",
            "ticker": "HIGHMIA-23DEC27-B72.5",
            "count": 1,
            "created_time": "2023-12-28T00:14:54.717481Z",
            "yes_price": 1,
            "no_price": 99,
            "taker_side": "yes"
        },
        {
            "trade_id": "a4aaa958-f0cd-478b-af4e-496483d638b9",
            "ticker": "HIGHMIA-23DEC27-B72.5",
            "count": 1,
            "created_time": "2023-12-28T00:13:47.801518Z",
            "yes_price": 1,
            "no_price": 99,
            "taker_side": "yes"
        },
        {
            "trade_id": "84c24f3b-68c9-40d8-aac3-45d06cc56762",
            "ticker": "HIGHMIA-23DEC27-B72.5",
            "count": 1,
            "created_time": "2023-12-28T00:12:45.478267Z",
            "yes_price": 1,
            "no_price": 99,
            "taker_side": "yes"
        },
        {
            "trade_id": "88d0a566-71fe-418f-925f-aa12c270b709",
            "ticker": "HIGHMIA-23DEC27-B72.5",
            "count": 1,
            "created_time": "2023-12-28T00:11:39.348619Z",
            "yes_price": 1,
            "no_price": 99,
            "taker_side": "yes"
        },
        {
            "trade_id": "c3125f4a-d870-490a-b0d9-57c26c26edf7",
            "ticker": "HIGHMIA-23DEC27-B72.5",
            "count": 1,
            "created_time": "2023-12-28T00:10:29.985852Z",
            "yes_price": 1,
            "no_price": 99,
            "taker_side": "yes"
        },
        {
            "trade_id": "9fd9901e-807f-4099-8e7f-f33bed165731",
            "ticker": "HIGHMIA-23DEC27-B72.5",
            "count": 1,
            "created_time": "2023-12-28T00:09:23.546622Z",
            "yes_price": 1,
            "no_price": 99,
            "taker_side": "yes"
        },
        {
            "trade_id": "3904855e-bb27-4139-90c9-0c31e19ceb67",
            "ticker": "HIGHMIA-23DEC27-B72.5",
            "count": 1,
            "created_time": "2023-12-28T00:08:18.831928Z",
            "yes_price": 1,
            "no_price": 99,
            "taker_side": "yes"
        },
        {
            "trade_id": "21896cb4-7c19-4e4a-b3ca-5b8c5345e882",
            "ticker": "HIGHMIA-23DEC27-B72.5",
            "count": 1,
            "created_time": "2023-12-28T00:07:16.485109Z",
            "yes_price": 1,
            "no_price": 99,
            "taker_side": "yes"
        },
        {
            "trade_id": "2ace9d88-5ccb-4df6-81fe-bf4e2370767e",
            "ticker": "HIGHMIA-23DEC27-B72.5",
            "count": 1,
            "created_time": "2023-12-28T00:06:14.113721Z",
            "yes_price": 1,
            "no_price": 99,
            "taker_side": "yes"
        },
        {
            "trade_id": "566965bf-09f6-4a9d-afcd-20c67b01a793",
            "ticker": "HIGHMIA-23DEC27-B72.5",
            "count": 1,
            "created_time": "2023-12-28T00:05:09.333261Z",
            "yes_price": 1,
            "no_price": 99,
            "taker_side": "yes"
        },
        {
            "trade_id": "bd8f1727-6b3e-47bf-8afe-3258004b3d6e",
            "ticker": "HIGHMIA-23DEC27-B72.5",
            "count": 1,
            "created_time": "2023-12-28T00:04:03.384371Z",
            "yes_price": 1,
            "no_price": 99,
            "taker_side": "yes"
        },
        {
            "trade_id": "9f32ac1b-2dd8-4c75-8fc6-9669757a7315",
            "ticker": "HIGHMIA-23DEC27-B72.5",
            "count": 1,
            "created_time": "2023-12-28T00:02:55.529879Z",
            "yes_price": 1,
            "no_price": 99,
            "taker_side": "yes"
        },
        {
            "trade_id": "312ab464-ff9d-41b0-951f-5123eca7887b",
            "ticker": "HIGHMIA-23DEC27-B72.5",
            "count": 1,
            "created_time": "2023-12-28T00:01:52.914114Z",
            "yes_price": 1,
            "no_price": 99,
            "taker_side": "yes"
        },
        {
            "trade_id": "99c6192e-6c05-4850-82bb-24949cdfe845",
            "ticker": "HIGHMIA-23DEC27-B72.5",
            "count": 1,
            "created_time": "2023-12-28T00:00:50.12454Z",
            "yes_price": 1,
            "no_price": 99,
            "taker_side": "yes"
        },
        {
            "trade_id": "fdab419f-104b-4243-aeb7-ff4efb5ba9ef",
            "ticker": "HIGHMIA-23DEC27-B72.5",
            "count": 1,
            "created_time": "2023-12-27T23:59:45.581933Z",
            "yes_price": 1,
            "no_price": 99,
            "taker_side": "yes"
        },
        {
            "trade_id": "c25660fe-30b4-407f-bf2b-00940d0a6896",
            "ticker": "HIGHMIA-23DEC27-B72.5",
            "count": 1,
            "created_time": "2023-12-27T23:58:37.364374Z",
            "yes_price": 1,
            "no_price": 99,
            "taker_side": "yes"
        },
        {
            "trade_id": "9295b8c8-01b2-4c4b-95d7-222888e3325d",
            "ticker": "HIGHMIA-23DEC27-B72.5",
            "count": 1,
            "created_time": "2023-12-27T23:57:24.339883Z",
            "yes_price": 1,
            "no_price": 99,
            "taker_side": "yes"
        },
        {
            "trade_id": "79eaf164-04a7-4ea1-888a-9c8cd0b817b6",
            "ticker": "HIGHMIA-23DEC27-B72.5",
            "count": 1,
            "created_time": "2023-12-27T23:56:18.423143Z",
            "yes_price": 1,
            "no_price": 99,
            "taker_side": "yes"
        },
        {
            "trade_id": "d6e75a6d-6260-42be-93f8-66e72902978e",
            "ticker": "HIGHMIA-23DEC27-B72.5",
            "count": 1,
            "created_time": "2023-12-27T23:55:15.940876Z",
            "yes_price": 1,
            "no_price": 99,
            "taker_side": "yes"
        },
        {
            "trade_id": "0753278c-67cb-47dc-80de-e756c82d8a56",
            "ticker": "HIGHMIA-23DEC27-B72.5",
            "count": 2,
            "created_time": "2023-12-27T23:54:13.282666Z",
            "yes_price": 1,
            "no_price": 99,
            "taker_side": "yes"
        },
        {
            "trade_id": "e10ab4ee-af0f-4829-8844-f4e16bc4272e",
            "ticker": "HIGHMIA-23DEC27-B72.5",
            "count": 2,
            "created_time": "2023-12-27T23:53:10.618079Z",
            "yes_price": 1,
            "no_price": 99,
            "taker_side": "yes"
        },
        {
            "trade_id": "8921a152-7f05-4e95-a211-e6ca104ac16c",
            "ticker": "HIGHMIA-23DEC27-B72.5",
            "count": 2,
            "created_time": "2023-12-27T23:52:04.291187Z",
            "yes_price": 1,
            "no_price": 99,
            "taker_side": "yes"
        },
        {
            "trade_id": "4c25f2e0-0e51-4e28-bd05-adeee4e4a544",
            "ticker": "HIGHMIA-23DEC27-B72.5",
            "count": 2,
            "created_time": "2023-12-27T23:50:53.957363Z",
            "yes_price": 1,
            "no_price": 99,
            "taker_side": "yes"
        },
        {
            "trade_id": "073f937e-2358-4936-9285-5face4fd501e",
            "ticker": "HIGHMIA-23DEC27-B72.5",
            "count": 2,
            "created_time": "2023-12-27T23:49:47.674922Z",
            "yes_price": 1,
            "no_price": 99,
            "taker_side": "yes"
        },
        {
            "trade_id": "3dcae920-1e15-4c13-b003-c62ee61a807b",
            "ticker": "HIGHMIA-23DEC27-B72.5",
            "count": 2,
            "created_time": "2023-12-27T23:48:45.251671Z",
            "yes_price": 1,
            "no_price": 99,
            "taker_side": "yes"
        },
        {
            "trade_id": "68502ad5-64d8-4dc6-b040-7d47982b8bdb",
            "ticker": "HIGHMIA-23DEC27-B72.5",
            "count": 2,
            "created_time": "2023-12-27T23:47:42.769432Z",
            "yes_price": 1,
            "no_price": 99,
            "taker_side": "yes"
        },
        {
            "trade_id": "9236054b-dadd-4a83-bd5d-1460b45f47bf",
            "ticker": "HIGHMIA-23DEC27-B72.5",
            "count": 2,
            "created_time": "2023-12-27T23:46:40.326411Z",
            "yes_price": 1,
            "no_price": 99,
            "taker_side": "yes"
        },
        {
            "trade_id": "8e362572-cea3-4df8-ae3c-fe2586df7753",
            "ticker": "HIGHMIA-23DEC27-B72.5",
            "count": 2,
            "created_time": "2023-12-27T23:45:33.337978Z",
            "yes_price": 1,
            "no_price": 99,
            "taker_side": "yes"
        },
        {
            "trade_id": "b8bf7738-3d0c-4eca-82b7-d93ed2cd981b",
            "ticker": "HIGHMIA-23DEC27-B72.5",
            "count": 2,
            "created_time": "2023-12-27T23:44:24.808165Z",
            "yes_price": 1,
            "no_price": 99,
            "taker_side": "yes"
        },
        {
            "trade_id": "b7a8eaad-cf5f-4fc7-99ae-f684871c2f5a",
            "ticker": "HIGHMIA-23DEC27-B72.5",
            "count": 2,
            "created_time": "2023-12-27T23:43:19.751902Z",
            "yes_price": 1,
            "no_price": 99,
            "taker_side": "yes"
        },
        {
            "trade_id": "aa37295c-c7e3-40bd-8ad2-001bb4f61f9d",
            "ticker": "HIGHMIA-23DEC27-B72.5",
            "count": 2,
            "created_time": "2023-12-27T23:42:15.247663Z",
            "yes_price": 1,
            "no_price": 99,
            "taker_side": "yes"
        },
        {
            "trade_id": "ba05a175-cc27-41e9-a875-205f9145b659",
            "ticker": "HIGHMIA-23DEC27-B72.5",
            "count": 2,
            "created_time": "2023-12-27T23:41:12.480351Z",
            "yes_price": 1,
            "no_price": 99,
            "taker_side": "yes"
        },
        {
            "trade_id": "9596aef5-0344-4f97-a2f8-021a12f9ac29",
            "ticker": "HIGHMIA-23DEC27-B72.5",
            "count": 2,
            "created_time": "2023-12-27T23:40:09.638097Z",
            "yes_price": 1,
            "no_price": 99,
            "taker_side": "yes"
        },
        {
            "trade_id": "dbb573f4-e279-49ed-8047-895660dc69b7",
            "ticker": "HIGHMIA-23DEC27-B72.5",
            "count": 2,
            "created_time": "2023-12-27T23:39:02.482009Z",
            "yes_price": 1,
            "no_price": 99,
            "taker_side": "yes"
        },
        {
            "trade_id": "da837d16-8557-4642-8ac0-a2ac1400f399",
            "ticker": "HIGHMIA-23DEC27-B72.5",
            "count": 2,
            "created_time": "2023-12-27T23:17:45.70965Z",
            "yes_price": 1,
            "no_price": 99,
            "taker_side": "yes"
        },
        {
            "trade_id": "f7b5063e-793a-4628-9313-6226e6848a58",
            "ticker": "HIGHMIA-23DEC27-B72.5",
            "count": 3,
            "created_time": "2023-12-27T23:16:39.610198Z",
            "yes_price": 1,
            "no_price": 99,
            "taker_side": "yes"
        },
        {
            "trade_id": "8f4ded78-5b30-4acb-a8b4-54aa98a68952",
            "ticker": "HIGHMIA-23DEC27-B72.5",
            "count": 1,
            "created_time": "2023-12-27T21:32:46.627015Z",
            "yes_price": 1,
            "no_price": 99,
            "taker_side": "yes"
        },
        {
            "trade_id": "b843c8f4-d6df-43c6-a6f9-308c248c6d45",
            "ticker": "HIGHMIA-23DEC27-B72.5",
            "count": 1,
            "created_time": "2023-12-27T21:17:08.848836Z",
            "yes_price": 1,
            "no_price": 99,
            "taker_side": "yes"
        },
        {
            "trade_id": "1f5f6212-8456-4236-b405-a54146fb24cf",
            "ticker": "HIGHMIA-23DEC27-B72.5",
            "count": 1,
            "created_time": "2023-12-27T21:16:00.712042Z",
            "yes_price": 1,
            "no_price": 99,
            "taker_side": "yes"
        }
    ],
    "HIGHMIA-23DEC27-B74.5": [
        {
            "trade_id": "3c8f6fe6-9beb-486a-8443-81d6e33a5cd0",
            "ticker": "HIGHMIA-23DEC27-B74.5",
            "count": 6,
            "created_time": "2023-12-26T21:17:47.200758Z",
            "yes_price": 15,
            "no_price": 85,
            "taker_side": "no"
        }
    ],
    "HIGHMIA-23DEC27-B76.5": [
        {
            "trade_id": "99b7c2c0-baf3-49aa-9a09-34cbe3bd60ce",
            "ticker": "HIGHMIA-23DEC27-B76.5",
            "count": 100,
            "created_time": "2023-12-28T02:36:21.511783Z",
            "yes_price": 99,
            "no_price": 1,
            "taker_side": "yes"
        },
        {
            "trade_id": "c93e5b0e-9e96-4d5a-85dc-7f3bf978dae8",
            "ticker": "HIGHMIA-23DEC27-B76.5",
            "count": 2,
            "created_time": "2023-12-27T21:00:48.417304Z",
            "yes_price": 86,
            "no_price": 14,
            "taker_side": "yes"
        },
        {
            "trade_id": "82ec1f53-a3cc-4d3f-b604-c75574105fa9",
            "ticker": "HIGHMIA-23DEC27-B76.5",
            "count": 3,
            "created_time": "2023-12-27T21:00:48.417304Z",
            "yes_price": 86,
            "no_price": 14,
            "taker_side": "yes"
        },
        {
            "trade_id": "a98bc0e7-41d5-44cc-95c3-f5dbcab6fcba",
            "ticker": "HIGHMIA-23DEC27-B76.5",
            "count": 1,
            "created_time": "2023-12-27T01:34:46.075349Z",
            "yes_price": 5,
            "no_price": 95,
            "taker_side": "no"
        },
        {
            "trade_id": "a6d27b11-3ce9-4547-b714-b0a008e44a8a",
            "ticker": "HIGHMIA-23DEC27-B76.5",
            "count": 1,
            "created_time": "2023-12-26T23:34:48.594319Z",
            "yes_price": 19,
            "no_price": 81,
            "taker_side": "yes"
        },
        {
            "trade_id": "6f9a7138-a3be-466e-85f9-136857752502",
            "ticker": "HIGHMIA-23DEC27-B76.5",
            "count": 2,
            "created_time": "2023-12-26T23:33:45.886372Z",
            "yes_price": 18,
            "no_price": 82,
            "taker_side": "yes"
        },
        {
            "trade_id": "57a58ce0-f5d0-40a8-9957-965edb81d68b",
            "ticker": "HIGHMIA-23DEC27-B76.5",
            "count": 10,
            "created_time": "2023-12-26T23:32:57.161735Z",
            "yes_price": 17,
            "no_price": 83,
            "taker_side": "yes"
        },
        {
            "trade_id": "38b87037-7dbe-4113-aca9-4ff1ad2b9522",
            "ticker": "HIGHMIA-23DEC27-B76.5",
            "count": 4,
            "created_time": "2023-12-26T23:32:57.161735Z",
            "yes_price": 16,
            "no_price": 84,
            "taker_side": "yes"
        },
        {
            "trade_id": "057bac3a-447e-42d0-8d50-6ffe97e59ed3",
            "ticker": "HIGHMIA-23DEC27-B76.5",
            "count": 10,
            "created_time": "2023-12-26T23:32:57.161735Z",
            "yes_price": 16,
            "no_price": 84,
            "taker_side": "yes"
        },
        {
            "trade_id": "16042a6f-a6f5-4525-b9db-0e3e1bbcc975",
            "ticker": "HIGHMIA-23DEC27-B76.5",
            "count": 16,
            "created_time": "2023-12-26T22:54:54.129258Z",
            "yes_price": 14,
            "no_price": 86,
            "taker_side": "yes"
        },
        {
            "trade_id": "32e6fb0e-20d3-4264-987a-2e285d856293",
            "ticker": "HIGHMIA-23DEC27-B76.5",
            "count": 1,
            "created_time": "2023-12-26T21:33:50.669572Z",
            "yes_price": 14,
            "no_price": 86,
            "taker_side": "yes"
        },
        {
            "trade_id": "290ce1f4-9c2f-4a1e-ab07-e1dc68996211",
            "ticker": "HIGHMIA-23DEC27-B76.5",
            "count": 1,
            "created_time": "2023-12-26T21:32:37.7904Z",
            "yes_price": 14,
            "no_price": 86,
            "taker_side": "yes"
        },
        {
            "trade_id": "f40a245b-5aff-47eb-93a5-b79ef58c9610",
            "ticker": "HIGHMIA-23DEC27-B76.5",
            "count": 18,
            "created_time": "2023-12-26T21:29:46.396235Z",
            "yes_price": 10,
            "no_price": 90,
            "taker_side": "no"
        },
        {
            "trade_id": "05fca067-4806-464c-89b3-09ae848b58c0",
            "ticker": "HIGHMIA-23DEC27-B76.5",
            "count": 18,
            "created_time": "2023-12-26T21:29:46.396235Z",
            "yes_price": 9,
            "no_price": 91,
            "taker_side": "no"
        },
        {
            "trade_id": "d2741026-792a-404f-ad20-b37853a643bc",
            "ticker": "HIGHMIA-23DEC27-B76.5",
            "count": 2,
            "created_time": "2023-12-26T21:17:49.291076Z",
            "yes_price": 12,
            "no_price": 88,
            "taker_side": "no"
        },
        {
            "trade_id": "0e45441c-d01b-4895-824b-e44487d9f693",
            "ticker": "HIGHMIA-23DEC27-B76.5",
            "count": 2,
            "created_time": "2023-12-26T21:17:48.652505Z",
            "yes_price": 12,
            "no_price": 88,
            "taker_side": "no"
        },
        {
            "trade_id": "a69b958e-3216-4c8a-b2a2-4636fcee6200",
            "ticker": "HIGHMIA-23DEC27-B76.5",
            "count": 2,
            "created_time": "2023-12-26T21:17:47.472496Z",
            "yes_price": 17,
            "no_price": 83,
            "taker_side": "yes"
        },
        {
            "trade_id": "3a058094-574f-4a5c-a069-7df7d128afb5",
            "ticker": "HIGHMIA-23DEC27-B76.5",
            "count": 6,
            "created_time": "2023-12-26T21:17:47.195738Z",
            "yes_price": 12,
            "no_price": 88,
            "taker_side": "no"
        },
        {
            "trade_id": "d9cb018f-340b-4fa8-8d43-f00e263863e0",
            "ticker": "HIGHMIA-23DEC27-B76.5",
            "count": 55,
            "created_time": "2023-12-26T20:55:38.015176Z",
            "yes_price": 15,
            "no_price": 85,
            "taker_side": "no"
        },
        {
            "trade_id": "97ccda39-8f5e-4196-a7ee-2c51827bb8aa",
            "ticker": "HIGHMIA-23DEC27-B76.5",
            "count": 200,
            "created_time": "2023-12-26T20:55:38.015176Z",
            "yes_price": 15,
            "no_price": 85,
            "taker_side": "no"
        },
        {
            "trade_id": "6cb19a5d-e073-468a-adfe-06c4ab93e9da",
            "ticker": "HIGHMIA-23DEC27-B76.5",
            "count": 55,
            "created_time": "2023-12-26T20:55:38.015176Z",
            "yes_price": 16,
            "no_price": 84,
            "taker_side": "no"
        },
        {
            "trade_id": "54f452ea-ed4a-4583-aa9c-0b0866df9ae8",
            "ticker": "HIGHMIA-23DEC27-B76.5",
            "count": 16,
            "created_time": "2023-12-26T20:55:38.015176Z",
            "yes_price": 18,
            "no_price": 82,
            "taker_side": "no"
        },
        {
            "trade_id": "fd0b4b22-9711-4f7b-893a-db8375207b99",
            "ticker": "HIGHMIA-23DEC27-B76.5",
            "count": 50,
            "created_time": "2023-12-26T20:49:23.305216Z",
            "yes_price": 22,
            "no_price": 78,
            "taker_side": "no"
        },
        {
            "trade_id": "7a70d9ab-f2b4-490f-8880-a192a54f6d92",
            "ticker": "HIGHMIA-23DEC27-B76.5",
            "count": 100,
            "created_time": "2023-12-26T20:49:23.305216Z",
            "yes_price": 19,
            "no_price": 81,
            "taker_side": "no"
        },
        {
            "trade_id": "03c41193-7cf4-47ea-b91a-11066a658d7f",
            "ticker": "HIGHMIA-23DEC27-B76.5",
            "count": 1,
            "created_time": "2023-12-26T20:49:10.883077Z",
            "yes_price": 23,
            "no_price": 77,
            "taker_side": "no"
        },
        {
            "trade_id": "99f6d952-7f7b-40ea-8fc2-b60c27f36455",
            "ticker": "HIGHMIA-23DEC27-B76.5",
            "count": 50,
            "created_time": "2023-12-26T16:54:27.553823Z",
            "yes_price": 24,
            "no_price": 76,
            "taker_side": "no"
        },
        {
            "trade_id": "54dd7bdd-2bca-4532-95ef-abb148cb63d6",
            "ticker": "HIGHMIA-23DEC27-B76.5",
            "count": 42,
            "created_time": "2023-12-26T15:13:01.450653Z",
            "yes_price": 29,
            "no_price": 71,
            "taker_side": "yes"
        },
        {
            "trade_id": "31190451-d2ac-4d6f-b932-c937855e72cf",
            "ticker": "HIGHMIA-23DEC27-B76.5",
            "count": 16,
            "created_time": "2023-12-26T15:13:01.450653Z",
            "yes_price": 25,
            "no_price": 75,
            "taker_side": "yes"
        },
        {
            "trade_id": "1475e4b2-7e95-4d27-a438-ebabe19ce7c0",
            "ticker": "HIGHMIA-23DEC27-B76.5",
            "count": 42,
            "created_time": "2023-12-26T15:13:01.450653Z",
            "yes_price": 27,
            "no_price": 73,
            "taker_side": "yes"
        }
    ],
    "HIGHMIA-23DEC27-T77": [
        {
            "trade_id": "7ee0ef52-a20c-4ab8-b05b-f45ba32d2a5e",
            "ticker": "HIGHMIA-23DEC27-T77",
            "count": 1,
            "created_time": "2023-12-27T21:06:30.609383Z",
            "yes_price": 15,
            "no_price": 85,
            "taker_side": "no"
        },
        {
            "trade_id": "c8cedc1b-3d44-4730-93e5-4fa9617f6b91",
            "ticker": "HIGHMIA-23DEC27-T77",
            "count": 4,
            "created_time": "2023-12-27T21:03:40.948572Z",
            "yes_price": 15,
            "no_price": 85,
            "taker_side": "no"
        },
        {
            "trade_id": "ca3dfa5a-4f1e-4740-811e-de2f806c2696",
            "ticker": "HIGHMIA-23DEC27-T77",
            "count": 99,
            "created_time": "2023-12-27T21:01:27.01853Z",
            "yes_price": 7,
            "no_price": 93,
            "taker_side": "no"
        },
        {
            "trade_id": "a363925e-a747-4845-8e8a-2cbd78666157",
            "ticker": "HIGHMIA-23DEC27-T77",
            "count": 96,
            "created_time": "2023-12-27T21:01:07.761481Z",
            "yes_price": 7,
            "no_price": 93,
            "taker_side": "no"
        },
        {
            "trade_id": "c54bda56-f6e3-4c5a-a267-dd18136e1250",
            "ticker": "HIGHMIA-23DEC27-T77",
            "count": 6,
            "created_time": "2023-12-27T21:00:56.073093Z",
            "yes_price": 8,
            "no_price": 92,
            "taker_side": "no"
        },
        {
            "trade_id": "62af53cb-d6b5-41d7-9921-b736e06b7738",
            "ticker": "HIGHMIA-23DEC27-T77",
            "count": 2,
            "created_time": "2023-12-27T21:00:48.545378Z",
            "yes_price": 15,
            "no_price": 85,
            "taker_side": "no"
        },
        {
            "trade_id": "a5d71181-6ed0-4420-a7de-11d65d5f7204",
            "ticker": "HIGHMIA-23DEC27-T77",
            "count": 41,
            "created_time": "2023-12-27T15:56:00.657403Z",
            "yes_price": 82,
            "no_price": 18,
            "taker_side": "yes"
        },
        {
            "trade_id": "9cc34688-522b-4aee-b836-81dc4f48b4c0",
            "ticker": "HIGHMIA-23DEC27-T77",
            "count": 20,
            "created_time": "2023-12-27T15:56:00.657403Z",
            "yes_price": 79,
            "no_price": 21,
            "taker_side": "yes"
        },
        {
            "trade_id": "7bfab710-e5fd-4fb4-b8e9-fef1d43b469c",
            "ticker": "HIGHMIA-23DEC27-T77",
            "count": 41,
            "created_time": "2023-12-27T15:56:00.657403Z",
            "yes_price": 81,
            "no_price": 19,
            "taker_side": "yes"
        },
        {
            "trade_id": "1e971011-a7b0-4781-8124-a7c7cdcdcf8c",
            "ticker": "HIGHMIA-23DEC27-T77",
            "count": 1,
            "created_time": "2023-12-27T01:05:34.308536Z",
            "yes_price": 93,
            "no_price": 7,
            "taker_side": "yes"
        },
        {
            "trade_id": "1d783022-42a6-4cde-aeb8-656486e6917d",
            "ticker": "HIGHMIA-23DEC27-T77",
            "count": 400,
            "created_time": "2023-12-27T01:05:34.308536Z",
            "yes_price": 93,
            "no_price": 7,
            "taker_side": "yes"
        },
        {
            "trade_id": "88566b4c-ae43-46e8-b163-d13f9b0530de",
            "ticker": "HIGHMIA-23DEC27-T77",
            "count": 2,
            "created_time": "2023-12-26T23:13:38.870422Z",
            "yes_price": 89,
            "no_price": 11,
            "taker_side": "yes"
        },
        {
            "trade_id": "0286a488-7b5d-4b91-a1f5-268fd0c4e279",
            "ticker": "HIGHMIA-23DEC27-T77",
            "count": 6,
            "created_time": "2023-12-26T23:13:38.870422Z",
            "yes_price": 89,
            "no_price": 11,
            "taker_side": "yes"
        },
        {
            "trade_id": "f3e71edd-d559-4978-b658-ebcf16271c5a",
            "ticker": "HIGHMIA-23DEC27-T77",
            "count": 3,
            "created_time": "2023-12-26T22:59:05.314029Z",
            "yes_price": 88,
            "no_price": 12,
            "taker_side": "yes"
        },
        {
            "trade_id": "a29421cc-c100-43d2-a8bd-d235e89f9898",
            "ticker": "HIGHMIA-23DEC27-T77",
            "count": 10,
            "created_time": "2023-12-26T22:59:05.314029Z",
            "yes_price": 88,
            "no_price": 12,
            "taker_side": "yes"
        },
        {
            "trade_id": "ced074ee-2de7-4c80-821c-1bf124e481d8",
            "ticker": "HIGHMIA-23DEC27-T77",
            "count": 18,
            "created_time": "2023-12-26T21:22:42.53108Z",
            "yes_price": 88,
            "no_price": 12,
            "taker_side": "yes"
        },
        {
            "trade_id": "4ee00c79-07f8-489e-b12a-6ec2e801e6a2",
            "ticker": "HIGHMIA-23DEC27-T77",
            "count": 18,
            "created_time": "2023-12-26T21:22:42.53108Z",
            "yes_price": 86,
            "no_price": 14,
            "taker_side": "yes"
        },
        {
            "trade_id": "524ba640-51c3-4ab1-9353-e431c68768e6",
            "ticker": "HIGHMIA-23DEC27-T77",
            "count": 2,
            "created_time": "2023-12-26T21:17:49.445553Z",
            "yes_price": 81,
            "no_price": 19,
            "taker_side": "no"
        },
        {
            "trade_id": "f4591e90-0dff-4dfc-a330-d009ebf3bc86",
            "ticker": "HIGHMIA-23DEC27-T77",
            "count": 2,
            "created_time": "2023-12-26T21:17:48.786562Z",
            "yes_price": 81,
            "no_price": 19,
            "taker_side": "no"
        },
        {
            "trade_id": "2b6bdd95-1fc2-4882-8ed1-16b1e98cc587",
            "ticker": "HIGHMIA-23DEC27-T77",
            "count": 6,
            "created_time": "2023-12-26T21:17:47.20533Z",
            "yes_price": 81,
            "no_price": 19,
            "taker_side": "no"
        },
        {
            "trade_id": "96df2ace-db27-426d-8f94-55f98d5dc348",
            "ticker": "HIGHMIA-23DEC27-T77",
            "count": 200,
            "created_time": "2023-12-26T20:55:58.373187Z",
            "yes_price": 85,
            "no_price": 15,
            "taker_side": "yes"
        },
        {
            "trade_id": "446ec869-d464-4df2-9654-2c2a108698e9",
            "ticker": "HIGHMIA-23DEC27-T77",
            "count": 11,
            "created_time": "2023-12-26T20:55:58.373187Z",
            "yes_price": 84,
            "no_price": 16,
            "taker_side": "yes"
        },
        {
            "trade_id": "d8a80bca-7ef3-4ed8-8b06-9148adbb70e4",
            "ticker": "HIGHMIA-23DEC27-T77",
            "count": 4,
            "created_time": "2023-12-26T20:48:59.407318Z",
            "yes_price": 79,
            "no_price": 21,
            "taker_side": "yes"
        },
        {
            "trade_id": "d7efb8fd-4d9c-4a1b-b174-dce930d79a6f",
            "ticker": "HIGHMIA-23DEC27-T77",
            "count": 53,
            "created_time": "2023-12-26T20:48:59.407318Z",
            "yes_price": 81,
            "no_price": 19,
            "taker_side": "yes"
        },
        {
            "trade_id": "caa83642-9565-4b4d-961e-66cb67498fa1",
            "ticker": "HIGHMIA-23DEC27-T77",
            "count": 57,
            "created_time": "2023-12-26T20:48:59.407318Z",
            "yes_price": 79,
            "no_price": 21,
            "taker_side": "yes"
        },
        {
            "trade_id": "aef5e7e0-df1c-4810-84d7-48806a47ae0d",
            "ticker": "HIGHMIA-23DEC27-T77",
            "count": 16,
            "created_time": "2023-12-26T20:48:59.407318Z",
            "yes_price": 77,
            "no_price": 23,
            "taker_side": "yes"
        },
        {
            "trade_id": "d90338f7-a863-4d61-9d32-21fc1e25aba9",
            "ticker": "HIGHMIA-23DEC27-T77",
            "count": 20,
            "created_time": "2023-12-26T16:43:15.998069Z",
            "yes_price": 72,
            "no_price": 28,
            "taker_side": "yes"
        },
        {
            "trade_id": "32fde980-ac7d-427d-89bc-40b4977a1a45",
            "ticker": "HIGHMIA-23DEC27-T77",
            "count": 39,
            "created_time": "2023-12-26T16:40:00.481472Z",
            "yes_price": 69,
            "no_price": 31,
            "taker_side": "yes"
        },
        {
            "trade_id": "1b22f44f-7182-47e5-8591-5883e39deab3",
            "ticker": "HIGHMIA-23DEC27-T77",
            "count": 41,
            "created_time": "2023-12-26T16:29:23.906074Z",
            "yes_price": 72,
            "no_price": 28,
            "taker_side": "yes"
        },
        {
            "trade_id": "07a79221-6038-4075-9eef-9893bc92ffc2",
            "ticker": "HIGHMIA-23DEC27-T77",
            "count": 69,
            "created_time": "2023-12-26T16:29:23.906074Z",
            "yes_price": 74,
            "no_price": 26,
            "taker_side": "yes"
        },
        {
            "trade_id": "ea873f4f-91ee-416b-b297-d5f5ec46c5a0",
            "ticker": "HIGHMIA-23DEC27-T77",
            "count": 96,
            "created_time": "2023-12-26T16:28:33.131755Z",
            "yes_price": 79,
            "no_price": 21,
            "taker_side": "yes"
        },
        {
            "trade_id": "dbe23989-ebb3-41e3-9b4d-75fcbcf5fcea",
            "ticker": "HIGHMIA-23DEC27-T77",
            "count": 41,
            "created_time": "2023-12-26T16:28:33.131755Z",
            "yes_price": 72,
            "no_price": 28,
            "taker_side": "yes"
        },
        {
            "trade_id": "abd7b2f5-45ca-4b23-aca4-3215dd871207",
            "ticker": "HIGHMIA-23DEC27-T77",
            "count": 69,
            "created_time": "2023-12-26T16:28:33.131755Z",
            "yes_price": 76,
            "no_price": 24,
            "taker_side": "yes"
        },
        {
            "trade_id": "abb62989-89df-4ede-861c-59067d09a98e",
            "ticker": "HIGHMIA-23DEC27-T77",
            "count": 95,
            "created_time": "2023-12-26T16:28:33.131755Z",
            "yes_price": 73,
            "no_price": 27,
            "taker_side": "yes"
        },
        {
            "trade_id": "51c1eeed-fe2d-4d6b-b15a-bc8c33c1e188",
            "ticker": "HIGHMIA-23DEC27-T77",
            "count": 74,
            "created_time": "2023-12-26T16:28:33.131755Z",
            "yes_price": 74,
            "no_price": 26,
            "taker_side": "yes"
        },
        {
            "trade_id": "6fb394b6-477b-47d3-bd0a-5441f1ab6f27",
            "ticker": "HIGHMIA-23DEC27-T77",
            "count": 42,
            "created_time": "2023-12-26T15:13:03.873273Z",
            "yes_price": 65,
            "no_price": 35,
            "taker_side": "no"
        },
        {
            "trade_id": "1309dacb-7c93-4ee0-90b2-369fe73505f3",
            "ticker": "HIGHMIA-23DEC27-T77",
            "count": 42,
            "created_time": "2023-12-26T15:13:03.873273Z",
            "yes_price": 67,
            "no_price": 33,
            "taker_side": "no"
        },
        {
            "trade_id": "1103d96b-a337-4ea4-92c0-aded8bf014fa",
            "ticker": "HIGHMIA-23DEC27-T77",
            "count": 21,
            "created_time": "2023-12-26T15:13:03.873273Z",
            "yes_price": 69,
            "no_price": 31,
            "taker_side": "no"
        }
    ]
}