{
    "HIGHMIA-24SEP13-T87": [
        {
            "trade_id": "2a24b99e-1a34-4f59-9830-39d4cfee3eaa",
            "ticker": "HIGHMIA-24SEP13-T87",
            "count": 50,
            "created_time": "2024-09-12T16:00:57.531618Z",
            "yes_price": 1,
            "no_price": 99,
            "taker_side": "no"
        }
    ],
    "HIGHMIA-24SEP13-B87.5": [
        {
            "trade_id": "e83f0e03-c7f9-4fef-a569-851b12c992a4",
            "ticker": "HIGHMIA-24SEP13-B87.5",
            "count": 50,
            "created_time": "2024-09-13T14:00:18.992807Z",
            "yes_price": 1,
            "no_price": 99,
            "taker_side": "no"
        }
    ],
    "HIGHMIA-24SEP13-B89.5": [
        {
            "trade_id": "7a7e4b9c-d1d2-439e-bab1-01b4ef4db4c5",
            "ticker": "HIGHMIA-24SEP13-B89.5",
            "count": 618,
            "created_time": "2024-09-13T16:15:11.674562Z",
            "yes_price": 1,
            "no_price": 99,
            "taker_side": "yes"
        },
        {
            "trade_id": "a9bd91f5-47f2-4064-851e-a2c1546c7ed4",
            "ticker": "HIGHMIA-24SEP13-B89.5",
            "count": 50,
            "created_time": "2024-09-13T15:16:33.606029Z",
            "yes_price": 1,
            "no_price": 99,
            "taker_side": "no"
        },
        {
            "trade_id": "3e83a20f-1c97-4a59-9f7b-74570cc3089d",
            "ticker": "HIGHMIA-24SEP13-B89.5",
            "count": 60,
            "created_time": "2024-09-12T21:36:31.954777Z",
            "yes_price": 12,
            "no_price": 88,
            "taker_side": "no"
        },
        {
            "trade_id": "fc335270-187f-432a-995b-e5f6f21623cd",
            "ticker": "HIGHMIA-24SEP13-B89.5",
            "count": 100,
            "created_time": "2024-09-12T21:27:46.413929Z",
            "yes_price": 13,
            "no_price": 87,
            "taker_side": "no"
        },
        {
            "trade_id": "ce150798-b67f-4063-84dd-1ba16f7be008",
            "ticker": "HIGHMIA-24SEP13-B89.5",
            "count": 60,
            "created_time": "2024-09-12T21:27:46.413929Z",
            "yes_price": 11,
            "no_price": 89,
            "taker_side": "no"
        },
        {
            "trade_id": "6981b34a-c530-4f3a-a9d9-37674d4fe6b0",
            "ticker": "HIGHMIA-24SEP13-B89.5",
            "count": 100,
            "created_time": "2024-09-12T21:22:45.574762Z",
            "yes_price": 13,
            "no_price": 87,
            "taker_side": "no"
        },
        {
            "trade_id": "7c92e3fd-cd79-4d83-885b-1f06c072525e",
            "ticker": "HIGHMIA-24SEP13-B89.5",
            "count": 60,
            "created_time": "2024-09-12T21:22:36.254472Z",
            "yes_price": 15,
            "no_price": 85,
            "taker_side": "no"
        },
        {
            "trade_id": "7c5c0f8d-6a1a-4251-86ec-0f43c46dcb33",
            "ticker": "HIGHMIA-24SEP13-B89.5",
            "count": 40,
            "created_time": "2024-09-12T21:22:36.254472Z",
            "yes_price": 13,
            "no_price": 87,
            "taker_side": "no"
        },
        {
            "trade_id": "60c75739-226f-4875-a387-e076c1f18e5b",
            "ticker": "HIGHMIA-24SEP13-B89.5",
            "count": 78,
            "created_time": "2024-09-12T21:22:01.313605Z",
            "yes_price": 14,
            "no_price": 86,
            "taker_side": "no"
        },
        {
            "trade_id": "013b3c0a-5989-4054-b662-786f714a8774",
            "ticker": "HIGHMIA-24SEP13-B89.5",
            "count": 120,
            "created_time": "2024-09-12T21:22:01.313605Z",
            "yes_price": 16,
            "no_price": 84,
            "taker_side": "no"
        },
        {
            "trade_id": "24faa684-f759-4099-bb4f-9f71ba00bf95",
            "ticker": "HIGHMIA-24SEP13-B89.5",
            "count": 100,
            "created_time": "2024-09-12T19:15:06.086162Z",
            "yes_price": 17,
            "no_price": 83,
            "taker_side": "yes"
        },
        {
            "trade_id": "deac62ea-3205-4882-9f79-7e2698f0f8b2",
            "ticker": "HIGHMIA-24SEP13-B89.5",
            "count": 22,
            "created_time": "2024-09-12T14:39:03.698867Z",
            "yes_price": 11,
            "no_price": 89,
            "taker_side": "no"
        }
    ],
    "HIGHMIA-24SEP13-B91.5": [
        {
            "trade_id": "01570fdc-3fdc-44c5-bc1a-1c456fd2feaa",
            "ticker": "HIGHMIA-24SEP13-B91.5",
            "count": 1168,
            "created_time": "2024-09-13T19:42:10.317845Z",
            "yes_price": 1,
            "no_price": 99,
            "taker_side": "yes"
        },
        {
            "trade_id": "71f19c09-af81-4b69-82f6-955291c88c9a",
            "ticker": "HIGHMIA-24SEP13-B91.5",
            "count": 374,
            "created_time": "2024-09-13T19:01:16.311153Z",
            "yes_price": 1,
            "no_price": 99,
            "taker_side": "yes"
        },
        {
            "trade_id": "ffc19ca2-a338-475e-8662-0669854f8795",
            "ticker": "HIGHMIA-24SEP13-B91.5",
            "count": 756,
            "created_time": "2024-09-13T16:15:03.286423Z",
            "yes_price": 1,
            "no_price": 99,
            "taker_side": "yes"
        },
        {
            "trade_id": "92bb1587-d38b-4138-b3a2-9eaf07a4e76d",
            "ticker": "HIGHMIA-24SEP13-B91.5",
            "count": 93,
            "created_time": "2024-09-13T16:14:29.191074Z",
            "yes_price": 1,
            "no_price": 99,
            "taker_side": "yes"
        },
        {
            "trade_id": "d30c15b6-38ab-411b-9a71-a52335eb238b",
            "ticker": "HIGHMIA-24SEP13-B91.5",
            "count": 1000,
            "created_time": "2024-09-13T15:55:43.963203Z",
            "yes_price": 3,
            "no_price": 97,
            "taker_side": "no"
        },
        {
            "trade_id": "728d0969-bbf1-44ca-ae17-cbe7cef9dba6",
            "ticker": "HIGHMIA-24SEP13-B91.5",
            "count": 50,
            "created_time": "2024-09-13T15:55:43.963203Z",
            "yes_price": 1,
            "no_price": 99,
            "taker_side": "no"
        },
        {
            "trade_id": "69c1819e-9250-4e13-84b6-d95d444710c2",
            "ticker": "HIGHMIA-24SEP13-B91.5",
            "count": 20,
            "created_time": "2024-09-13T15:55:43.963203Z",
            "yes_price": 10,
            "no_price": 90,
            "taker_side": "no"
        },
        {
            "trade_id": "0a6b0548-dc99-4a63-9865-040798e17894",
            "ticker": "HIGHMIA-24SEP13-B91.5",
            "count": 200,
            "created_time": "2024-09-13T15:55:43.963203Z",
            "yes_price": 4,
            "no_price": 96,
            "taker_side": "no"
        },
        {
            "trade_id": "a74db1a2-47b2-4c41-a76c-24329ed221d6",
            "ticker": "HIGHMIA-24SEP13-B91.5",
            "count": 48,
            "created_time": "2024-09-13T15:44:46.932868Z",
            "yes_price": 60,
            "no_price": 40,
            "taker_side": "no"
        },
        {
            "trade_id": "e4f3ef03-ff4f-476f-b8fb-7ab2da1d4b0f",
            "ticker": "HIGHMIA-24SEP13-B91.5",
            "count": 50,
            "created_time": "2024-09-13T14:08:23.969368Z",
            "yes_price": 60,
            "no_price": 40,
            "taker_side": "no"
        },
        {
            "trade_id": "66b0fafb-0f64-4163-9af2-e3a490204b0e",
            "ticker": "HIGHMIA-24SEP13-B91.5",
            "count": 29,
            "created_time": "2024-09-13T13:04:24.012882Z",
            "yes_price": 60,
            "no_price": 40,
            "taker_side": "no"
        },
        {
            "trade_id": "ddcfb3f2-18b8-4be0-a924-cc486876bd7e",
            "ticker": "HIGHMIA-24SEP13-B91.5",
            "count": 20,
            "created_time": "2024-09-13T12:37:14.949761Z",
            "yes_price": 68,
            "no_price": 32,
            "taker_side": "yes"
        },
        {
            "trade_id": "de8c4cc1-c705-4190-9c5d-27e2f8baf566",
            "ticker": "HIGHMIA-24SEP13-B91.5",
            "count": 21,
            "created_time": "2024-09-13T12:05:15.20871Z",
            "yes_price": 67,
            "no_price": 33,
            "taker_side": "yes"
        },
        {
            "trade_id": "11425c7a-34b5-46ce-853b-70beba61d378",
            "ticker": "HIGHMIA-24SEP13-B91.5",
            "count": 14,
            "created_time": "2024-09-13T12:05:08.834454Z",
            "yes_price": 67,
            "no_price": 33,
            "taker_side": "yes"
        },
        {
            "trade_id": "c045a69b-2c4d-4815-b4fc-53765d1d2b80",
            "ticker": "HIGHMIA-24SEP13-B91.5",
            "count": 20,
            "created_time": "2024-09-13T01:48:50.736124Z",
            "yes_price": 50,
            "no_price": 50,
            "taker_side": "yes"
        },
        {
            "trade_id": "252cc762-cf24-490d-8bd1-28f0ec52d5b6",
            "ticker": "HIGHMIA-24SEP13-B91.5",
            "count": 80,
            "created_time": "2024-09-13T01:48:34.404209Z",
            "yes_price": 50,
            "no_price": 50,
            "taker_side": "yes"
        },
        {
            "trade_id": "553c47dd-a7e1-47c6-a138-c69d2acde302",
            "ticker": "HIGHMIA-24SEP13-B91.5",
            "count": 16,
            "created_time": "2024-09-12T23:49:48.402746Z",
            "yes_price": 58,
            "no_price": 42,
            "taker_side": "yes"
        },
        {
            "trade_id": "86515f03-d522-4041-9670-55158a204d02",
            "ticker": "HIGHMIA-24SEP13-B91.5",
            "count": 200,
            "created_time": "2024-09-12T22:04:52.685625Z",
            "yes_price": 46,
            "no_price": 54,
            "taker_side": "yes"
        },
        {
            "trade_id": "822f9210-8f72-4811-b94c-9d95a08f6c78",
            "ticker": "HIGHMIA-24SEP13-B91.5",
            "count": 60,
            "created_time": "2024-09-12T22:04:52.685625Z",
            "yes_price": 45,
            "no_price": 55,
            "taker_side": "yes"
        },
        {
            "trade_id": "ea48b693-f525-4932-99b5-d4111bf774ce",
            "ticker": "HIGHMIA-24SEP13-B91.5",
            "count": 20,
            "created_time": "2024-09-12T21:52:39.702726Z",
            "yes_price": 45,
            "no_price": 55,
            "taker_side": "no"
        },
        {
            "trade_id": "981453ff-d6d7-4abf-b490-a1c34f68182a",
            "ticker": "HIGHMIA-24SEP13-B91.5",
            "count": 40,
            "created_time": "2024-09-12T21:52:39.686654Z",
            "yes_price": 45,
            "no_price": 55,
            "taker_side": "no"
        },
        {
            "trade_id": "8bba0dfa-2e64-4527-addb-21342fc1a7e2",
            "ticker": "HIGHMIA-24SEP13-B91.5",
            "count": 40,
            "created_time": "2024-09-12T21:48:33.082505Z",
            "yes_price": 45,
            "no_price": 55,
            "taker_side": "no"
        },
        {
            "trade_id": "da8bd42a-3e86-4bb3-a19b-25df04051ffe",
            "ticker": "HIGHMIA-24SEP13-B91.5",
            "count": 100,
            "created_time": "2024-09-12T21:36:23.92334Z",
            "yes_price": 49,
            "no_price": 51,
            "taker_side": "no"
        },
        {
            "trade_id": "d28bda11-d20f-442e-92bc-33c5aed2cdc6",
            "ticker": "HIGHMIA-24SEP13-B91.5",
            "count": 60,
            "created_time": "2024-09-12T21:27:18.750086Z",
            "yes_price": 49,
            "no_price": 51,
            "taker_side": "no"
        },
        {
            "trade_id": "c397a4ae-d80a-49fc-8007-6eef9448d043",
            "ticker": "HIGHMIA-24SEP13-B91.5",
            "count": 100,
            "created_time": "2024-09-12T21:27:18.750086Z",
            "yes_price": 49,
            "no_price": 51,
            "taker_side": "no"
        },
        {
            "trade_id": "aa649b76-d957-42fa-ac89-15807050afa8",
            "ticker": "HIGHMIA-24SEP13-B91.5",
            "count": 3,
            "created_time": "2024-09-12T21:23:02.456709Z",
            "yes_price": 54,
            "no_price": 46,
            "taker_side": "yes"
        },
        {
            "trade_id": "e77beeae-654e-426d-862f-3b8d13eb2593",
            "ticker": "HIGHMIA-24SEP13-B91.5",
            "count": 2,
            "created_time": "2024-09-12T21:22:46.171776Z",
            "yes_price": 54,
            "no_price": 46,
            "taker_side": "yes"
        },
        {
            "trade_id": "f790722d-6de4-4b72-b0a8-bc02920fe142",
            "ticker": "HIGHMIA-24SEP13-B91.5",
            "count": 200,
            "created_time": "2024-09-12T21:22:14.366067Z",
            "yes_price": 49,
            "no_price": 51,
            "taker_side": "no"
        },
        {
            "trade_id": "c1ee16b5-5bef-447f-be41-ffd9a7f6e873",
            "ticker": "HIGHMIA-24SEP13-B91.5",
            "count": 198,
            "created_time": "2024-09-12T21:21:48.911865Z",
            "yes_price": 51,
            "no_price": 49,
            "taker_side": "no"
        },
        {
            "trade_id": "1c0812dc-0ab0-4544-a2ad-cf6282d58791",
            "ticker": "HIGHMIA-24SEP13-B91.5",
            "count": 50,
            "created_time": "2024-09-12T21:12:01.831087Z",
            "yes_price": 55,
            "no_price": 45,
            "taker_side": "yes"
        },
        {
            "trade_id": "a54bb391-f3f6-4ee5-9b28-ef0f8e2bc240",
            "ticker": "HIGHMIA-24SEP13-B91.5",
            "count": 100,
            "created_time": "2024-09-12T19:15:21.906935Z",
            "yes_price": 56,
            "no_price": 44,
            "taker_side": "yes"
        },
        {
            "trade_id": "7a4dcffd-d627-47d6-88e8-709d15b1136b",
            "ticker": "HIGHMIA-24SEP13-B91.5",
            "count": 1,
            "created_time": "2024-09-12T18:35:17.208294Z",
            "yes_price": 51,
            "no_price": 49,
            "taker_side": "no"
        },
        {
            "trade_id": "c80ca740-19de-42fe-b68f-9306af56f4d2",
            "ticker": "HIGHMIA-24SEP13-B91.5",
            "count": 22,
            "created_time": "2024-09-12T18:04:33.421435Z",
            "yes_price": 54,
            "no_price": 46,
            "taker_side": "yes"
        },
        {
            "trade_id": "713115b7-a56c-41b1-b026-54da1ac2f456",
            "ticker": "HIGHMIA-24SEP13-B91.5",
            "count": 60,
            "created_time": "2024-09-12T18:04:33.421435Z",
            "yes_price": 57,
            "no_price": 43,
            "taker_side": "yes"
        },
        {
            "trade_id": "c8fde105-c3da-4a23-95fe-29cd380c5c07",
            "ticker": "HIGHMIA-24SEP13-B91.5",
            "count": 1,
            "created_time": "2024-09-12T17:30:35.676618Z",
            "yes_price": 51,
            "no_price": 49,
            "taker_side": "no"
        }
    ],
    "HIGHMIA-24SEP13-B93.5": [
        {
            "trade_id": "eebadae4-f71c-4b5c-94e9-725aaad5dcc7",
            "ticker": "HIGHMIA-24SEP13-B93.5",
            "count": 54,
            "created_time": "2024-09-13T19:42:27.284094Z",
            "yes_price": 1,
            "no_price": 99,
            "taker_side": "yes"
        },
        {
            "trade_id": "ad1d8bff-5a2e-44f5-a149-0050dfe1777d",
            "ticker": "HIGHMIA-24SEP13-B93.5",
            "count": 613,
            "created_time": "2024-09-13T19:42:27.284094Z",
            "yes_price": 1,
            "no_price": 99,
            "taker_side": "yes"
        },
        {
            "trade_id": "892bfc78-bb19-4508-a1d1-1815fcab0327",
            "ticker": "HIGHMIA-24SEP13-B93.5",
            "count": 101,
            "created_time": "2024-09-13T19:42:27.284094Z",
            "yes_price": 1,
            "no_price": 99,
            "taker_side": "yes"
        },
        {
            "trade_id": "7f2eea42-0da2-4174-93f5-343f298974e2",
            "ticker": "HIGHMIA-24SEP13-B93.5",
            "count": 101,
            "created_time": "2024-09-13T19:42:27.284094Z",
            "yes_price": 1,
            "no_price": 99,
            "taker_side": "yes"
        },
        {
            "trade_id": "4361edc1-737c-40a8-998e-f33d3816c58b",
            "ticker": "HIGHMIA-24SEP13-B93.5",
            "count": 101,
            "created_time": "2024-09-13T19:42:27.284094Z",
            "yes_price": 1,
            "no_price": 99,
            "taker_side": "yes"
        },
        {
            "trade_id": "35d16fe0-febf-48f1-a15f-61c5e858c92c",
            "ticker": "HIGHMIA-24SEP13-B93.5",
            "count": 101,
            "created_time": "2024-09-13T19:42:27.284094Z",
            "yes_price": 1,
            "no_price": 99,
            "taker_side": "yes"
        },
        {
            "trade_id": "08e653b3-0b01-4997-be7f-b79cb030f9d3",
            "ticker": "HIGHMIA-24SEP13-B93.5",
            "count": 101,
            "created_time": "2024-09-13T19:42:27.284094Z",
            "yes_price": 1,
            "no_price": 99,
            "taker_side": "yes"
        },
        {
            "trade_id": "6cfb02b4-cd49-44bd-9166-5c0ae0179cb3",
            "ticker": "HIGHMIA-24SEP13-B93.5",
            "count": 45,
            "created_time": "2024-09-13T19:05:19.842262Z",
            "yes_price": 1,
            "no_price": 99,
            "taker_side": "yes"
        },
        {
            "trade_id": "5f242db1-d376-4467-bfbe-b1cbfe355a93",
            "ticker": "HIGHMIA-24SEP13-B93.5",
            "count": 47,
            "created_time": "2024-09-13T19:05:19.842262Z",
            "yes_price": 1,
            "no_price": 99,
            "taker_side": "yes"
        },
        {
            "trade_id": "55b258b9-3889-423a-b0f2-c33766f4dc5c",
            "ticker": "HIGHMIA-24SEP13-B93.5",
            "count": 25,
            "created_time": "2024-09-13T17:54:00.776178Z",
            "yes_price": 1,
            "no_price": 99,
            "taker_side": "yes"
        },
        {
            "trade_id": "7aca2b5a-be8d-446f-9df1-0d548bc1a766",
            "ticker": "HIGHMIA-24SEP13-B93.5",
            "count": 30,
            "created_time": "2024-09-13T17:54:00.680759Z",
            "yes_price": 1,
            "no_price": 99,
            "taker_side": "no"
        },
        {
            "trade_id": "7863a94a-2ead-423c-8266-ddd746b0e479",
            "ticker": "HIGHMIA-24SEP13-B93.5",
            "count": 187,
            "created_time": "2024-09-13T17:54:00.370795Z",
            "yes_price": 59,
            "no_price": 41,
            "taker_side": "no"
        },
        {
            "trade_id": "5125dc35-40f1-4d88-a967-80455465c619",
            "ticker": "HIGHMIA-24SEP13-B93.5",
            "count": 20,
            "created_time": "2024-09-13T17:54:00.370795Z",
            "yes_price": 1,
            "no_price": 99,
            "taker_side": "no"
        },
        {
            "trade_id": "6b36448c-204e-476a-8721-56c037a6de89",
            "ticker": "HIGHMIA-24SEP13-B93.5",
            "count": 22,
            "created_time": "2024-09-13T15:55:43.977525Z",
            "yes_price": 59,
            "no_price": 41,
            "taker_side": "yes"
        },
        {
            "trade_id": "a3384d35-4a78-4dd3-b7fa-c131e217b76b",
            "ticker": "HIGHMIA-24SEP13-B93.5",
            "count": 2,
            "created_time": "2024-09-13T15:28:00.102623Z",
            "yes_price": 18,
            "no_price": 82,
            "taker_side": "no"
        },
        {
            "trade_id": "98f2ca32-3fab-4a46-ae7b-ba91534a365b",
            "ticker": "HIGHMIA-24SEP13-B93.5",
            "count": 98,
            "created_time": "2024-09-13T15:27:47.225157Z",
            "yes_price": 22,
            "no_price": 78,
            "taker_side": "no"
        },
        {
            "trade_id": "69ac85eb-bac9-48e8-9040-cdb2850e5066",
            "ticker": "HIGHMIA-24SEP13-B93.5",
            "count": 25,
            "created_time": "2024-09-13T15:27:47.225157Z",
            "yes_price": 23,
            "no_price": 77,
            "taker_side": "no"
        },
        {
            "trade_id": "755364e0-8e49-4aa2-b037-bb2daca21662",
            "ticker": "HIGHMIA-24SEP13-B93.5",
            "count": 20,
            "created_time": "2024-09-13T00:48:35.076832Z",
            "yes_price": 40,
            "no_price": 60,
            "taker_side": "yes"
        },
        {
            "trade_id": "bf456c67-3c4a-495a-9a3b-fba17e798430",
            "ticker": "HIGHMIA-24SEP13-B93.5",
            "count": 40,
            "created_time": "2024-09-13T00:44:36.631896Z",
            "yes_price": 40,
            "no_price": 60,
            "taker_side": "yes"
        },
        {
            "trade_id": "6efabd30-47f3-4b78-b792-4229ec776b19",
            "ticker": "HIGHMIA-24SEP13-B93.5",
            "count": 40,
            "created_time": "2024-09-13T00:40:47.078297Z",
            "yes_price": 40,
            "no_price": 60,
            "taker_side": "yes"
        },
        {
            "trade_id": "329e1f71-8ed0-46b0-9c56-e996da56bb87",
            "ticker": "HIGHMIA-24SEP13-B93.5",
            "count": 115,
            "created_time": "2024-09-12T21:52:39.717062Z",
            "yes_price": 39,
            "no_price": 61,
            "taker_side": "yes"
        },
        {
            "trade_id": "55e7d61d-e4d3-4b91-885b-757790cf393c",
            "ticker": "HIGHMIA-24SEP13-B93.5",
            "count": 20,
            "created_time": "2024-09-12T21:27:58.092902Z",
            "yes_price": 32,
            "no_price": 68,
            "taker_side": "yes"
        },
        {
            "trade_id": "f846c636-c4f0-415f-9953-d9a6527d1854",
            "ticker": "HIGHMIA-24SEP13-B93.5",
            "count": 40,
            "created_time": "2024-09-12T21:22:58.508765Z",
            "yes_price": 32,
            "no_price": 68,
            "taker_side": "yes"
        },
        {
            "trade_id": "0c6a41a2-2242-4761-af1d-d1535cf33482",
            "ticker": "HIGHMIA-24SEP13-B93.5",
            "count": 55,
            "created_time": "2024-09-12T21:18:41.261907Z",
            "yes_price": 29,
            "no_price": 71,
            "taker_side": "yes"
        },
        {
            "trade_id": "c8e57b54-327f-4aaa-86a9-f8e6dc4a6360",
            "ticker": "HIGHMIA-24SEP13-B93.5",
            "count": 200,
            "created_time": "2024-09-12T21:11:46.486247Z",
            "yes_price": 28,
            "no_price": 72,
            "taker_side": "yes"
        },
        {
            "trade_id": "795814b9-716c-40c4-9173-91cd58e53632",
            "ticker": "HIGHMIA-24SEP13-B93.5",
            "count": 120,
            "created_time": "2024-09-12T21:11:46.486247Z",
            "yes_price": 26,
            "no_price": 74,
            "taker_side": "yes"
        },
        {
            "trade_id": "dd79f09d-35e4-4d22-992b-a6f66510d67b",
            "ticker": "HIGHMIA-24SEP13-B93.5",
            "count": 200,
            "created_time": "2024-09-12T21:06:02.013407Z",
            "yes_price": 22,
            "no_price": 78,
            "taker_side": "yes"
        },
        {
            "trade_id": "ac50ebbc-7f7f-4ec9-982a-a88d7781aa59",
            "ticker": "HIGHMIA-24SEP13-B93.5",
            "count": 200,
            "created_time": "2024-09-12T21:06:02.013407Z",
            "yes_price": 23,
            "no_price": 77,
            "taker_side": "yes"
        },
        {
            "trade_id": "58b55433-a356-4e57-a240-ca05205d3de8",
            "ticker": "HIGHMIA-24SEP13-B93.5",
            "count": 80,
            "created_time": "2024-09-12T21:06:02.013407Z",
            "yes_price": 20,
            "no_price": 80,
            "taker_side": "yes"
        },
        {
            "trade_id": "adf4311a-8387-401c-bae7-3ef44201b3f6",
            "ticker": "HIGHMIA-24SEP13-B93.5",
            "count": 60,
            "created_time": "2024-09-12T15:56:39.504243Z",
            "yes_price": 29,
            "no_price": 71,
            "taker_side": "yes"
        },
        {
            "trade_id": "2d3bc212-13cb-4db9-b65f-d40d83141b15",
            "ticker": "HIGHMIA-24SEP13-B93.5",
            "count": 2,
            "created_time": "2024-09-12T14:15:13.896104Z",
            "yes_price": 18,
            "no_price": 82,
            "taker_side": "yes"
        },
        {
            "trade_id": "17b22355-83fa-4d5e-8889-0659df2af731",
            "ticker": "HIGHMIA-24SEP13-B93.5",
            "count": 115,
            "created_time": "2024-09-12T14:15:13.896104Z",
            "yes_price": 19,
            "no_price": 81,
            "taker_side": "yes"
        }
    ],
    "HIGHMIA-24SEP13-T94": [
        {
            "trade_id": "b0995e89-fa19-4ba9-86e6-4ed88bc4ff29",
            "ticker": "HIGHMIA-24SEP13-T94",
            "count": 1,
            "created_time": "2024-09-13T23:27:18.916388Z",
            "yes_price": 99,
            "no_price": 1,
            "taker_side": "no"
        },
        {
            "trade_id": "c5d96f92-4356-4a3e-822a-931bbbd393a8",
            "ticker": "HIGHMIA-24SEP13-T94",
            "count": 43,
            "created_time": "2024-09-13T19:08:49.42728Z",
            "yes_price": 99,
            "no_price": 1,
            "taker_side": "no"
        },
        {
            "trade_id": "abd92d0e-2684-424f-8342-cad15cb40acd",
            "ticker": "HIGHMIA-24SEP13-T94",
            "count": 50,
            "created_time": "2024-09-13T19:08:49.42728Z",
            "yes_price": 99,
            "no_price": 1,
            "taker_side": "no"
        },
        {
            "trade_id": "4e012389-7347-4899-bddb-1c59ee255b4a",
            "ticker": "HIGHMIA-24SEP13-T94",
            "count": 50,
            "created_time": "2024-09-13T17:54:03.433004Z",
            "yes_price": 99,
            "no_price": 1,
            "taker_side": "yes"
        },
        {
            "trade_id": "38877f09-33c0-4116-831f-59cbbe5a3ea9",
            "ticker": "HIGHMIA-24SEP13-T94",
            "count": 25,
            "created_time": "2024-09-13T17:54:00.758749Z",
            "yes_price": 97,
            "no_price": 3,
            "taker_side": "yes"
        },
        {
            "trade_id": "9826bc27-3e37-4916-958e-0c7169fdd0fc",
            "ticker": "HIGHMIA-24SEP13-T94",
            "count": 22,
            "created_time": "2024-09-13T15:55:43.981277Z",
            "yes_price": 23,
            "no_price": 77,
            "taker_side": "yes"
        }
    ]
}