{
    "HIGHMIA-24OCT16-T81": [
        {
            "trade_id": "b888d6d9-0dee-4a90-a074-b152d70f0f82",
            "ticker": "HIGHMIA-24OCT16-T81",
            "count": 50,
            "created_time": "2024-10-16T02:37:54.251385Z",
            "yes_price": 1,
            "no_price": 99,
            "taker_side": "no"
        }
    ],
    "HIGHMIA-24OCT16-B81.5": [
        {
            "trade_id": "eec892db-1c4b-4232-9b44-81702132f7e6",
            "ticker": "HIGHMIA-24OCT16-B81.5",
            "count": 16,
            "created_time": "2024-10-16T13:22:08.190133Z",
            "yes_price": 1,
            "no_price": 99,
            "taker_side": "no"
        },
        {
            "trade_id": "3a1632e3-dc0f-49fb-a32a-84da8c3d515c",
            "ticker": "HIGHMIA-24OCT16-B81.5",
            "count": 34,
            "created_time": "2024-10-16T12:00:23.274769Z",
            "yes_price": 1,
            "no_price": 99,
            "taker_side": "no"
        },
        {
            "trade_id": "d3defac1-3f49-4547-972a-3f699fabc1b4",
            "ticker": "HIGHMIA-24OCT16-B81.5",
            "count": 3,
            "created_time": "2024-10-16T06:43:22.569428Z",
            "yes_price": 4,
            "no_price": 96,
            "taker_side": "no"
        },
        {
            "trade_id": "5a75b4eb-5e16-4c15-9510-7ccf695306bc",
            "ticker": "HIGHMIA-24OCT16-B81.5",
            "count": 2,
            "created_time": "2024-10-16T06:36:00.227436Z",
            "yes_price": 4,
            "no_price": 96,
            "taker_side": "no"
        },
        {
            "trade_id": "0e49b066-3dcd-45b6-a40b-98cab712a6fa",
            "ticker": "HIGHMIA-24OCT16-B81.5",
            "count": 50,
            "created_time": "2024-10-16T02:37:54.250249Z",
            "yes_price": 3,
            "no_price": 97,
            "taker_side": "no"
        }
    ],
    "HIGHMIA-24OCT16-B83.5": [
        {
            "trade_id": "f5cd45b7-4dbf-420d-a1fe-eb1559dfd3dc",
            "ticker": "HIGHMIA-24OCT16-B83.5",
            "count": 55,
            "created_time": "2024-10-16T17:30:14.569191Z",
            "yes_price": 1,
            "no_price": 99,
            "taker_side": "yes"
        },
        {
            "trade_id": "c6ecef6a-ba97-4698-aa73-32a2c7a74b0c",
            "ticker": "HIGHMIA-24OCT16-B83.5",
            "count": 285,
            "created_time": "2024-10-16T17:30:14.569191Z",
            "yes_price": 1,
            "no_price": 99,
            "taker_side": "yes"
        },
        {
            "trade_id": "094c6529-ba9e-43d2-9704-41d776e975d5",
            "ticker": "HIGHMIA-24OCT16-B83.5",
            "count": 33,
            "created_time": "2024-10-16T17:30:14.569191Z",
            "yes_price": 1,
            "no_price": 99,
            "taker_side": "yes"
        },
        {
            "trade_id": "af77262b-1c84-43bd-8623-4a8fe56376ab",
            "ticker": "HIGHMIA-24OCT16-B83.5",
            "count": 561,
            "created_time": "2024-10-16T17:02:38.339458Z",
            "yes_price": 1,
            "no_price": 99,
            "taker_side": "yes"
        },
        {
            "trade_id": "13a88f17-55f8-4fd9-87aa-1ba4d3f9f24e",
            "ticker": "HIGHMIA-24OCT16-B83.5",
            "count": 102,
            "created_time": "2024-10-16T16:45:53.691044Z",
            "yes_price": 1,
            "no_price": 99,
            "taker_side": "yes"
        },
        {
            "trade_id": "9dcd376a-fd6d-45ca-92d4-fa454e65240c",
            "ticker": "HIGHMIA-24OCT16-B83.5",
            "count": 50,
            "created_time": "2024-10-16T15:11:19.978972Z",
            "yes_price": 1,
            "no_price": 99,
            "taker_side": "no"
        },
        {
            "trade_id": "8dc59658-b8f9-423c-9356-b62bc7b0c333",
            "ticker": "HIGHMIA-24OCT16-B83.5",
            "count": 2,
            "created_time": "2024-10-16T15:11:19.978972Z",
            "yes_price": 5,
            "no_price": 95,
            "taker_side": "no"
        },
        {
            "trade_id": "e95ca041-9745-40d9-befd-d360f969584d",
            "ticker": "HIGHMIA-24OCT16-B83.5",
            "count": 20,
            "created_time": "2024-10-16T14:53:08.170396Z",
            "yes_price": 25,
            "no_price": 75,
            "taker_side": "yes"
        },
        {
            "trade_id": "98320c09-dcb6-4eae-ade7-428c1f26733e",
            "ticker": "HIGHMIA-24OCT16-B83.5",
            "count": 10,
            "created_time": "2024-10-16T13:56:27.969964Z",
            "yes_price": 18,
            "no_price": 82,
            "taker_side": "yes"
        },
        {
            "trade_id": "f10032aa-5d74-4539-8b10-bea0ad9f2cf3",
            "ticker": "HIGHMIA-24OCT16-B83.5",
            "count": 30,
            "created_time": "2024-10-16T13:53:25.860844Z",
            "yes_price": 17,
            "no_price": 83,
            "taker_side": "yes"
        },
        {
            "trade_id": "3299e911-450a-402a-bf2f-7cc1fc8f9e17",
            "ticker": "HIGHMIA-24OCT16-B83.5",
            "count": 58,
            "created_time": "2024-10-16T13:53:25.860844Z",
            "yes_price": 19,
            "no_price": 81,
            "taker_side": "yes"
        },
        {
            "trade_id": "f5d804a4-6cd6-4709-b794-4ded37f327e6",
            "ticker": "HIGHMIA-24OCT16-B83.5",
            "count": 28,
            "created_time": "2024-10-16T13:35:43.584535Z",
            "yes_price": 15,
            "no_price": 85,
            "taker_side": "yes"
        },
        {
            "trade_id": "eea8c95d-22f7-4350-8097-8ca7f4dedece",
            "ticker": "HIGHMIA-24OCT16-B83.5",
            "count": 14,
            "created_time": "2024-10-16T12:00:23.180641Z",
            "yes_price": 39,
            "no_price": 61,
            "taker_side": "yes"
        },
        {
            "trade_id": "d2f82ab4-126b-41f0-a4b2-273e3c7f0406",
            "ticker": "HIGHMIA-24OCT16-B83.5",
            "count": 3,
            "created_time": "2024-10-16T12:00:23.180641Z",
            "yes_price": 52,
            "no_price": 48,
            "taker_side": "yes"
        },
        {
            "trade_id": "9c5a54b4-e95b-4703-bb44-fd1161ab8ef9",
            "ticker": "HIGHMIA-24OCT16-B83.5",
            "count": 34,
            "created_time": "2024-10-16T12:00:23.180641Z",
            "yes_price": 39,
            "no_price": 61,
            "taker_side": "yes"
        },
        {
            "trade_id": "78676134-c415-4a13-b386-6a593a34a76f",
            "ticker": "HIGHMIA-24OCT16-B83.5",
            "count": 8,
            "created_time": "2024-10-16T12:00:23.180641Z",
            "yes_price": 46,
            "no_price": 54,
            "taker_side": "yes"
        },
        {
            "trade_id": "b1c104d0-a684-4cba-990e-9445e231b48c",
            "ticker": "HIGHMIA-24OCT16-B83.5",
            "count": 3,
            "created_time": "2024-10-16T06:43:22.573146Z",
            "yes_price": 17,
            "no_price": 83,
            "taker_side": "no"
        },
        {
            "trade_id": "798c58f4-b328-42a5-b034-e3dbefe64135",
            "ticker": "HIGHMIA-24OCT16-B83.5",
            "count": 2,
            "created_time": "2024-10-16T06:36:00.234583Z",
            "yes_price": 24,
            "no_price": 76,
            "taker_side": "no"
        },
        {
            "trade_id": "ff0c3165-1f50-4419-98e1-09d0af87a88b",
            "ticker": "HIGHMIA-24OCT16-B83.5",
            "count": 3,
            "created_time": "2024-10-16T06:34:30.560627Z",
            "yes_price": 25,
            "no_price": 75,
            "taker_side": "yes"
        },
        {
            "trade_id": "1ca3bacc-5d2d-464a-940e-d7fd2272bb6d",
            "ticker": "HIGHMIA-24OCT16-B83.5",
            "count": 3,
            "created_time": "2024-10-16T06:24:07.883868Z",
            "yes_price": 25,
            "no_price": 75,
            "taker_side": "yes"
        },
        {
            "trade_id": "2b0a9051-7261-4d97-a47d-8f801ac4fe18",
            "ticker": "HIGHMIA-24OCT16-B83.5",
            "count": 14,
            "created_time": "2024-10-16T05:26:08.39749Z",
            "yes_price": 32,
            "no_price": 68,
            "taker_side": "yes"
        },
        {
            "trade_id": "246ab436-d37e-490b-a7df-340f3b72bf58",
            "ticker": "HIGHMIA-24OCT16-B83.5",
            "count": 29,
            "created_time": "2024-10-16T04:49:21.612281Z",
            "yes_price": 32,
            "no_price": 68,
            "taker_side": "yes"
        },
        {
            "trade_id": "9795ba9e-b95f-4bb1-99fc-d6a42821c17a",
            "ticker": "HIGHMIA-24OCT16-B83.5",
            "count": 43,
            "created_time": "2024-10-16T03:22:45.02471Z",
            "yes_price": 27,
            "no_price": 73,
            "taker_side": "yes"
        },
        {
            "trade_id": "90347706-5d1f-4e4a-9189-872b2d3c9b0a",
            "ticker": "HIGHMIA-24OCT16-B83.5",
            "count": 105,
            "created_time": "2024-10-16T02:38:49.379157Z",
            "yes_price": 24,
            "no_price": 76,
            "taker_side": "no"
        },
        {
            "trade_id": "a30843ea-84e3-4049-892c-b32282bfd3db",
            "ticker": "HIGHMIA-24OCT16-B83.5",
            "count": 50,
            "created_time": "2024-10-16T02:37:54.254021Z",
            "yes_price": 24,
            "no_price": 76,
            "taker_side": "no"
        },
        {
            "trade_id": "6a220502-01e1-446f-af5d-fd16d2c013e1",
            "ticker": "HIGHMIA-24OCT16-B83.5",
            "count": 3,
            "created_time": "2024-10-16T02:29:33.652556Z",
            "yes_price": 27,
            "no_price": 73,
            "taker_side": "yes"
        },
        {
            "trade_id": "292e94e2-5ae7-46c9-9a60-1ebd912123dd",
            "ticker": "HIGHMIA-24OCT16-B83.5",
            "count": 10,
            "created_time": "2024-10-16T02:14:11.241947Z",
            "yes_price": 27,
            "no_price": 73,
            "taker_side": "yes"
        },
        {
            "trade_id": "dc67dd1a-a2d7-4746-b80c-4546bfb6ffe3",
            "ticker": "HIGHMIA-24OCT16-B83.5",
            "count": 1,
            "created_time": "2024-10-16T02:07:17.182348Z",
            "yes_price": 27,
            "no_price": 73,
            "taker_side": "yes"
        },
        {
            "trade_id": "55c89872-5cc6-4ef3-8659-433d9dfa6d31",
            "ticker": "HIGHMIA-24OCT16-B83.5",
            "count": 27,
            "created_time": "2024-10-15T23:22:21.246477Z",
            "yes_price": 35,
            "no_price": 65,
            "taker_side": "yes"
        },
        {
            "trade_id": "a61f569e-0ae1-4192-b4e5-3b79fcaf335a",
            "ticker": "HIGHMIA-24OCT16-B83.5",
            "count": 29,
            "created_time": "2024-10-15T23:00:02.478718Z",
            "yes_price": 26,
            "no_price": 74,
            "taker_side": "yes"
        },
        {
            "trade_id": "57079718-aa31-4cae-9ce1-ff88e9e63056",
            "ticker": "HIGHMIA-24OCT16-B83.5",
            "count": 60,
            "created_time": "2024-10-15T21:00:55.522283Z",
            "yes_price": 40,
            "no_price": 60,
            "taker_side": "no"
        },
        {
            "trade_id": "ded19a44-b809-44a9-adfa-681a9ffcecc0",
            "ticker": "HIGHMIA-24OCT16-B83.5",
            "count": 45,
            "created_time": "2024-10-15T21:00:41.230404Z",
            "yes_price": 40,
            "no_price": 60,
            "taker_side": "no"
        },
        {
            "trade_id": "e0c3292d-4634-462d-a7cf-8c42290f0d80",
            "ticker": "HIGHMIA-24OCT16-B83.5",
            "count": 60,
            "created_time": "2024-10-15T14:24:11.447738Z",
            "yes_price": 20,
            "no_price": 80,
            "taker_side": "yes"
        },
        {
            "trade_id": "49dbcb17-c022-4ffc-8b27-31b6c157fe80",
            "ticker": "HIGHMIA-24OCT16-B83.5",
            "count": 30,
            "created_time": "2024-10-15T14:24:11.447738Z",
            "yes_price": 18,
            "no_price": 82,
            "taker_side": "yes"
        }
    ],
    "HIGHMIA-24OCT16-B85.5": [
        {
            "trade_id": "c9b05b9e-26dd-406f-8a64-48bb36fc348f",
            "ticker": "HIGHMIA-24OCT16-B85.5",
            "count": 467,
            "created_time": "2024-10-16T17:35:34.664839Z",
            "yes_price": 1,
            "no_price": 99,
            "taker_side": "yes"
        },
        {
            "trade_id": "f7ef6146-d0d4-4ad6-856b-f0a711e3e47e",
            "ticker": "HIGHMIA-24OCT16-B85.5",
            "count": 82,
            "created_time": "2024-10-16T17:30:38.902641Z",
            "yes_price": 1,
            "no_price": 99,
            "taker_side": "yes"
        },
        {
            "trade_id": "546ecc32-8cdd-4c70-8b5a-e55b666ca0a7",
            "ticker": "HIGHMIA-24OCT16-B85.5",
            "count": 8,
            "created_time": "2024-10-16T17:27:19.167299Z",
            "yes_price": 1,
            "no_price": 99,
            "taker_side": "yes"
        },
        {
            "trade_id": "7ff57233-3dd4-4f50-9cc7-2e52b756f329",
            "ticker": "HIGHMIA-24OCT16-B85.5",
            "count": 50,
            "created_time": "2024-10-16T17:27:19.070074Z",
            "yes_price": 1,
            "no_price": 99,
            "taker_side": "no"
        },
        {
            "trade_id": "da66c3aa-ecc4-4852-ae4c-a42f9ebdaa69",
            "ticker": "HIGHMIA-24OCT16-B85.5",
            "count": 22,
            "created_time": "2024-10-16T17:26:37.467521Z",
            "yes_price": 19,
            "no_price": 81,
            "taker_side": "no"
        },
        {
            "trade_id": "4bfe1a42-467b-4e15-8c8e-b6181c4e2ee4",
            "ticker": "HIGHMIA-24OCT16-B85.5",
            "count": 11,
            "created_time": "2024-10-16T17:26:37.467521Z",
            "yes_price": 20,
            "no_price": 80,
            "taker_side": "no"
        },
        {
            "trade_id": "a2301fca-dff9-473a-aaa9-6e340e62a508",
            "ticker": "HIGHMIA-24OCT16-B85.5",
            "count": 1,
            "created_time": "2024-10-16T17:20:35.692154Z",
            "yes_price": 89,
            "no_price": 11,
            "taker_side": "yes"
        },
        {
            "trade_id": "71d830b3-a6ef-414a-a05d-fe17dcb52042",
            "ticker": "HIGHMIA-24OCT16-B85.5",
            "count": 50,
            "created_time": "2024-10-16T16:48:30.691309Z",
            "yes_price": 96,
            "no_price": 4,
            "taker_side": "yes"
        },
        {
            "trade_id": "6f487362-1511-4ed9-b2b5-b13062331660",
            "ticker": "HIGHMIA-24OCT16-B85.5",
            "count": 8,
            "created_time": "2024-10-16T16:48:30.691309Z",
            "yes_price": 95,
            "no_price": 5,
            "taker_side": "yes"
        },
        {
            "trade_id": "9bb4a988-644e-4ae3-8d43-5588c0187c11",
            "ticker": "HIGHMIA-24OCT16-B85.5",
            "count": 2,
            "created_time": "2024-10-16T16:28:47.182703Z",
            "yes_price": 77,
            "no_price": 23,
            "taker_side": "yes"
        },
        {
            "trade_id": "66c3980b-8f66-4206-a55d-8252adfdecc6",
            "ticker": "HIGHMIA-24OCT16-B85.5",
            "count": 1,
            "created_time": "2024-10-16T16:28:47.182703Z",
            "yes_price": 68,
            "no_price": 32,
            "taker_side": "yes"
        },
        {
            "trade_id": "0cbcbb8c-c105-4721-ad3e-9943e236f6a4",
            "ticker": "HIGHMIA-24OCT16-B85.5",
            "count": 1,
            "created_time": "2024-10-16T16:28:47.182703Z",
            "yes_price": 73,
            "no_price": 27,
            "taker_side": "yes"
        },
        {
            "trade_id": "4f4f8ff6-4b5a-475b-9e26-2ef9b3b030ac",
            "ticker": "HIGHMIA-24OCT16-B85.5",
            "count": 1,
            "created_time": "2024-10-16T16:27:34.796932Z",
            "yes_price": 37,
            "no_price": 63,
            "taker_side": "no"
        },
        {
            "trade_id": "6edca9d2-2f56-48c9-ba5b-3f3d8ad22f05",
            "ticker": "HIGHMIA-24OCT16-B85.5",
            "count": 5,
            "created_time": "2024-10-16T15:40:52.039861Z",
            "yes_price": 60,
            "no_price": 40,
            "taker_side": "yes"
        },
        {
            "trade_id": "1d4154e0-d013-405c-9fbb-088cf194c105",
            "ticker": "HIGHMIA-24OCT16-B85.5",
            "count": 1,
            "created_time": "2024-10-16T15:00:38.605313Z",
            "yes_price": 68,
            "no_price": 32,
            "taker_side": "yes"
        },
        {
            "trade_id": "a54d6ca9-98f1-463a-9d35-042b1c11b8e9",
            "ticker": "HIGHMIA-24OCT16-B85.5",
            "count": 4,
            "created_time": "2024-10-16T15:00:20.561846Z",
            "yes_price": 68,
            "no_price": 32,
            "taker_side": "yes"
        },
        {
            "trade_id": "e7a07a05-505c-4b2d-bab4-3d88acaa84af",
            "ticker": "HIGHMIA-24OCT16-B85.5",
            "count": 7,
            "created_time": "2024-10-16T15:00:13.014944Z",
            "yes_price": 68,
            "no_price": 32,
            "taker_side": "yes"
        },
        {
            "trade_id": "c1e6e914-5207-4899-9053-8faee386654e",
            "ticker": "HIGHMIA-24OCT16-B85.5",
            "count": 1,
            "created_time": "2024-10-16T15:00:02.159559Z",
            "yes_price": 65,
            "no_price": 35,
            "taker_side": "yes"
        },
        {
            "trade_id": "99f4dace-3059-49f9-af65-0730c6ec310a",
            "ticker": "HIGHMIA-24OCT16-B85.5",
            "count": 12,
            "created_time": "2024-10-16T15:00:02.159559Z",
            "yes_price": 68,
            "no_price": 32,
            "taker_side": "yes"
        },
        {
            "trade_id": "19a20ffc-e99a-40a4-9f43-00cb2fc796da",
            "ticker": "HIGHMIA-24OCT16-B85.5",
            "count": 23,
            "created_time": "2024-10-16T14:57:13.97157Z",
            "yes_price": 68,
            "no_price": 32,
            "taker_side": "yes"
        },
        {
            "trade_id": "64decdd0-f6cd-4ffe-ba18-047a9f8f5de4",
            "ticker": "HIGHMIA-24OCT16-B85.5",
            "count": 17,
            "created_time": "2024-10-16T13:36:18.135034Z",
            "yes_price": 53,
            "no_price": 47,
            "taker_side": "yes"
        },
        {
            "trade_id": "ff43cebe-22e5-46d0-9986-6f0ebb2d25bd",
            "ticker": "HIGHMIA-24OCT16-B85.5",
            "count": 111,
            "created_time": "2024-10-16T13:08:06.897471Z",
            "yes_price": 53,
            "no_price": 47,
            "taker_side": "yes"
        },
        {
            "trade_id": "0b72f155-7c46-4501-a732-3c1f2d9517fa",
            "ticker": "HIGHMIA-24OCT16-B85.5",
            "count": 75,
            "created_time": "2024-10-16T13:08:06.897471Z",
            "yes_price": 50,
            "no_price": 50,
            "taker_side": "yes"
        },
        {
            "trade_id": "b59de79a-7f8b-4a7d-9f9b-9d8de09d8ace",
            "ticker": "HIGHMIA-24OCT16-B85.5",
            "count": 20,
            "created_time": "2024-10-16T12:22:00.352481Z",
            "yes_price": 56,
            "no_price": 44,
            "taker_side": "yes"
        },
        {
            "trade_id": "664cb9cb-3dfb-415c-b2db-1a13514f83f8",
            "ticker": "HIGHMIA-24OCT16-B85.5",
            "count": 15,
            "created_time": "2024-10-16T12:22:00.352481Z",
            "yes_price": 53,
            "no_price": 47,
            "taker_side": "yes"
        },
        {
            "trade_id": "3a472bb3-547b-47b3-b2e9-f5dbcd97f3e2",
            "ticker": "HIGHMIA-24OCT16-B85.5",
            "count": 25,
            "created_time": "2024-10-16T12:15:24.925531Z",
            "yes_price": 53,
            "no_price": 47,
            "taker_side": "yes"
        },
        {
            "trade_id": "1ff73248-74dc-4adf-990c-266182e6f4eb",
            "ticker": "HIGHMIA-24OCT16-B85.5",
            "count": 15,
            "created_time": "2024-10-16T12:08:41.244084Z",
            "yes_price": 52,
            "no_price": 48,
            "taker_side": "no"
        },
        {
            "trade_id": "389e876d-8410-4df9-96a3-0b3355ee2c55",
            "ticker": "HIGHMIA-24OCT16-B85.5",
            "count": 34,
            "created_time": "2024-10-16T12:00:23.284174Z",
            "yes_price": 43,
            "no_price": 57,
            "taker_side": "no"
        },
        {
            "trade_id": "be1d3b08-d2f7-4233-8454-1540748bc03c",
            "ticker": "HIGHMIA-24OCT16-B85.5",
            "count": 60,
            "created_time": "2024-10-16T06:56:30.631807Z",
            "yes_price": 45,
            "no_price": 55,
            "taker_side": "no"
        },
        {
            "trade_id": "14b9ab03-b507-4645-8cfe-313919b0bf50",
            "ticker": "HIGHMIA-24OCT16-B85.5",
            "count": 60,
            "created_time": "2024-10-16T06:52:46.345273Z",
            "yes_price": 45,
            "no_price": 55,
            "taker_side": "no"
        },
        {
            "trade_id": "95d7ea26-be49-4fae-b4d4-77cdc3833dc7",
            "ticker": "HIGHMIA-24OCT16-B85.5",
            "count": 30,
            "created_time": "2024-10-16T06:52:34.856606Z",
            "yes_price": 45,
            "no_price": 55,
            "taker_side": "no"
        },
        {
            "trade_id": "1134afd0-3d00-4454-a6a0-4abd1d96756b",
            "ticker": "HIGHMIA-24OCT16-B85.5",
            "count": 3,
            "created_time": "2024-10-16T06:43:22.583671Z",
            "yes_price": 45,
            "no_price": 55,
            "taker_side": "no"
        },
        {
            "trade_id": "f4534ad5-ebe7-49d4-aa4f-0a22f0587e39",
            "ticker": "HIGHMIA-24OCT16-B85.5",
            "count": 2,
            "created_time": "2024-10-16T06:36:00.249297Z",
            "yes_price": 45,
            "no_price": 55,
            "taker_side": "no"
        },
        {
            "trade_id": "ffa1d621-f115-4d77-915b-caf210d7e8fc",
            "ticker": "HIGHMIA-24OCT16-B85.5",
            "count": 75,
            "created_time": "2024-10-16T05:02:26.03947Z",
            "yes_price": 52,
            "no_price": 48,
            "taker_side": "yes"
        },
        {
            "trade_id": "e362dcb4-3aec-49ec-bb3c-3bc9dcfdd852",
            "ticker": "HIGHMIA-24OCT16-B85.5",
            "count": 60,
            "created_time": "2024-10-16T02:37:54.146347Z",
            "yes_price": 52,
            "no_price": 48,
            "taker_side": "yes"
        },
        {
            "trade_id": "55c01e5b-9781-4859-adff-aea5b49351da",
            "ticker": "HIGHMIA-24OCT16-B85.5",
            "count": 50,
            "created_time": "2024-10-16T02:37:54.146347Z",
            "yes_price": 51,
            "no_price": 49,
            "taker_side": "yes"
        },
        {
            "trade_id": "4c8613e9-9acd-4a14-b222-b35578614cbe",
            "ticker": "HIGHMIA-24OCT16-B85.5",
            "count": 15,
            "created_time": "2024-10-15T23:22:44.579248Z",
            "yes_price": 49,
            "no_price": 51,
            "taker_side": "yes"
        }
    ],
    "HIGHMIA-24OCT16-B87.5": [
        {
            "trade_id": "d8798a88-3bd5-4696-bf27-2566cf436684",
            "ticker": "HIGHMIA-24OCT16-B87.5",
            "count": 50,
            "created_time": "2024-10-16T18:16:47.235601Z",
            "yes_price": 99,
            "no_price": 1,
            "taker_side": "yes"
        },
        {
            "trade_id": "c93c1da4-c960-41fe-a291-f3872730b447",
            "ticker": "HIGHMIA-24OCT16-B87.5",
            "count": 6,
            "created_time": "2024-10-16T18:16:47.235601Z",
            "yes_price": 92,
            "no_price": 8,
            "taker_side": "yes"
        },
        {
            "trade_id": "c859b32d-c4fb-4545-a0ce-ab9dbf2f2b32",
            "ticker": "HIGHMIA-24OCT16-B87.5",
            "count": 19,
            "created_time": "2024-10-16T18:16:47.235601Z",
            "yes_price": 99,
            "no_price": 1,
            "taker_side": "yes"
        },
        {
            "trade_id": "2e0ecdf9-c86d-4d44-a19e-4b9a2c824547",
            "ticker": "HIGHMIA-24OCT16-B87.5",
            "count": 25,
            "created_time": "2024-10-16T18:16:47.235601Z",
            "yes_price": 97,
            "no_price": 3,
            "taker_side": "yes"
        },
        {
            "trade_id": "5117f52c-45ea-490e-bcef-044c5270b5f6",
            "ticker": "HIGHMIA-24OCT16-B87.5",
            "count": 18,
            "created_time": "2024-10-16T17:27:23.97565Z",
            "yes_price": 80,
            "no_price": 20,
            "taker_side": "yes"
        },
        {
            "trade_id": "cef77ca0-e42a-4b1b-a578-f3c491b9cb92",
            "ticker": "HIGHMIA-24OCT16-B87.5",
            "count": 4,
            "created_time": "2024-10-16T17:27:19.150769Z",
            "yes_price": 79,
            "no_price": 21,
            "taker_side": "yes"
        },
        {
            "trade_id": "02587e3c-0b90-4379-be61-8331b41946ec",
            "ticker": "HIGHMIA-24OCT16-B87.5",
            "count": 4,
            "created_time": "2024-10-16T17:27:19.150769Z",
            "yes_price": 80,
            "no_price": 20,
            "taker_side": "yes"
        },
        {
            "trade_id": "285e8b48-6337-4dbb-8f54-1c48630ba9e7",
            "ticker": "HIGHMIA-24OCT16-B87.5",
            "count": 331,
            "created_time": "2024-10-16T16:29:23.983429Z",
            "yes_price": 7,
            "no_price": 93,
            "taker_side": "no"
        },
        {
            "trade_id": "00b7e972-da74-418d-b0d9-86ae7e8a5c6d",
            "ticker": "HIGHMIA-24OCT16-B87.5",
            "count": 12,
            "created_time": "2024-10-16T16:26:05.792694Z",
            "yes_price": 7,
            "no_price": 93,
            "taker_side": "no"
        },
        {
            "trade_id": "95b6df40-59e6-4646-aa22-a57417ec41df",
            "ticker": "HIGHMIA-24OCT16-B87.5",
            "count": 2,
            "created_time": "2024-10-16T15:13:31.7608Z",
            "yes_price": 34,
            "no_price": 66,
            "taker_side": "yes"
        },
        {
            "trade_id": "f0491a04-2100-40a5-a180-abec8e8bdc6a",
            "ticker": "HIGHMIA-24OCT16-B87.5",
            "count": 50,
            "created_time": "2024-10-16T14:59:45.669999Z",
            "yes_price": 18,
            "no_price": 82,
            "taker_side": "no"
        },
        {
            "trade_id": "a81b159a-3540-4e05-9546-dc5bc5f5d5ee",
            "ticker": "HIGHMIA-24OCT16-B87.5",
            "count": 50,
            "created_time": "2024-10-16T14:59:45.669999Z",
            "yes_price": 33,
            "no_price": 67,
            "taker_side": "no"
        },
        {
            "trade_id": "5dcd4155-d795-4489-ac1a-650a19edd5e1",
            "ticker": "HIGHMIA-24OCT16-B87.5",
            "count": 12,
            "created_time": "2024-10-16T14:01:54.552628Z",
            "yes_price": 18,
            "no_price": 82,
            "taker_side": "no"
        },
        {
            "trade_id": "f218fffb-8350-4b86-b168-3cabee3a820f",
            "ticker": "HIGHMIA-24OCT16-B87.5",
            "count": 36,
            "created_time": "2024-10-16T13:33:06.495278Z",
            "yes_price": 33,
            "no_price": 67,
            "taker_side": "no"
        },
        {
            "trade_id": "9b06b992-b9c0-493a-a1fe-a651593f2144",
            "ticker": "HIGHMIA-24OCT16-B87.5",
            "count": 157,
            "created_time": "2024-10-16T13:25:20.186943Z",
            "yes_price": 7,
            "no_price": 93,
            "taker_side": "no"
        },
        {
            "trade_id": "555ae0ea-a90b-4411-bc94-115f0b2684f1",
            "ticker": "HIGHMIA-24OCT16-B87.5",
            "count": 71,
            "created_time": "2024-10-16T13:00:54.385258Z",
            "yes_price": 20,
            "no_price": 80,
            "taker_side": "no"
        },
        {
            "trade_id": "c9d5a8e2-f118-40d0-8654-9c0d7cbccfc2",
            "ticker": "HIGHMIA-24OCT16-B87.5",
            "count": 105,
            "created_time": "2024-10-16T12:56:41.964058Z",
            "yes_price": 20,
            "no_price": 80,
            "taker_side": "no"
        },
        {
            "trade_id": "ce9b3af9-fd9a-406e-b546-ff73c88bc67b",
            "ticker": "HIGHMIA-24OCT16-B87.5",
            "count": 90,
            "created_time": "2024-10-16T12:52:34.132955Z",
            "yes_price": 20,
            "no_price": 80,
            "taker_side": "no"
        },
        {
            "trade_id": "915d933f-4e5e-4723-bfea-6f2866851d17",
            "ticker": "HIGHMIA-24OCT16-B87.5",
            "count": 34,
            "created_time": "2024-10-16T12:00:23.280622Z",
            "yes_price": 20,
            "no_price": 80,
            "taker_side": "no"
        },
        {
            "trade_id": "2b784553-96cf-41cb-848c-4540549d1c94",
            "ticker": "HIGHMIA-24OCT16-B87.5",
            "count": 75,
            "created_time": "2024-10-16T06:43:25.865194Z",
            "yes_price": 35,
            "no_price": 65,
            "taker_side": "no"
        },
        {
            "trade_id": "531c3588-67ac-4d08-aa11-4eb221482510",
            "ticker": "HIGHMIA-24OCT16-B87.5",
            "count": 3,
            "created_time": "2024-10-16T06:43:22.48041Z",
            "yes_price": 35,
            "no_price": 65,
            "taker_side": "yes"
        },
        {
            "trade_id": "569e96a5-facd-45ae-a4e1-ea881b7e969c",
            "ticker": "HIGHMIA-24OCT16-B87.5",
            "count": 75,
            "created_time": "2024-10-16T06:43:17.210885Z",
            "yes_price": 34,
            "no_price": 66,
            "taker_side": "no"
        },
        {
            "trade_id": "7cab5ba6-bfd4-42e4-afab-55bdad2776b0",
            "ticker": "HIGHMIA-24OCT16-B87.5",
            "count": 90,
            "created_time": "2024-10-16T06:43:07.470262Z",
            "yes_price": 33,
            "no_price": 67,
            "taker_side": "yes"
        },
        {
            "trade_id": "771ae734-cf7f-4237-af9c-115ff13c926f",
            "ticker": "HIGHMIA-24OCT16-B87.5",
            "count": 2,
            "created_time": "2024-10-16T06:36:00.164832Z",
            "yes_price": 32,
            "no_price": 68,
            "taker_side": "yes"
        },
        {
            "trade_id": "62593492-dc18-40a9-9cdd-7b3a8133484a",
            "ticker": "HIGHMIA-24OCT16-B87.5",
            "count": 90,
            "created_time": "2024-10-16T05:20:38.825947Z",
            "yes_price": 24,
            "no_price": 76,
            "taker_side": "no"
        },
        {
            "trade_id": "24f98039-8dc9-42e3-a678-e62a668b4106",
            "ticker": "HIGHMIA-24OCT16-B87.5",
            "count": 45,
            "created_time": "2024-10-16T05:16:29.253583Z",
            "yes_price": 24,
            "no_price": 76,
            "taker_side": "no"
        },
        {
            "trade_id": "36a0550d-5180-4fac-bc06-43cf48639fd0",
            "ticker": "HIGHMIA-24OCT16-B87.5",
            "count": 90,
            "created_time": "2024-10-16T03:48:28.976157Z",
            "yes_price": 24,
            "no_price": 76,
            "taker_side": "no"
        },
        {
            "trade_id": "47049556-ba8f-49d5-afcb-b9dfa5a430c0",
            "ticker": "HIGHMIA-24OCT16-B87.5",
            "count": 36,
            "created_time": "2024-10-16T03:38:29.6015Z",
            "yes_price": 24,
            "no_price": 76,
            "taker_side": "no"
        },
        {
            "trade_id": "ac257c09-a14f-4642-a579-2b9a2dd22b9c",
            "ticker": "HIGHMIA-24OCT16-B87.5",
            "count": 52,
            "created_time": "2024-10-16T03:10:39.201609Z",
            "yes_price": 24,
            "no_price": 76,
            "taker_side": "no"
        },
        {
            "trade_id": "379299db-490c-4aa9-a292-73d880076c4e",
            "ticker": "HIGHMIA-24OCT16-B87.5",
            "count": 50,
            "created_time": "2024-10-16T02:37:54.233702Z",
            "yes_price": 24,
            "no_price": 76,
            "taker_side": "no"
        },
        {
            "trade_id": "8118ba19-587e-46da-a152-fb935cb7878b",
            "ticker": "HIGHMIA-24OCT16-B87.5",
            "count": 15,
            "created_time": "2024-10-15T23:52:04.849553Z",
            "yes_price": 24,
            "no_price": 76,
            "taker_side": "no"
        },
        {
            "trade_id": "80ea9d64-96c0-43fe-997b-9141356163d0",
            "ticker": "HIGHMIA-24OCT16-B87.5",
            "count": 48,
            "created_time": "2024-10-15T23:52:04.849553Z",
            "yes_price": 22,
            "no_price": 78,
            "taker_side": "no"
        },
        {
            "trade_id": "f4080e42-11be-4b63-a3c3-7315647c9bb3",
            "ticker": "HIGHMIA-24OCT16-B87.5",
            "count": 57,
            "created_time": "2024-10-15T23:37:20.93912Z",
            "yes_price": 17,
            "no_price": 83,
            "taker_side": "no"
        },
        {
            "trade_id": "0cce1db6-5aab-43ce-a72d-dea67b5844ec",
            "ticker": "HIGHMIA-24OCT16-B87.5",
            "count": 15,
            "created_time": "2024-10-15T23:37:20.93912Z",
            "yes_price": 19,
            "no_price": 81,
            "taker_side": "no"
        },
        {
            "trade_id": "c4503796-cb36-4785-8d48-baf917678fcc",
            "ticker": "HIGHMIA-24OCT16-B87.5",
            "count": 6,
            "created_time": "2024-10-15T18:30:17.094581Z",
            "yes_price": 10,
            "no_price": 90,
            "taker_side": "no"
        },
        {
            "trade_id": "5a6ea8de-a4a0-4693-9c7c-4802e3db84a8",
            "ticker": "HIGHMIA-24OCT16-B87.5",
            "count": 9,
            "created_time": "2024-10-15T18:01:39.926275Z",
            "yes_price": 11,
            "no_price": 89,
            "taker_side": "no"
        },
        {
            "trade_id": "a4b0ac9d-d675-4939-ad77-201611e18b49",
            "ticker": "HIGHMIA-24OCT16-B87.5",
            "count": 75,
            "created_time": "2024-10-15T17:36:53.735775Z",
            "yes_price": 14,
            "no_price": 86,
            "taker_side": "no"
        },
        {
            "trade_id": "7628bb02-2613-4265-9976-605dea652b56",
            "ticker": "HIGHMIA-24OCT16-B87.5",
            "count": 6,
            "created_time": "2024-10-15T17:32:31.821943Z",
            "yes_price": 15,
            "no_price": 85,
            "taker_side": "no"
        },
        {
            "trade_id": "cb730ae8-fec1-431f-b0ec-bfcd00ca82ca",
            "ticker": "HIGHMIA-24OCT16-B87.5",
            "count": 9,
            "created_time": "2024-10-15T17:08:42.10848Z",
            "yes_price": 15,
            "no_price": 85,
            "taker_side": "no"
        },
        {
            "trade_id": "ca724017-ddb4-4afe-ae7b-ac4c8693e1c6",
            "ticker": "HIGHMIA-24OCT16-B87.5",
            "count": 15,
            "created_time": "2024-10-15T17:08:42.10848Z",
            "yes_price": 16,
            "no_price": 84,
            "taker_side": "no"
        },
        {
            "trade_id": "8babfb35-acc6-45d6-834d-fba7fd0d538d",
            "ticker": "HIGHMIA-24OCT16-B87.5",
            "count": 6,
            "created_time": "2024-10-15T17:08:42.10848Z",
            "yes_price": 17,
            "no_price": 83,
            "taker_side": "no"
        },
        {
            "trade_id": "f46b8811-9861-454f-8a21-035ac3650e0c",
            "ticker": "HIGHMIA-24OCT16-B87.5",
            "count": 52,
            "created_time": "2024-10-15T16:53:37.969559Z",
            "yes_price": 18,
            "no_price": 82,
            "taker_side": "yes"
        },
        {
            "trade_id": "299aa475-6f2f-494a-8391-d78df739dc1f",
            "ticker": "HIGHMIA-24OCT16-B87.5",
            "count": 105,
            "created_time": "2024-10-15T16:26:52.090417Z",
            "yes_price": 17,
            "no_price": 83,
            "taker_side": "yes"
        },
        {
            "trade_id": "777ae754-127f-4442-992c-9b8f86c0e5ed",
            "ticker": "HIGHMIA-24OCT16-B87.5",
            "count": 15,
            "created_time": "2024-10-15T14:23:06.443606Z",
            "yes_price": 28,
            "no_price": 72,
            "taker_side": "no"
        }
    ],
    "HIGHMIA-24OCT16-T88": [
        {
            "trade_id": "3b09d221-cd88-49c5-94a0-d13ec15a9495",
            "ticker": "HIGHMIA-24OCT16-T88",
            "count": 2,
            "created_time": "2024-10-16T17:55:31.918159Z",
            "yes_price": 5,
            "no_price": 95,
            "taker_side": "no"
        },
        {
            "trade_id": "1b1aa12d-1fe0-44d6-901b-5b3176b3cb2a",
            "ticker": "HIGHMIA-24OCT16-T88",
            "count": 15,
            "created_time": "2024-10-16T17:55:31.918159Z",
            "yes_price": 6,
            "no_price": 94,
            "taker_side": "no"
        },
        {
            "trade_id": "e429ba20-ff2b-4f20-b53f-a4bc8a052a0b",
            "ticker": "HIGHMIA-24OCT16-T88",
            "count": 8,
            "created_time": "2024-10-16T17:27:19.171791Z",
            "yes_price": 16,
            "no_price": 84,
            "taker_side": "yes"
        },
        {
            "trade_id": "42516844-9050-40a5-aa5d-2a26195db92e",
            "ticker": "HIGHMIA-24OCT16-T88",
            "count": 201,
            "created_time": "2024-10-16T16:59:38.47479Z",
            "yes_price": 1,
            "no_price": 99,
            "taker_side": "no"
        },
        {
            "trade_id": "6a61ac21-1e19-4ef8-b742-046433209cac",
            "ticker": "HIGHMIA-24OCT16-T88",
            "count": 34,
            "created_time": "2024-10-16T12:00:23.295575Z",
            "yes_price": 1,
            "no_price": 99,
            "taker_side": "no"
        },
        {
            "trade_id": "eae41f64-a78f-4a98-9894-a53891a945c7",
            "ticker": "HIGHMIA-24OCT16-T88",
            "count": 3,
            "created_time": "2024-10-16T06:43:22.57119Z",
            "yes_price": 3,
            "no_price": 97,
            "taker_side": "no"
        },
        {
            "trade_id": "584718b3-3695-46cb-9ace-55ff5f83e536",
            "ticker": "HIGHMIA-24OCT16-T88",
            "count": 2,
            "created_time": "2024-10-16T06:36:00.250899Z",
            "yes_price": 3,
            "no_price": 97,
            "taker_side": "no"
        },
        {
            "trade_id": "424dff33-4949-439a-8518-705bb95d7fa1",
            "ticker": "HIGHMIA-24OCT16-T88",
            "count": 50,
            "created_time": "2024-10-16T02:37:54.246916Z",
            "yes_price": 1,
            "no_price": 99,
            "taker_side": "no"
        }
    ]
}