{
    "HIGHMIA-24JUL25-T86": [
        {
            "trade_id": "2d6b3629-1e34-4ae3-abb0-6ca1647e87bb",
            "ticker": "HIGHMIA-24JUL25-T86",
            "count": 50,
            "created_time": "2024-07-24T22:15:43.711924Z",
            "yes_price": 1,
            "no_price": 99,
            "taker_side": "no"
        }
    ],
    "HIGHMIA-24JUL25-B86.5": [
        {
            "trade_id": "1ce57a6b-9448-448b-955f-7fb879f8384b",
            "ticker": "HIGHMIA-24JUL25-B86.5",
            "count": 10,
            "created_time": "2024-07-25T13:34:07.181158Z",
            "yes_price": 1,
            "no_price": 99,
            "taker_side": "no"
        },
        {
            "trade_id": "8c20afc1-d774-4fb5-b435-fe45202f6d31",
            "ticker": "HIGHMIA-24JUL25-B86.5",
            "count": 50,
            "created_time": "2024-07-25T01:43:39.091774Z",
            "yes_price": 1,
            "no_price": 99,
            "taker_side": "no"
        },
        {
            "trade_id": "de3715b4-6659-4764-a6f9-8efba7786a67",
            "ticker": "HIGHMIA-24JUL25-B86.5",
            "count": 10,
            "created_time": "2024-07-25T01:35:55.87599Z",
            "yes_price": 4,
            "no_price": 96,
            "taker_side": "yes"
        },
        {
            "trade_id": "cb9ad21c-b4c7-43b6-9168-fa26dbb45e5a",
            "ticker": "HIGHMIA-24JUL25-B86.5",
            "count": 8,
            "created_time": "2024-07-25T01:35:55.87599Z",
            "yes_price": 5,
            "no_price": 95,
            "taker_side": "yes"
        }
    ],
    "HIGHMIA-24JUL25-B88.5": [
        {
            "trade_id": "2a9781f8-b4c8-4ac0-8a17-196002dec3e1",
            "ticker": "HIGHMIA-24JUL25-B88.5",
            "count": 1,
            "created_time": "2024-07-25T15:31:27.835971Z",
            "yes_price": 1,
            "no_price": 99,
            "taker_side": "yes"
        },
        {
            "trade_id": "e5b7b858-5bb5-4617-9752-1ef7a577f660",
            "ticker": "HIGHMIA-24JUL25-B88.5",
            "count": 7,
            "created_time": "2024-07-25T13:34:07.180326Z",
            "yes_price": 1,
            "no_price": 99,
            "taker_side": "no"
        },
        {
            "trade_id": "ef09d8f3-979c-4860-a979-5a305c289e5d",
            "ticker": "HIGHMIA-24JUL25-B88.5",
            "count": 50,
            "created_time": "2024-07-25T12:40:09.584955Z",
            "yes_price": 1,
            "no_price": 99,
            "taker_side": "no"
        },
        {
            "trade_id": "c9a4b315-0441-404e-b641-bd1265913965",
            "ticker": "HIGHMIA-24JUL25-B88.5",
            "count": 7,
            "created_time": "2024-07-25T01:35:38.538123Z",
            "yes_price": 10,
            "no_price": 90,
            "taker_side": "yes"
        }
    ],
    "HIGHMIA-24JUL25-B90.5": [
        {
            "trade_id": "1b97ec9b-c2b0-4b47-9ef8-1feede8ae928",
            "ticker": "HIGHMIA-24JUL25-B90.5",
            "count": 50,
            "created_time": "2024-07-26T00:01:05.846923Z",
            "yes_price": 99,
            "no_price": 1,
            "taker_side": "yes"
        },
        {
            "trade_id": "bd725f47-8a31-458c-8241-96e5301ba46f",
            "ticker": "HIGHMIA-24JUL25-B90.5",
            "count": 6,
            "created_time": "2024-07-25T23:04:56.699379Z",
            "yes_price": 56,
            "no_price": 44,
            "taker_side": "no"
        },
        {
            "trade_id": "f71aa1b5-fcdc-446c-b6d5-b97291c5aff7",
            "ticker": "HIGHMIA-24JUL25-B90.5",
            "count": 51,
            "created_time": "2024-07-25T21:00:13.315166Z",
            "yes_price": 97,
            "no_price": 3,
            "taker_side": "yes"
        },
        {
            "trade_id": "b7a57003-b387-405a-8756-3db83a76c85a",
            "ticker": "HIGHMIA-24JUL25-B90.5",
            "count": 45,
            "created_time": "2024-07-25T20:42:19.465136Z",
            "yes_price": 50,
            "no_price": 50,
            "taker_side": "no"
        },
        {
            "trade_id": "07b53dd6-ab90-4a26-85cb-68f75a51edad",
            "ticker": "HIGHMIA-24JUL25-B90.5",
            "count": 157,
            "created_time": "2024-07-25T20:41:56.508891Z",
            "yes_price": 97,
            "no_price": 3,
            "taker_side": "yes"
        },
        {
            "trade_id": "8709287b-0dbe-4ca7-9ae9-c45edcea142c",
            "ticker": "HIGHMIA-24JUL25-B90.5",
            "count": 53,
            "created_time": "2024-07-25T20:41:35.592383Z",
            "yes_price": 97,
            "no_price": 3,
            "taker_side": "yes"
        },
        {
            "trade_id": "11f73c94-8873-491b-b5b3-d811a7641b1a",
            "ticker": "HIGHMIA-24JUL25-B90.5",
            "count": 1,
            "created_time": "2024-07-25T20:41:32.993173Z",
            "yes_price": 50,
            "no_price": 50,
            "taker_side": "no"
        },
        {
            "trade_id": "c0521581-87a9-4fcd-80a3-3446176d1cea",
            "ticker": "HIGHMIA-24JUL25-B90.5",
            "count": 15,
            "created_time": "2024-07-25T18:58:58.79499Z",
            "yes_price": 75,
            "no_price": 25,
            "taker_side": "yes"
        },
        {
            "trade_id": "75223141-dcf9-4cf1-af13-99212de22b74",
            "ticker": "HIGHMIA-24JUL25-B90.5",
            "count": 2,
            "created_time": "2024-07-25T18:58:52.602015Z",
            "yes_price": 60,
            "no_price": 40,
            "taker_side": "yes"
        },
        {
            "trade_id": "50476ae4-04fa-49b0-b915-3742f466c28e",
            "ticker": "HIGHMIA-24JUL25-B90.5",
            "count": 83,
            "created_time": "2024-07-25T18:58:52.602015Z",
            "yes_price": 64,
            "no_price": 36,
            "taker_side": "yes"
        },
        {
            "trade_id": "4acc9c79-52f9-4792-815e-4f6c0d3b0f97",
            "ticker": "HIGHMIA-24JUL25-B90.5",
            "count": 52,
            "created_time": "2024-07-25T18:58:52.602015Z",
            "yes_price": 70,
            "no_price": 30,
            "taker_side": "yes"
        },
        {
            "trade_id": "12e70c81-c839-461b-8754-d015f27bf152",
            "ticker": "HIGHMIA-24JUL25-B90.5",
            "count": 12,
            "created_time": "2024-07-25T18:58:52.602015Z",
            "yes_price": 52,
            "no_price": 48,
            "taker_side": "yes"
        },
        {
            "trade_id": "8fed3c17-b4e8-4153-9979-c9c6390e8852",
            "ticker": "HIGHMIA-24JUL25-B90.5",
            "count": 50,
            "created_time": "2024-07-25T16:39:40.842599Z",
            "yes_price": 2,
            "no_price": 98,
            "taker_side": "no"
        },
        {
            "trade_id": "b05905ca-920d-4a43-a824-7da5567e017e",
            "ticker": "HIGHMIA-24JUL25-B90.5",
            "count": 10,
            "created_time": "2024-07-25T16:39:18.127739Z",
            "yes_price": 2,
            "no_price": 98,
            "taker_side": "no"
        },
        {
            "trade_id": "fac25beb-437e-42bc-ad31-aa6a5619584c",
            "ticker": "HIGHMIA-24JUL25-B90.5",
            "count": 3,
            "created_time": "2024-07-25T16:10:20.233419Z",
            "yes_price": 2,
            "no_price": 98,
            "taker_side": "no"
        },
        {
            "trade_id": "c1f5e605-e819-4d3a-a11d-72ce8e82969e",
            "ticker": "HIGHMIA-24JUL25-B90.5",
            "count": 25,
            "created_time": "2024-07-25T16:10:20.233419Z",
            "yes_price": 5,
            "no_price": 95,
            "taker_side": "no"
        },
        {
            "trade_id": "8896bea6-4647-4f4f-a00e-d6c8c5292a78",
            "ticker": "HIGHMIA-24JUL25-B90.5",
            "count": 25,
            "created_time": "2024-07-25T16:10:20.233419Z",
            "yes_price": 4,
            "no_price": 96,
            "taker_side": "no"
        },
        {
            "trade_id": "cecd4f45-5565-45f0-adc7-3f6d31aef9cd",
            "ticker": "HIGHMIA-24JUL25-B90.5",
            "count": 1,
            "created_time": "2024-07-25T15:44:20.964868Z",
            "yes_price": 5,
            "no_price": 95,
            "taker_side": "no"
        },
        {
            "trade_id": "e20f4ae9-dc61-46a3-894e-d811cd55f438",
            "ticker": "HIGHMIA-24JUL25-B90.5",
            "count": 35,
            "created_time": "2024-07-25T14:52:08.076305Z",
            "yes_price": 52,
            "no_price": 48,
            "taker_side": "yes"
        },
        {
            "trade_id": "cda8f630-f9c9-4940-88fc-17387c240290",
            "ticker": "HIGHMIA-24JUL25-B90.5",
            "count": 40,
            "created_time": "2024-07-25T14:52:08.076305Z",
            "yes_price": 51,
            "no_price": 49,
            "taker_side": "yes"
        },
        {
            "trade_id": "a2bf63d1-3b9c-4b19-a089-6cdc1f0bda14",
            "ticker": "HIGHMIA-24JUL25-B90.5",
            "count": 25,
            "created_time": "2024-07-25T14:07:16.749413Z",
            "yes_price": 4,
            "no_price": 96,
            "taker_side": "no"
        },
        {
            "trade_id": "4c0f32f3-6178-4495-9d41-08cd666de87a",
            "ticker": "HIGHMIA-24JUL25-B90.5",
            "count": 12,
            "created_time": "2024-07-25T13:34:07.18485Z",
            "yes_price": 31,
            "no_price": 69,
            "taker_side": "no"
        },
        {
            "trade_id": "f5a55e95-e6c9-4e5e-832f-7e8d92000fa5",
            "ticker": "HIGHMIA-24JUL25-B90.5",
            "count": 25,
            "created_time": "2024-07-25T12:03:05.042651Z",
            "yes_price": 25,
            "no_price": 75,
            "taker_side": "yes"
        },
        {
            "trade_id": "02668d1a-89bf-44eb-a1f5-c53bc40a0de7",
            "ticker": "HIGHMIA-24JUL25-B90.5",
            "count": 126,
            "created_time": "2024-07-25T12:03:05.042651Z",
            "yes_price": 23,
            "no_price": 77,
            "taker_side": "yes"
        },
        {
            "trade_id": "8eaf7688-a8e6-4528-98db-b5bfd4fe12b8",
            "ticker": "HIGHMIA-24JUL25-B90.5",
            "count": 3,
            "created_time": "2024-07-25T12:01:52.150987Z",
            "yes_price": 12,
            "no_price": 88,
            "taker_side": "no"
        },
        {
            "trade_id": "0c80d838-5cd8-49f1-b65f-a516fb714259",
            "ticker": "HIGHMIA-24JUL25-B90.5",
            "count": 2,
            "created_time": "2024-07-25T01:35:44.563584Z",
            "yes_price": 47,
            "no_price": 53,
            "taker_side": "yes"
        },
        {
            "trade_id": "142c8653-e6e8-4592-9eac-f8e941a7859c",
            "ticker": "HIGHMIA-24JUL25-B90.5",
            "count": 42,
            "created_time": "2024-07-24T20:42:30.094702Z",
            "yes_price": 44,
            "no_price": 56,
            "taker_side": "yes"
        },
        {
            "trade_id": "78ca4c69-77cd-446b-b501-47020c7e3094",
            "ticker": "HIGHMIA-24JUL25-B90.5",
            "count": 36,
            "created_time": "2024-07-24T20:42:21.273517Z",
            "yes_price": 44,
            "no_price": 56,
            "taker_side": "yes"
        },
        {
            "trade_id": "0fdc2e9f-5d58-4e11-8feb-179893efffdd",
            "ticker": "HIGHMIA-24JUL25-B90.5",
            "count": 54,
            "created_time": "2024-07-24T20:42:05.657602Z",
            "yes_price": 44,
            "no_price": 56,
            "taker_side": "yes"
        },
        {
            "trade_id": "9ea34c51-3cc1-483d-b3dd-f71398518866",
            "ticker": "HIGHMIA-24JUL25-B90.5",
            "count": 43,
            "created_time": "2024-07-24T20:42:05.626649Z",
            "yes_price": 43,
            "no_price": 57,
            "taker_side": "yes"
        },
        {
            "trade_id": "e589e2f7-7bfd-4ff3-a37f-8ecc94d6156c",
            "ticker": "HIGHMIA-24JUL25-B90.5",
            "count": 228,
            "created_time": "2024-07-24T19:48:53.9212Z",
            "yes_price": 43,
            "no_price": 57,
            "taker_side": "yes"
        },
        {
            "trade_id": "ca83fd27-2570-407e-a834-285506a2d445",
            "ticker": "HIGHMIA-24JUL25-B90.5",
            "count": 180,
            "created_time": "2024-07-24T19:48:53.9212Z",
            "yes_price": 36,
            "no_price": 64,
            "taker_side": "yes"
        },
        {
            "trade_id": "7753cc9b-fda4-4c2e-b9d7-f2c1b424f975",
            "ticker": "HIGHMIA-24JUL25-B90.5",
            "count": 180,
            "created_time": "2024-07-24T19:48:53.9212Z",
            "yes_price": 38,
            "no_price": 62,
            "taker_side": "yes"
        },
        {
            "trade_id": "460321a2-9233-42ba-b56f-81200a5b2c06",
            "ticker": "HIGHMIA-24JUL25-B90.5",
            "count": 18,
            "created_time": "2024-07-24T19:48:53.9212Z",
            "yes_price": 34,
            "no_price": 66,
            "taker_side": "yes"
        },
        {
            "trade_id": "f2bd6c0e-c852-4042-b8cf-4b65f5113f4e",
            "ticker": "HIGHMIA-24JUL25-B90.5",
            "count": 18,
            "created_time": "2024-07-24T18:46:21.198159Z",
            "yes_price": 21,
            "no_price": 79,
            "taker_side": "no"
        },
        {
            "trade_id": "6a3fae88-10f5-4968-b5c6-df93209f71ff",
            "ticker": "HIGHMIA-24JUL25-B90.5",
            "count": 90,
            "created_time": "2024-07-24T18:46:10.749879Z",
            "yes_price": 21,
            "no_price": 79,
            "taker_side": "yes"
        },
        {
            "trade_id": "0584eccb-5d1a-4e45-be0b-1822b8b16c6b",
            "ticker": "HIGHMIA-24JUL25-B90.5",
            "count": 36,
            "created_time": "2024-07-24T18:46:00.971383Z",
            "yes_price": 22,
            "no_price": 78,
            "taker_side": "no"
        },
        {
            "trade_id": "a3e1a61b-458e-4507-b960-7ca184f662e7",
            "ticker": "HIGHMIA-24JUL25-B90.5",
            "count": 90,
            "created_time": "2024-07-24T18:44:51.168353Z",
            "yes_price": 20,
            "no_price": 80,
            "taker_side": "no"
        },
        {
            "trade_id": "2794811a-96ad-4aa5-9de6-8bb32bf23508",
            "ticker": "HIGHMIA-24JUL25-B90.5",
            "count": 72,
            "created_time": "2024-07-24T18:44:31.48557Z",
            "yes_price": 21,
            "no_price": 79,
            "taker_side": "no"
        },
        {
            "trade_id": "05e68031-24d3-4523-a459-3193a903b7bc",
            "ticker": "HIGHMIA-24JUL25-B90.5",
            "count": 300,
            "created_time": "2024-07-24T18:44:31.48557Z",
            "yes_price": 20,
            "no_price": 80,
            "taker_side": "no"
        },
        {
            "trade_id": "1c2890f0-c43a-4404-a3ad-6297e1fc8144",
            "ticker": "HIGHMIA-24JUL25-B90.5",
            "count": 18,
            "created_time": "2024-07-24T17:45:23.420776Z",
            "yes_price": 44,
            "no_price": 56,
            "taker_side": "yes"
        },
        {
            "trade_id": "f5ec44f5-5810-4723-b036-5701ca16b8d8",
            "ticker": "HIGHMIA-24JUL25-B90.5",
            "count": 1,
            "created_time": "2024-07-24T17:30:24.265301Z",
            "yes_price": 33,
            "no_price": 67,
            "taker_side": "no"
        },
        {
            "trade_id": "8de29f66-9cc4-43d7-8f80-a04fbc041ff2",
            "ticker": "HIGHMIA-24JUL25-B90.5",
            "count": 90,
            "created_time": "2024-07-24T16:30:31.541091Z",
            "yes_price": 29,
            "no_price": 71,
            "taker_side": "yes"
        },
        {
            "trade_id": "5fdb0559-b9f1-4aae-bfdf-680fd9d4d096",
            "ticker": "HIGHMIA-24JUL25-B90.5",
            "count": 108,
            "created_time": "2024-07-24T16:30:06.735043Z",
            "yes_price": 28,
            "no_price": 72,
            "taker_side": "yes"
        },
        {
            "trade_id": "f51d0083-a4f1-4c8f-b3c6-c2d52634901e",
            "ticker": "HIGHMIA-24JUL25-B90.5",
            "count": 72,
            "created_time": "2024-07-24T16:29:41.587711Z",
            "yes_price": 27,
            "no_price": 73,
            "taker_side": "yes"
        },
        {
            "trade_id": "f4f05868-dd97-487c-a7fb-5c004356ceb7",
            "ticker": "HIGHMIA-24JUL25-B90.5",
            "count": 108,
            "created_time": "2024-07-24T16:29:19.454795Z",
            "yes_price": 27,
            "no_price": 73,
            "taker_side": "yes"
        },
        {
            "trade_id": "db76a27d-230f-4da0-b269-a9a39d2880d7",
            "ticker": "HIGHMIA-24JUL25-B90.5",
            "count": 90,
            "created_time": "2024-07-24T16:28:49.728878Z",
            "yes_price": 26,
            "no_price": 74,
            "taker_side": "yes"
        },
        {
            "trade_id": "e9db9a3c-5f87-44a6-922b-55edc306f569",
            "ticker": "HIGHMIA-24JUL25-B90.5",
            "count": 46,
            "created_time": "2024-07-24T14:12:59.838977Z",
            "yes_price": 34,
            "no_price": 66,
            "taker_side": "yes"
        },
        {
            "trade_id": "2ae9d360-f2cd-4e17-9e88-73b2bd26cc65",
            "ticker": "HIGHMIA-24JUL25-B90.5",
            "count": 72,
            "created_time": "2024-07-24T14:12:50.959897Z",
            "yes_price": 34,
            "no_price": 66,
            "taker_side": "yes"
        },
        {
            "trade_id": "52581af0-fb1d-4aa6-9c6d-821073bb11ba",
            "ticker": "HIGHMIA-24JUL25-B90.5",
            "count": 7,
            "created_time": "2024-07-24T14:06:42.621524Z",
            "yes_price": 34,
            "no_price": 66,
            "taker_side": "yes"
        }
    ],
    "HIGHMIA-24JUL25-B92.5": [
        {
            "trade_id": "38d79774-b11b-4fea-9f8a-427b7e80f089",
            "ticker": "HIGHMIA-24JUL25-B92.5",
            "count": 187,
            "created_time": "2024-07-26T00:27:25.185264Z",
            "yes_price": 1,
            "no_price": 99,
            "taker_side": "yes"
        },
        {
            "trade_id": "482a1137-6d2e-4cf3-8936-bb502ca898c1",
            "ticker": "HIGHMIA-24JUL25-B92.5",
            "count": 36,
            "created_time": "2024-07-26T00:16:56.483485Z",
            "yes_price": 1,
            "no_price": 99,
            "taker_side": "no"
        },
        {
            "trade_id": "50db7679-eb32-4e77-8eab-ab202aa8c93c",
            "ticker": "HIGHMIA-24JUL25-B92.5",
            "count": 14,
            "created_time": "2024-07-26T00:06:33.529765Z",
            "yes_price": 1,
            "no_price": 99,
            "taker_side": "no"
        },
        {
            "trade_id": "586f8806-0f73-44e5-9792-2259af8ca268",
            "ticker": "HIGHMIA-24JUL25-B92.5",
            "count": 8,
            "created_time": "2024-07-25T21:02:43.643308Z",
            "yes_price": 3,
            "no_price": 97,
            "taker_side": "no"
        },
        {
            "trade_id": "50167d14-85c3-4971-adc3-494d99acaaae",
            "ticker": "HIGHMIA-24JUL25-B92.5",
            "count": 100,
            "created_time": "2024-07-25T20:41:40.896567Z",
            "yes_price": 3,
            "no_price": 97,
            "taker_side": "no"
        },
        {
            "trade_id": "72fba3b0-1931-4312-a95e-c45896b1e5db",
            "ticker": "HIGHMIA-24JUL25-B92.5",
            "count": 73,
            "created_time": "2024-07-25T18:58:45.020266Z",
            "yes_price": 43,
            "no_price": 57,
            "taker_side": "no"
        },
        {
            "trade_id": "cdd99480-b743-4a69-8d4f-79e07b0bfdd4",
            "ticker": "HIGHMIA-24JUL25-B92.5",
            "count": 376,
            "created_time": "2024-07-25T18:43:24.177842Z",
            "yes_price": 63,
            "no_price": 37,
            "taker_side": "no"
        },
        {
            "trade_id": "5913657c-d658-401a-98f6-6761c3622c6d",
            "ticker": "HIGHMIA-24JUL25-B92.5",
            "count": 1,
            "created_time": "2024-07-25T17:56:38.461411Z",
            "yes_price": 44,
            "no_price": 56,
            "taker_side": "no"
        },
        {
            "trade_id": "9088c046-8a07-4461-b42a-8200d161f962",
            "ticker": "HIGHMIA-24JUL25-B92.5",
            "count": 1,
            "created_time": "2024-07-25T15:44:20.890785Z",
            "yes_price": 98,
            "no_price": 2,
            "taker_side": "yes"
        },
        {
            "trade_id": "ed5d0384-9fcf-4953-a3a5-cb15dce30703",
            "ticker": "HIGHMIA-24JUL25-B92.5",
            "count": 40,
            "created_time": "2024-07-25T14:52:08.145494Z",
            "yes_price": 55,
            "no_price": 45,
            "taker_side": "no"
        },
        {
            "trade_id": "2630dc3f-bcf3-453e-a2ca-d0ababde706e",
            "ticker": "HIGHMIA-24JUL25-B92.5",
            "count": 1,
            "created_time": "2024-07-25T14:05:51.550024Z",
            "yes_price": 33,
            "no_price": 67,
            "taker_side": "no"
        },
        {
            "trade_id": "87d3899c-00e9-4883-a508-938ff3257a96",
            "ticker": "HIGHMIA-24JUL25-B92.5",
            "count": 12,
            "created_time": "2024-07-25T13:34:07.100441Z",
            "yes_price": 64,
            "no_price": 36,
            "taker_side": "yes"
        },
        {
            "trade_id": "21a2289e-0ab1-4bfc-b10f-e80b82c69c4d",
            "ticker": "HIGHMIA-24JUL25-B92.5",
            "count": 15,
            "created_time": "2024-07-25T02:44:15.796393Z",
            "yes_price": 65,
            "no_price": 35,
            "taker_side": "yes"
        },
        {
            "trade_id": "9446edef-5ff7-427d-8daf-116c3d5c93b7",
            "ticker": "HIGHMIA-24JUL25-B92.5",
            "count": 10,
            "created_time": "2024-07-25T02:29:38.418289Z",
            "yes_price": 65,
            "no_price": 35,
            "taker_side": "yes"
        },
        {
            "trade_id": "4ac3b1e7-eb5c-4263-9773-dc49f50369ea",
            "ticker": "HIGHMIA-24JUL25-B92.5",
            "count": 72,
            "created_time": "2024-07-25T02:21:59.330284Z",
            "yes_price": 61,
            "no_price": 39,
            "taker_side": "no"
        },
        {
            "trade_id": "b9966dfd-e458-4a39-ab6a-de55d2c2bf32",
            "ticker": "HIGHMIA-24JUL25-B92.5",
            "count": 90,
            "created_time": "2024-07-25T01:46:49.427579Z",
            "yes_price": 48,
            "no_price": 52,
            "taker_side": "yes"
        },
        {
            "trade_id": "6c2e0ed2-4f8b-4a84-b48d-32608cf1cee9",
            "ticker": "HIGHMIA-24JUL25-B92.5",
            "count": 10,
            "created_time": "2024-07-25T01:46:49.427579Z",
            "yes_price": 51,
            "no_price": 49,
            "taker_side": "yes"
        },
        {
            "trade_id": "75e1a1e9-8edd-4081-8439-4b1206a61f72",
            "ticker": "HIGHMIA-24JUL25-B92.5",
            "count": 2,
            "created_time": "2024-07-25T01:42:31.776513Z",
            "yes_price": 48,
            "no_price": 52,
            "taker_side": "yes"
        },
        {
            "trade_id": "86c2195a-9c31-4eae-9f40-1904130045b2",
            "ticker": "HIGHMIA-24JUL25-B92.5",
            "count": 8,
            "created_time": "2024-07-24T23:44:25.514232Z",
            "yes_price": 56,
            "no_price": 44,
            "taker_side": "yes"
        },
        {
            "trade_id": "baa443b2-b1f0-44d3-ad4c-618c20634f0f",
            "ticker": "HIGHMIA-24JUL25-B92.5",
            "count": 50,
            "created_time": "2024-07-24T22:28:54.303712Z",
            "yes_price": 45,
            "no_price": 55,
            "taker_side": "no"
        },
        {
            "trade_id": "554bb9e8-ae50-4174-8005-5db49418a34c",
            "ticker": "HIGHMIA-24JUL25-B92.5",
            "count": 8,
            "created_time": "2024-07-24T22:17:10.994027Z",
            "yes_price": 51,
            "no_price": 49,
            "taker_side": "yes"
        },
        {
            "trade_id": "08eae718-58cb-43cd-8ecd-7019cb66c36b",
            "ticker": "HIGHMIA-24JUL25-B92.5",
            "count": 32,
            "created_time": "2024-07-24T19:53:55.554545Z",
            "yes_price": 53,
            "no_price": 47,
            "taker_side": "yes"
        },
        {
            "trade_id": "1587816e-7174-40e1-882a-99d894148e0f",
            "ticker": "HIGHMIA-24JUL25-B92.5",
            "count": 47,
            "created_time": "2024-07-24T18:56:10.508973Z",
            "yes_price": 61,
            "no_price": 39,
            "taker_side": "yes"
        },
        {
            "trade_id": "05abdd7a-f7be-4015-b4c4-16b78c432d11",
            "ticker": "HIGHMIA-24JUL25-B92.5",
            "count": 47,
            "created_time": "2024-07-24T18:56:10.508973Z",
            "yes_price": 60,
            "no_price": 40,
            "taker_side": "yes"
        },
        {
            "trade_id": "cd7e808c-fa59-4c88-8991-0a8ce45d1b23",
            "ticker": "HIGHMIA-24JUL25-B92.5",
            "count": 4,
            "created_time": "2024-07-24T18:49:18.811535Z",
            "yes_price": 55,
            "no_price": 45,
            "taker_side": "yes"
        },
        {
            "trade_id": "f455014f-0c71-4dbe-a21a-6c9b86d8cbf5",
            "ticker": "HIGHMIA-24JUL25-B92.5",
            "count": 90,
            "created_time": "2024-07-24T18:46:55.594964Z",
            "yes_price": 55,
            "no_price": 45,
            "taker_side": "yes"
        },
        {
            "trade_id": "febf612b-a227-4a7c-96d8-ad8d608c81f8",
            "ticker": "HIGHMIA-24JUL25-B92.5",
            "count": 23,
            "created_time": "2024-07-24T18:45:21.744404Z",
            "yes_price": 54,
            "no_price": 46,
            "taker_side": "yes"
        },
        {
            "trade_id": "4a89d0d3-a983-43b7-96df-47da30a643cd",
            "ticker": "HIGHMIA-24JUL25-B92.5",
            "count": 253,
            "created_time": "2024-07-24T18:45:21.744404Z",
            "yes_price": 54,
            "no_price": 46,
            "taker_side": "yes"
        },
        {
            "trade_id": "3ba9e9cd-add7-4089-a20b-8b5a7e26119f",
            "ticker": "HIGHMIA-24JUL25-B92.5",
            "count": 18,
            "created_time": "2024-07-24T18:45:21.744404Z",
            "yes_price": 51,
            "no_price": 49,
            "taker_side": "yes"
        },
        {
            "trade_id": "1f52a3d5-d9d6-4f30-a607-c6bb04edccf9",
            "ticker": "HIGHMIA-24JUL25-B92.5",
            "count": 150,
            "created_time": "2024-07-24T18:45:21.744404Z",
            "yes_price": 55,
            "no_price": 45,
            "taker_side": "yes"
        },
        {
            "trade_id": "2fa7f2f5-6ce2-40cb-a1ca-5f0d468eaf0a",
            "ticker": "HIGHMIA-24JUL25-B92.5",
            "count": 1,
            "created_time": "2024-07-24T18:35:22.578268Z",
            "yes_price": 42,
            "no_price": 58,
            "taker_side": "no"
        },
        {
            "trade_id": "9687dcb8-e8a1-4a64-b038-0ea217520efb",
            "ticker": "HIGHMIA-24JUL25-B92.5",
            "count": 53,
            "created_time": "2024-07-24T14:17:00.134377Z",
            "yes_price": 45,
            "no_price": 55,
            "taker_side": "yes"
        },
        {
            "trade_id": "0f7683e0-0122-47f1-90f3-53eaec3292dd",
            "ticker": "HIGHMIA-24JUL25-B92.5",
            "count": 72,
            "created_time": "2024-07-24T14:16:54.738671Z",
            "yes_price": 45,
            "no_price": 55,
            "taker_side": "yes"
        }
    ],
    "HIGHMIA-24JUL25-T93": [
        {
            "trade_id": "3c4c8bbc-f624-47cd-b205-a81d3f9595bf",
            "ticker": "HIGHMIA-24JUL25-T93",
            "count": 60,
            "created_time": "2024-07-25T22:43:36.325731Z",
            "yes_price": 1,
            "no_price": 99,
            "taker_side": "no"
        },
        {
            "trade_id": "aec07978-0dbe-42f4-97db-71f562adba36",
            "ticker": "HIGHMIA-24JUL25-T93",
            "count": 20,
            "created_time": "2024-07-25T22:30:29.484569Z",
            "yes_price": 1,
            "no_price": 99,
            "taker_side": "no"
        },
        {
            "trade_id": "8ff28c3e-0fdb-4df3-9dd0-f350bb08efa1",
            "ticker": "HIGHMIA-24JUL25-T93",
            "count": 20,
            "created_time": "2024-07-25T22:24:02.669739Z",
            "yes_price": 1,
            "no_price": 99,
            "taker_side": "no"
        },
        {
            "trade_id": "705496db-7639-4c04-ad0b-0eafb78dc094",
            "ticker": "HIGHMIA-24JUL25-T93",
            "count": 74,
            "created_time": "2024-07-25T20:03:38.318589Z",
            "yes_price": 2,
            "no_price": 98,
            "taker_side": "no"
        },
        {
            "trade_id": "2d1eb730-fc77-4c7b-ac93-8601cb838125",
            "ticker": "HIGHMIA-24JUL25-T93",
            "count": 50,
            "created_time": "2024-07-25T20:03:38.318589Z",
            "yes_price": 1,
            "no_price": 99,
            "taker_side": "no"
        },
        {
            "trade_id": "51911314-07c2-4c52-8ac0-175c823d8944",
            "ticker": "HIGHMIA-24JUL25-T93",
            "count": 7,
            "created_time": "2024-07-25T16:40:55.991159Z",
            "yes_price": 25,
            "no_price": 75,
            "taker_side": "yes"
        },
        {
            "trade_id": "f81393c4-48a8-40e2-a161-db17d5c0af2e",
            "ticker": "HIGHMIA-24JUL25-T93",
            "count": 1,
            "created_time": "2024-07-25T15:44:20.97068Z",
            "yes_price": 6,
            "no_price": 94,
            "taker_side": "no"
        },
        {
            "trade_id": "e5ea5a78-c3ba-4dca-b2c3-cf64da9fc1ab",
            "ticker": "HIGHMIA-24JUL25-T93",
            "count": 40,
            "created_time": "2024-07-25T14:52:08.146887Z",
            "yes_price": 9,
            "no_price": 91,
            "taker_side": "no"
        },
        {
            "trade_id": "d91e9cb2-438d-437a-bbfd-f17440aa1e14",
            "ticker": "HIGHMIA-24JUL25-T93",
            "count": 27,
            "created_time": "2024-07-25T14:06:53.84401Z",
            "yes_price": 9,
            "no_price": 91,
            "taker_side": "no"
        },
        {
            "trade_id": "834e66bc-2866-4748-a4aa-bd3ce69fe562",
            "ticker": "HIGHMIA-24JUL25-T93",
            "count": 58,
            "created_time": "2024-07-25T14:05:19.398297Z",
            "yes_price": 9,
            "no_price": 91,
            "taker_side": "no"
        },
        {
            "trade_id": "fdc6a6e3-1130-4353-9efc-0d110b0a9756",
            "ticker": "HIGHMIA-24JUL25-T93",
            "count": 24,
            "created_time": "2024-07-25T13:36:17.167379Z",
            "yes_price": 10,
            "no_price": 90,
            "taker_side": "no"
        },
        {
            "trade_id": "55a603bf-5aec-4d19-807b-7e4d136605c7",
            "ticker": "HIGHMIA-24JUL25-T93",
            "count": 12,
            "created_time": "2024-07-25T13:34:07.177943Z",
            "yes_price": 10,
            "no_price": 90,
            "taker_side": "no"
        },
        {
            "trade_id": "b4b6697e-d02f-41b2-abd1-d2bea529d7d1",
            "ticker": "HIGHMIA-24JUL25-T93",
            "count": 18,
            "created_time": "2024-07-25T13:33:19.8958Z",
            "yes_price": 10,
            "no_price": 90,
            "taker_side": "no"
        },
        {
            "trade_id": "88634ac1-80d3-4d73-af91-1730b1efb8c7",
            "ticker": "HIGHMIA-24JUL25-T93",
            "count": 30,
            "created_time": "2024-07-25T13:21:04.710443Z",
            "yes_price": 11,
            "no_price": 89,
            "taker_side": "yes"
        },
        {
            "trade_id": "1bea5272-4278-44a4-bb33-78cfcef1b0e7",
            "ticker": "HIGHMIA-24JUL25-T93",
            "count": 50,
            "created_time": "2024-07-25T13:20:59.260934Z",
            "yes_price": 10,
            "no_price": 90,
            "taker_side": "no"
        },
        {
            "trade_id": "1f04f812-e363-4878-b3ef-b385e150740e",
            "ticker": "HIGHMIA-24JUL25-T93",
            "count": 162,
            "created_time": "2024-07-25T12:03:21.148122Z",
            "yes_price": 16,
            "no_price": 84,
            "taker_side": "yes"
        },
        {
            "trade_id": "15bcfccc-1a81-42cf-93ed-f12e7b658c2a",
            "ticker": "HIGHMIA-24JUL25-T93",
            "count": 180,
            "created_time": "2024-07-25T12:03:21.148122Z",
            "yes_price": 14,
            "no_price": 86,
            "taker_side": "yes"
        },
        {
            "trade_id": "087b7504-d2f8-4bfc-8bb8-daa0b053c4d1",
            "ticker": "HIGHMIA-24JUL25-T93",
            "count": 144,
            "created_time": "2024-07-25T12:03:21.148122Z",
            "yes_price": 13,
            "no_price": 87,
            "taker_side": "yes"
        },
        {
            "trade_id": "a70b7181-9907-4150-b5c6-e16fd6ce0aa9",
            "ticker": "HIGHMIA-24JUL25-T93",
            "count": 92,
            "created_time": "2024-07-25T02:46:06.559966Z",
            "yes_price": 9,
            "no_price": 91,
            "taker_side": "no"
        },
        {
            "trade_id": "0ef4310d-74ba-4d3d-b643-d6ca44b1c329",
            "ticker": "HIGHMIA-24JUL25-T93",
            "count": 108,
            "created_time": "2024-07-25T02:46:06.559966Z",
            "yes_price": 10,
            "no_price": 90,
            "taker_side": "no"
        },
        {
            "trade_id": "77cde2b3-b9fc-4776-9bc3-0631141048f8",
            "ticker": "HIGHMIA-24JUL25-T93",
            "count": 1,
            "created_time": "2024-07-25T01:42:11.464665Z",
            "yes_price": 10,
            "no_price": 90,
            "taker_side": "yes"
        },
        {
            "trade_id": "07537d36-ef6d-448e-ab50-7783be0c17f8",
            "ticker": "HIGHMIA-24JUL25-T93",
            "count": 100,
            "created_time": "2024-07-25T01:41:30.060164Z",
            "yes_price": 5,
            "no_price": 95,
            "taker_side": "no"
        },
        {
            "trade_id": "cc764e6f-f6fe-46e9-bcb2-c3a5941a753c",
            "ticker": "HIGHMIA-24JUL25-T93",
            "count": 54,
            "created_time": "2024-07-24T18:47:42.920173Z",
            "yes_price": 19,
            "no_price": 81,
            "taker_side": "no"
        },
        {
            "trade_id": "76b2c684-46c6-4432-a340-398072349a37",
            "ticker": "HIGHMIA-24JUL25-T93",
            "count": 36,
            "created_time": "2024-07-24T18:46:28.6949Z",
            "yes_price": 20,
            "no_price": 80,
            "taker_side": "no"
        },
        {
            "trade_id": "80956945-8c54-49c5-a14c-13db8020c24d",
            "ticker": "HIGHMIA-24JUL25-T93",
            "count": 90,
            "created_time": "2024-07-24T18:45:48.659391Z",
            "yes_price": 21,
            "no_price": 79,
            "taker_side": "no"
        },
        {
            "trade_id": "504bea50-6b74-407d-bc93-93a4befd2b3a",
            "ticker": "HIGHMIA-24JUL25-T93",
            "count": 144,
            "created_time": "2024-07-24T18:45:40.608875Z",
            "yes_price": 19,
            "no_price": 81,
            "taker_side": "no"
        },
        {
            "trade_id": "7af57c1a-3458-44a0-a7d8-76ecd496ff2d",
            "ticker": "HIGHMIA-24JUL25-T93",
            "count": 36,
            "created_time": "2024-07-24T18:45:29.314562Z",
            "yes_price": 20,
            "no_price": 80,
            "taker_side": "no"
        },
        {
            "trade_id": "c8a72641-74f0-4ba3-8c5d-c662531d484f",
            "ticker": "HIGHMIA-24JUL25-T93",
            "count": 54,
            "created_time": "2024-07-24T18:44:46.300697Z",
            "yes_price": 22,
            "no_price": 78,
            "taker_side": "no"
        },
        {
            "trade_id": "4ea12c7d-4c58-4d32-8335-cc1f63daf74b",
            "ticker": "HIGHMIA-24JUL25-T93",
            "count": 180,
            "created_time": "2024-07-24T18:44:46.300697Z",
            "yes_price": 20,
            "no_price": 80,
            "taker_side": "no"
        },
        {
            "trade_id": "0b97796c-9205-436b-895a-3eaa1ee7ed9c",
            "ticker": "HIGHMIA-24JUL25-T93",
            "count": 1,
            "created_time": "2024-07-24T17:30:24.795452Z",
            "yes_price": 18,
            "no_price": 82,
            "taker_side": "yes"
        },
        {
            "trade_id": "115c5d76-2345-4b5d-973f-4cce2f3dca75",
            "ticker": "HIGHMIA-24JUL25-T93",
            "count": 47,
            "created_time": "2024-07-24T15:05:19.582668Z",
            "yes_price": 17,
            "no_price": 83,
            "taker_side": "yes"
        },
        {
            "trade_id": "7aaaa830-5ae4-4a4b-a292-b7c7e0a11274",
            "ticker": "HIGHMIA-24JUL25-T93",
            "count": 71,
            "created_time": "2024-07-24T14:25:16.258873Z",
            "yes_price": 14,
            "no_price": 86,
            "taker_side": "yes"
        },
        {
            "trade_id": "acc94f7f-84a5-445e-9151-86aacf4c0512",
            "ticker": "HIGHMIA-24JUL25-T93",
            "count": 54,
            "created_time": "2024-07-24T14:21:10.869521Z",
            "yes_price": 14,
            "no_price": 86,
            "taker_side": "yes"
        },
        {
            "trade_id": "74c6a4bb-872e-4c8f-bc94-9af7a45abaea",
            "ticker": "HIGHMIA-24JUL25-T93",
            "count": 82,
            "created_time": "2024-07-24T14:21:04.263707Z",
            "yes_price": 13,
            "no_price": 87,
            "taker_side": "yes"
        },
        {
            "trade_id": "784a2177-2004-482e-b9e1-db519e6b3e67",
            "ticker": "HIGHMIA-24JUL25-T93",
            "count": 18,
            "created_time": "2024-07-24T14:21:04.24858Z",
            "yes_price": 13,
            "no_price": 87,
            "taker_side": "yes"
        }
    ]
}