{
    "HIGHMIA-24JUN21-T84": [],
    "HIGHMIA-24JUN21-B84.5": [
        {
            "trade_id": "b49a737b-cb7d-43d5-9d3f-663368d1118c",
            "ticker": "HIGHMIA-24JUN21-B84.5",
            "count": 128,
            "created_time": "2024-06-20T20:04:29.187683Z",
            "yes_price": 5,
            "no_price": 95,
            "taker_side": "no"
        },
        {
            "trade_id": "5244c817-cc91-4763-b3e7-290c1d9760c0",
            "ticker": "HIGHMIA-24JUN21-B84.5",
            "count": 150,
            "created_time": "2024-06-20T20:00:31.635412Z",
            "yes_price": 5,
            "no_price": 95,
            "taker_side": "no"
        },
        {
            "trade_id": "8c27cfc1-726b-4a2e-a554-5d3bfd8ce3fc",
            "ticker": "HIGHMIA-24JUN21-B84.5",
            "count": 150,
            "created_time": "2024-06-20T19:56:24.850717Z",
            "yes_price": 5,
            "no_price": 95,
            "taker_side": "no"
        },
        {
            "trade_id": "8bc290c8-2095-4c46-8fdb-9aa82f7a766b",
            "ticker": "HIGHMIA-24JUN21-B84.5",
            "count": 50,
            "created_time": "2024-06-20T18:40:53.553074Z",
            "yes_price": 5,
            "no_price": 95,
            "taker_side": "no"
        },
        {
            "trade_id": "88386117-0f39-496f-bb1a-4c1ad19ebe11",
            "ticker": "HIGHMIA-24JUN21-B84.5",
            "count": 22,
            "created_time": "2024-06-20T14:24:14.670126Z",
            "yes_price": 5,
            "no_price": 95,
            "taker_side": "no"
        }
    ],
    "HIGHMIA-24JUN21-B86.5": [
        {
            "trade_id": "5c223adf-8736-4cd5-a748-b36b572bce6e",
            "ticker": "HIGHMIA-24JUN21-B86.5",
            "count": 869,
            "created_time": "2024-06-22T03:23:43.987222Z",
            "yes_price": 1,
            "no_price": 99,
            "taker_side": "yes"
        },
        {
            "trade_id": "4266da84-8192-4765-9b98-3ddcc2bf596d",
            "ticker": "HIGHMIA-24JUN21-B86.5",
            "count": 65,
            "created_time": "2024-06-22T03:23:43.987222Z",
            "yes_price": 1,
            "no_price": 99,
            "taker_side": "yes"
        },
        {
            "trade_id": "0503ff07-dc8c-4542-878b-93b0c0c7b453",
            "ticker": "HIGHMIA-24JUN21-B86.5",
            "count": 935,
            "created_time": "2024-06-21T21:43:37.796068Z",
            "yes_price": 1,
            "no_price": 99,
            "taker_side": "yes"
        },
        {
            "trade_id": "6fa21fe2-2594-46ad-95a3-c72776c0509a",
            "ticker": "HIGHMIA-24JUN21-B86.5",
            "count": 18,
            "created_time": "2024-06-20T22:14:42.102927Z",
            "yes_price": 16,
            "no_price": 84,
            "taker_side": "yes"
        },
        {
            "trade_id": "beafd2d4-5cf3-4011-b9b6-3843af8ae121",
            "ticker": "HIGHMIA-24JUN21-B86.5",
            "count": 50,
            "created_time": "2024-06-20T19:56:35.762682Z",
            "yes_price": 11,
            "no_price": 89,
            "taker_side": "no"
        },
        {
            "trade_id": "0914be93-908e-46da-86a8-412a88e2e31c",
            "ticker": "HIGHMIA-24JUN21-B86.5",
            "count": 150,
            "created_time": "2024-06-20T19:56:24.902575Z",
            "yes_price": 11,
            "no_price": 89,
            "taker_side": "no"
        },
        {
            "trade_id": "8a890eda-ab62-4a9b-9bb6-319694fd86fa",
            "ticker": "HIGHMIA-24JUN21-B86.5",
            "count": 150,
            "created_time": "2024-06-20T19:56:24.885551Z",
            "yes_price": 11,
            "no_price": 89,
            "taker_side": "no"
        },
        {
            "trade_id": "4070f43c-5225-4186-b046-b4b31aa4840c",
            "ticker": "HIGHMIA-24JUN21-B86.5",
            "count": 150,
            "created_time": "2024-06-20T19:56:24.868398Z",
            "yes_price": 11,
            "no_price": 89,
            "taker_side": "no"
        }
    ],
    "HIGHMIA-24JUN21-B88.5": [
        {
            "trade_id": "8dd15b95-ac3f-4a33-9a16-f70937e15478",
            "ticker": "HIGHMIA-24JUN21-B88.5",
            "count": 935,
            "created_time": "2024-06-22T03:23:31.753518Z",
            "yes_price": 1,
            "no_price": 99,
            "taker_side": "yes"
        },
        {
            "trade_id": "d43509ae-bf0b-4482-8278-7e283fe34380",
            "ticker": "HIGHMIA-24JUN21-B88.5",
            "count": 5,
            "created_time": "2024-06-21T21:04:22.606761Z",
            "yes_price": 1,
            "no_price": 99,
            "taker_side": "yes"
        },
        {
            "trade_id": "ec597ee9-a061-4cad-8a61-063b1a358d1d",
            "ticker": "HIGHMIA-24JUN21-B88.5",
            "count": 467,
            "created_time": "2024-06-21T20:44:24.508926Z",
            "yes_price": 1,
            "no_price": 99,
            "taker_side": "yes"
        },
        {
            "trade_id": "db6809fd-7b46-45d5-b6a7-c180a2e01e7e",
            "ticker": "HIGHMIA-24JUN21-B88.5",
            "count": 1,
            "created_time": "2024-06-21T16:01:42.397871Z",
            "yes_price": 1,
            "no_price": 99,
            "taker_side": "no"
        },
        {
            "trade_id": "213de4a6-6b43-42d5-8481-0daf3bf0282d",
            "ticker": "HIGHMIA-24JUN21-B88.5",
            "count": 4,
            "created_time": "2024-06-21T14:21:23.084697Z",
            "yes_price": 10,
            "no_price": 90,
            "taker_side": "no"
        },
        {
            "trade_id": "c342705f-bba2-403b-a7c4-c146d211c370",
            "ticker": "HIGHMIA-24JUN21-B88.5",
            "count": 6,
            "created_time": "2024-06-21T13:24:03.074805Z",
            "yes_price": 19,
            "no_price": 81,
            "taker_side": "no"
        },
        {
            "trade_id": "cca46837-ff53-47e0-82e7-c0189422753c",
            "ticker": "HIGHMIA-24JUN21-B88.5",
            "count": 28,
            "created_time": "2024-06-21T12:38:57.112464Z",
            "yes_price": 16,
            "no_price": 84,
            "taker_side": "yes"
        },
        {
            "trade_id": "011c1fb1-7dfe-4fe5-98e1-12a26e1b0565",
            "ticker": "HIGHMIA-24JUN21-B88.5",
            "count": 1,
            "created_time": "2024-06-21T12:38:57.112464Z",
            "yes_price": 15,
            "no_price": 85,
            "taker_side": "yes"
        },
        {
            "trade_id": "d427f619-652e-47d8-865e-622f9ae44867",
            "ticker": "HIGHMIA-24JUN21-B88.5",
            "count": 36,
            "created_time": "2024-06-21T12:13:24.415611Z",
            "yes_price": 15,
            "no_price": 85,
            "taker_side": "no"
        },
        {
            "trade_id": "0f6cd486-dd35-44e4-843e-fdb63a7a5817",
            "ticker": "HIGHMIA-24JUN21-B88.5",
            "count": 3,
            "created_time": "2024-06-21T12:00:51.275981Z",
            "yes_price": 15,
            "no_price": 85,
            "taker_side": "no"
        },
        {
            "trade_id": "d3cc6ab4-5e5b-446f-be29-90e5de7ddb0f",
            "ticker": "HIGHMIA-24JUN21-B88.5",
            "count": 20,
            "created_time": "2024-06-21T01:25:37.156508Z",
            "yes_price": 22,
            "no_price": 78,
            "taker_side": "no"
        },
        {
            "trade_id": "26997e89-b161-47d3-ba3e-34fba94e7a49",
            "ticker": "HIGHMIA-24JUN21-B88.5",
            "count": 64,
            "created_time": "2024-06-21T01:21:44.259298Z",
            "yes_price": 22,
            "no_price": 78,
            "taker_side": "no"
        },
        {
            "trade_id": "1fb5a77c-0372-486d-9524-850ae87d193e",
            "ticker": "HIGHMIA-24JUN21-B88.5",
            "count": 54,
            "created_time": "2024-06-21T01:17:30.163138Z",
            "yes_price": 30,
            "no_price": 70,
            "taker_side": "yes"
        },
        {
            "trade_id": "6bf518c8-615d-4e21-8e9c-841e04403f40",
            "ticker": "HIGHMIA-24JUN21-B88.5",
            "count": 100,
            "created_time": "2024-06-21T01:15:26.680133Z",
            "yes_price": 30,
            "no_price": 70,
            "taker_side": "yes"
        },
        {
            "trade_id": "64eeaeb4-4e0a-4b87-9c62-c617f318225b",
            "ticker": "HIGHMIA-24JUN21-B88.5",
            "count": 18,
            "created_time": "2024-06-21T00:15:56.464679Z",
            "yes_price": 24,
            "no_price": 76,
            "taker_side": "yes"
        },
        {
            "trade_id": "5b1c92ce-7d3d-47b5-85a3-db9d9b358852",
            "ticker": "HIGHMIA-24JUN21-B88.5",
            "count": 167,
            "created_time": "2024-06-21T00:15:56.464679Z",
            "yes_price": 26,
            "no_price": 74,
            "taker_side": "yes"
        },
        {
            "trade_id": "46df649a-b596-4c0e-ac2b-132565277866",
            "ticker": "HIGHMIA-24JUN21-B88.5",
            "count": 35,
            "created_time": "2024-06-20T22:22:47.612306Z",
            "yes_price": 26,
            "no_price": 74,
            "taker_side": "yes"
        },
        {
            "trade_id": "1ddfbc24-a2d7-4691-80b2-097afde99341",
            "ticker": "HIGHMIA-24JUN21-B88.5",
            "count": 1,
            "created_time": "2024-06-20T18:35:16.867861Z",
            "yes_price": 15,
            "no_price": 85,
            "taker_side": "no"
        },
        {
            "trade_id": "8cb1c74a-c46e-43a3-baeb-4d6aaa70f5e1",
            "ticker": "HIGHMIA-24JUN21-B88.5",
            "count": 5,
            "created_time": "2024-06-20T18:23:33.701395Z",
            "yes_price": 15,
            "no_price": 85,
            "taker_side": "no"
        }
    ],
    "HIGHMIA-24JUN21-B90.5": [
        {
            "trade_id": "9f277228-ed2e-4203-be1f-51c7b58b167b",
            "ticker": "HIGHMIA-24JUN21-B90.5",
            "count": 3,
            "created_time": "2024-06-22T03:22:45.655058Z",
            "yes_price": 99,
            "no_price": 1,
            "taker_side": "no"
        },
        {
            "trade_id": "70c29b96-e9eb-4e0d-b5d5-91c45160fb16",
            "ticker": "HIGHMIA-24JUN21-B90.5",
            "count": 12,
            "created_time": "2024-06-21T20:40:43.233386Z",
            "yes_price": 98,
            "no_price": 2,
            "taker_side": "yes"
        },
        {
            "trade_id": "c004cf7a-a5a9-405c-9d3d-de0147bc828b",
            "ticker": "HIGHMIA-24JUN21-B90.5",
            "count": 1,
            "created_time": "2024-06-21T16:05:41.042034Z",
            "yes_price": 73,
            "no_price": 27,
            "taker_side": "yes"
        },
        {
            "trade_id": "e6c16edf-8b8c-4af7-84b6-fdcf511c0581",
            "ticker": "HIGHMIA-24JUN21-B90.5",
            "count": 19,
            "created_time": "2024-06-21T16:01:42.411872Z",
            "yes_price": 95,
            "no_price": 5,
            "taker_side": "no"
        },
        {
            "trade_id": "d460aa8f-6d27-435c-b10d-c1a0465662cd",
            "ticker": "HIGHMIA-24JUN21-B90.5",
            "count": 1,
            "created_time": "2024-06-21T16:01:42.399334Z",
            "yes_price": 95,
            "no_price": 5,
            "taker_side": "no"
        },
        {
            "trade_id": "29d52954-84e0-4df9-a89d-8e2756d69975",
            "ticker": "HIGHMIA-24JUN21-B90.5",
            "count": 6,
            "created_time": "2024-06-21T15:27:51.311293Z",
            "yes_price": 80,
            "no_price": 20,
            "taker_side": "yes"
        },
        {
            "trade_id": "cfca11b7-6d26-4bf0-b024-93baf0f34543",
            "ticker": "HIGHMIA-24JUN21-B90.5",
            "count": 30,
            "created_time": "2024-06-21T14:26:40.316389Z",
            "yes_price": 62,
            "no_price": 38,
            "taker_side": "yes"
        },
        {
            "trade_id": "2937c0ee-869e-435b-ac3e-ddb8d7e1a8b7",
            "ticker": "HIGHMIA-24JUN21-B90.5",
            "count": 10,
            "created_time": "2024-06-21T14:26:40.316389Z",
            "yes_price": 65,
            "no_price": 35,
            "taker_side": "yes"
        },
        {
            "trade_id": "682e1201-0112-42af-a919-a9effcc9356e",
            "ticker": "HIGHMIA-24JUN21-B90.5",
            "count": 34,
            "created_time": "2024-06-21T14:02:07.704797Z",
            "yes_price": 59,
            "no_price": 41,
            "taker_side": "yes"
        },
        {
            "trade_id": "2ce4f111-8ce9-445c-8483-b5a603710ade",
            "ticker": "HIGHMIA-24JUN21-B90.5",
            "count": 40,
            "created_time": "2024-06-21T14:02:07.704797Z",
            "yes_price": 60,
            "no_price": 40,
            "taker_side": "yes"
        },
        {
            "trade_id": "4d96e2f2-7e97-4c7c-909c-33227f6f7674",
            "ticker": "HIGHMIA-24JUN21-B90.5",
            "count": 3,
            "created_time": "2024-06-21T13:29:35.78741Z",
            "yes_price": 64,
            "no_price": 36,
            "taker_side": "yes"
        },
        {
            "trade_id": "b60c1563-d328-4068-8782-55dbc8367e9c",
            "ticker": "HIGHMIA-24JUN21-B90.5",
            "count": 16,
            "created_time": "2024-06-21T13:03:52.757713Z",
            "yes_price": 56,
            "no_price": 44,
            "taker_side": "yes"
        },
        {
            "trade_id": "7822c12d-ef9f-4fff-b1ef-b9fde917644e",
            "ticker": "HIGHMIA-24JUN21-B90.5",
            "count": 16,
            "created_time": "2024-06-21T13:03:52.757713Z",
            "yes_price": 65,
            "no_price": 35,
            "taker_side": "yes"
        },
        {
            "trade_id": "e7082f1d-8374-4ea1-9015-a6b5cf847f2b",
            "ticker": "HIGHMIA-24JUN21-B90.5",
            "count": 50,
            "created_time": "2024-06-21T13:02:47.46328Z",
            "yes_price": 55,
            "no_price": 45,
            "taker_side": "no"
        },
        {
            "trade_id": "40f461f8-fa5c-406c-8932-2064153c2927",
            "ticker": "HIGHMIA-24JUN21-B90.5",
            "count": 2,
            "created_time": "2024-06-21T12:59:10.009258Z",
            "yes_price": 56,
            "no_price": 44,
            "taker_side": "yes"
        },
        {
            "trade_id": "850b761b-e0c0-4900-864a-d810d05ae448",
            "ticker": "HIGHMIA-24JUN21-B90.5",
            "count": 1,
            "created_time": "2024-06-21T12:44:25.036752Z",
            "yes_price": 55,
            "no_price": 45,
            "taker_side": "yes"
        },
        {
            "trade_id": "59f2f515-1c5e-40ee-8d4f-e4a2383ce0e8",
            "ticker": "HIGHMIA-24JUN21-B90.5",
            "count": 1,
            "created_time": "2024-06-21T12:34:04.567757Z",
            "yes_price": 55,
            "no_price": 45,
            "taker_side": "yes"
        },
        {
            "trade_id": "237c7d9a-c003-4347-8186-88c69cef56c3",
            "ticker": "HIGHMIA-24JUN21-B90.5",
            "count": 36,
            "created_time": "2024-06-21T12:13:24.406463Z",
            "yes_price": 47,
            "no_price": 53,
            "taker_side": "no"
        },
        {
            "trade_id": "1876cb36-77b7-4ae7-a9f4-8b054edae7f8",
            "ticker": "HIGHMIA-24JUN21-B90.5",
            "count": 3,
            "created_time": "2024-06-21T12:00:51.191902Z",
            "yes_price": 55,
            "no_price": 45,
            "taker_side": "yes"
        },
        {
            "trade_id": "7d421229-c52c-4de6-abdd-7d65e8e664ce",
            "ticker": "HIGHMIA-24JUN21-B90.5",
            "count": 30,
            "created_time": "2024-06-21T01:17:11.225491Z",
            "yes_price": 53,
            "no_price": 47,
            "taker_side": "yes"
        },
        {
            "trade_id": "6d7a6e9b-773f-4a9e-92a7-36021a083cf1",
            "ticker": "HIGHMIA-24JUN21-B90.5",
            "count": 36,
            "created_time": "2024-06-21T01:16:56.715998Z",
            "yes_price": 52,
            "no_price": 48,
            "taker_side": "yes"
        },
        {
            "trade_id": "48fd6fe7-d497-4495-a186-b05df9c7338d",
            "ticker": "HIGHMIA-24JUN21-B90.5",
            "count": 36,
            "created_time": "2024-06-21T01:16:34.572359Z",
            "yes_price": 52,
            "no_price": 48,
            "taker_side": "no"
        },
        {
            "trade_id": "cbe2c682-a210-4457-a85a-c04e9411e202",
            "ticker": "HIGHMIA-24JUN21-B90.5",
            "count": 36,
            "created_time": "2024-06-21T01:16:25.187411Z",
            "yes_price": 51,
            "no_price": 49,
            "taker_side": "yes"
        },
        {
            "trade_id": "7a0b0011-1a16-46e9-84e4-25e12f7b06f2",
            "ticker": "HIGHMIA-24JUN21-B90.5",
            "count": 72,
            "created_time": "2024-06-21T00:00:32.116521Z",
            "yes_price": 52,
            "no_price": 48,
            "taker_side": "yes"
        },
        {
            "trade_id": "7736ef40-8283-47ef-b71d-5843bbff0d88",
            "ticker": "HIGHMIA-24JUN21-B90.5",
            "count": 90,
            "created_time": "2024-06-20T23:54:30.677952Z",
            "yes_price": 52,
            "no_price": 48,
            "taker_side": "yes"
        },
        {
            "trade_id": "b279f8cf-0102-4dda-a4fa-7ad8d4a73da3",
            "ticker": "HIGHMIA-24JUN21-B90.5",
            "count": 72,
            "created_time": "2024-06-20T23:54:20.057017Z",
            "yes_price": 51,
            "no_price": 49,
            "taker_side": "yes"
        },
        {
            "trade_id": "8637af14-6a66-4590-a511-33de666072d6",
            "ticker": "HIGHMIA-24JUN21-B90.5",
            "count": 36,
            "created_time": "2024-06-20T22:40:34.526947Z",
            "yes_price": 42,
            "no_price": 58,
            "taker_side": "no"
        },
        {
            "trade_id": "83752bab-1cfb-47be-a77b-2cd562adfd20",
            "ticker": "HIGHMIA-24JUN21-B90.5",
            "count": 1,
            "created_time": "2024-06-20T18:35:17.291913Z",
            "yes_price": 15,
            "no_price": 85,
            "taker_side": "no"
        },
        {
            "trade_id": "0fae5882-5961-4a1c-8aec-2894bceeedc3",
            "ticker": "HIGHMIA-24JUN21-B90.5",
            "count": 14,
            "created_time": "2024-06-20T18:24:18.28808Z",
            "yes_price": 40,
            "no_price": 60,
            "taker_side": "yes"
        },
        {
            "trade_id": "ee88a2c7-bcb2-41de-8ec0-1425d530e849",
            "ticker": "HIGHMIA-24JUN21-B90.5",
            "count": 5,
            "created_time": "2024-06-20T18:23:48.216463Z",
            "yes_price": 15,
            "no_price": 85,
            "taker_side": "no"
        }
    ],
    "HIGHMIA-24JUN21-T91": [
        {
            "trade_id": "d0bd7adf-0415-4455-9c4f-3edf1f33ec56",
            "ticker": "HIGHMIA-24JUN21-T91",
            "count": 988,
            "created_time": "2024-06-21T21:18:44.5796Z",
            "yes_price": 3,
            "no_price": 97,
            "taker_side": "no"
        },
        {
            "trade_id": "e684b3df-f094-4325-82ab-846140bc7ad7",
            "ticker": "HIGHMIA-24JUN21-T91",
            "count": 12,
            "created_time": "2024-06-21T20:40:43.282326Z",
            "yes_price": 3,
            "no_price": 97,
            "taker_side": "no"
        },
        {
            "trade_id": "a7e2df7e-a7ae-471f-9bb0-039a15ac084a",
            "ticker": "HIGHMIA-24JUN21-T91",
            "count": 19,
            "created_time": "2024-06-21T16:01:42.403833Z",
            "yes_price": 50,
            "no_price": 50,
            "taker_side": "no"
        },
        {
            "trade_id": "8d4ac66f-b312-4809-94df-3f7e76729dbb",
            "ticker": "HIGHMIA-24JUN21-T91",
            "count": 1,
            "created_time": "2024-06-21T16:01:42.390069Z",
            "yes_price": 50,
            "no_price": 50,
            "taker_side": "no"
        },
        {
            "trade_id": "b0544503-acb9-4e1b-8fb2-46027cf01c85",
            "ticker": "HIGHMIA-24JUN21-T91",
            "count": 13,
            "created_time": "2024-06-21T12:39:35.814911Z",
            "yes_price": 30,
            "no_price": 70,
            "taker_side": "no"
        },
        {
            "trade_id": "412ef81a-bcc5-41b7-8bc5-bcf9f96cd8a8",
            "ticker": "HIGHMIA-24JUN21-T91",
            "count": 1,
            "created_time": "2024-06-21T12:33:47.504677Z",
            "yes_price": 44,
            "no_price": 56,
            "taker_side": "yes"
        },
        {
            "trade_id": "247a3bf9-0f40-4809-9a87-c8d9d462a116",
            "ticker": "HIGHMIA-24JUN21-T91",
            "count": 36,
            "created_time": "2024-06-21T12:13:24.336193Z",
            "yes_price": 45,
            "no_price": 55,
            "taker_side": "yes"
        },
        {
            "trade_id": "02a61624-cc43-4e8d-8d17-b3e4a93788c3",
            "ticker": "HIGHMIA-24JUN21-T91",
            "count": 3,
            "created_time": "2024-06-21T12:00:51.279289Z",
            "yes_price": 37,
            "no_price": 63,
            "taker_side": "no"
        },
        {
            "trade_id": "b06758c0-88de-469a-9119-5f5d73757f2e",
            "ticker": "HIGHMIA-24JUN21-T91",
            "count": 100,
            "created_time": "2024-06-21T01:16:08.811635Z",
            "yes_price": 27,
            "no_price": 73,
            "taker_side": "yes"
        },
        {
            "trade_id": "be4bb752-a74b-4b9f-98ab-acdb52218e93",
            "ticker": "HIGHMIA-24JUN21-T91",
            "count": 96,
            "created_time": "2024-06-20T23:54:02.274615Z",
            "yes_price": 20,
            "no_price": 80,
            "taker_side": "no"
        },
        {
            "trade_id": "124ad682-7c88-45be-815d-521936b275d0",
            "ticker": "HIGHMIA-24JUN21-T91",
            "count": 54,
            "created_time": "2024-06-20T23:54:02.274615Z",
            "yes_price": 22,
            "no_price": 78,
            "taker_side": "no"
        },
        {
            "trade_id": "2876e6ae-0cde-4874-bc3d-37443d5fd228",
            "ticker": "HIGHMIA-24JUN21-T91",
            "count": 18,
            "created_time": "2024-06-20T20:08:33.491195Z",
            "yes_price": 30,
            "no_price": 70,
            "taker_side": "yes"
        },
        {
            "trade_id": "9f281827-1bc7-4e3e-bbd2-4374a81695fc",
            "ticker": "HIGHMIA-24JUN21-T91",
            "count": 14,
            "created_time": "2024-06-20T19:56:24.747085Z",
            "yes_price": 15,
            "no_price": 85,
            "taker_side": "yes"
        }
    ]
}