{
    "KXHIGHMIA-24NOV20-T80": [
        {
            "trade_id": "cc91e279-945f-478d-8902-6550b3118da3",
            "ticker": "KXHIGHMIA-24NOV20-T80",
            "count": 93,
            "created_time": "2024-11-21T03:40:31.821252Z",
            "yes_price": 1,
            "no_price": 99,
            "taker_side": "yes"
        },
        {
            "trade_id": "427866f5-c362-4e49-9a33-f78021a2247f",
            "ticker": "KXHIGHMIA-24NOV20-T80",
            "count": 467,
            "created_time": "2024-11-21T03:07:10.67473Z",
            "yes_price": 1,
            "no_price": 99,
            "taker_side": "yes"
        },
        {
            "trade_id": "b095d3fe-110e-43bb-a377-33069d20af35",
            "ticker": "KXHIGHMIA-24NOV20-T80",
            "count": 187,
            "created_time": "2024-11-21T00:49:43.626541Z",
            "yes_price": 1,
            "no_price": 99,
            "taker_side": "yes"
        },
        {
            "trade_id": "3c7dc586-f663-49df-816c-31a21aae0681",
            "ticker": "KXHIGHMIA-24NOV20-T80",
            "count": 2337,
            "created_time": "2024-11-21T00:10:25.909805Z",
            "yes_price": 1,
            "no_price": 99,
            "taker_side": "yes"
        },
        {
            "trade_id": "3e281075-38f0-42dc-8a81-702a402b53db",
            "ticker": "KXHIGHMIA-24NOV20-T80",
            "count": 93,
            "created_time": "2024-11-20T22:35:40.365637Z",
            "yes_price": 1,
            "no_price": 99,
            "taker_side": "yes"
        },
        {
            "trade_id": "d2e6b520-3e57-40f9-9770-8d84d6a24960",
            "ticker": "KXHIGHMIA-24NOV20-T80",
            "count": 1034,
            "created_time": "2024-11-20T22:30:15.109521Z",
            "yes_price": 1,
            "no_price": 99,
            "taker_side": "yes"
        },
        {
            "trade_id": "9eabc132-29b0-4c75-b2c2-54d24050c436",
            "ticker": "KXHIGHMIA-24NOV20-T80",
            "count": 1,
            "created_time": "2024-11-20T22:30:15.109521Z",
            "yes_price": 1,
            "no_price": 99,
            "taker_side": "yes"
        },
        {
            "trade_id": "843f992c-ef18-40d0-ac71-b93bb514c0fb",
            "ticker": "KXHIGHMIA-24NOV20-T80",
            "count": 1,
            "created_time": "2024-11-20T22:30:15.109521Z",
            "yes_price": 1,
            "no_price": 99,
            "taker_side": "yes"
        },
        {
            "trade_id": "33f0e71c-bacf-4ca2-87d4-eae947888f2e",
            "ticker": "KXHIGHMIA-24NOV20-T80",
            "count": 15955,
            "created_time": "2024-11-20T22:30:15.109521Z",
            "yes_price": 1,
            "no_price": 99,
            "taker_side": "yes"
        },
        {
            "trade_id": "0eb4592d-2ca0-49c2-bed3-c42b87e61cf7",
            "ticker": "KXHIGHMIA-24NOV20-T80",
            "count": 1684,
            "created_time": "2024-11-20T22:30:15.109521Z",
            "yes_price": 1,
            "no_price": 99,
            "taker_side": "yes"
        },
        {
            "trade_id": "0ea83653-ec78-40bf-ba9e-f04623f6cb74",
            "ticker": "KXHIGHMIA-24NOV20-T80",
            "count": 15,
            "created_time": "2024-11-20T22:30:15.109521Z",
            "yes_price": 1,
            "no_price": 99,
            "taker_side": "yes"
        },
        {
            "trade_id": "820247f5-0f49-4b11-9d11-8625094290c2",
            "ticker": "KXHIGHMIA-24NOV20-T80",
            "count": 1,
            "created_time": "2024-11-20T21:18:32.904395Z",
            "yes_price": 1,
            "no_price": 99,
            "taker_side": "yes"
        },
        {
            "trade_id": "7c2dcd59-7480-47a9-83a0-32718c2cf377",
            "ticker": "KXHIGHMIA-24NOV20-T80",
            "count": 315,
            "created_time": "2024-11-20T18:48:08.378407Z",
            "yes_price": 1,
            "no_price": 99,
            "taker_side": "yes"
        },
        {
            "trade_id": "7641c1aa-fde8-4a67-94e7-6e93658cd9f8",
            "ticker": "KXHIGHMIA-24NOV20-T80",
            "count": 49,
            "created_time": "2024-11-20T18:48:08.378407Z",
            "yes_price": 1,
            "no_price": 99,
            "taker_side": "yes"
        },
        {
            "trade_id": "0bc389cc-2344-4037-8f04-030bfe3d5e72",
            "ticker": "KXHIGHMIA-24NOV20-T80",
            "count": 100,
            "created_time": "2024-11-20T18:48:08.378407Z",
            "yes_price": 1,
            "no_price": 99,
            "taker_side": "yes"
        },
        {
            "trade_id": "00936980-80f9-4ecf-8a80-90ad7a3bbb26",
            "ticker": "KXHIGHMIA-24NOV20-T80",
            "count": 1,
            "created_time": "2024-11-20T18:48:08.378407Z",
            "yes_price": 1,
            "no_price": 99,
            "taker_side": "yes"
        },
        {
            "trade_id": "9a99db7d-614f-429c-910d-aa0fbcacd634",
            "ticker": "KXHIGHMIA-24NOV20-T80",
            "count": 1,
            "created_time": "2024-11-20T13:00:28.755577Z",
            "yes_price": 1,
            "no_price": 99,
            "taker_side": "yes"
        },
        {
            "trade_id": "8cc3dc0c-f977-41a2-a734-f53b5ee107b9",
            "ticker": "KXHIGHMIA-24NOV20-T80",
            "count": 3,
            "created_time": "2024-11-19T22:09:26.340203Z",
            "yes_price": 5,
            "no_price": 95,
            "taker_side": "yes"
        },
        {
            "trade_id": "47394e31-4bd3-470d-840b-d468ec2b359f",
            "ticker": "KXHIGHMIA-24NOV20-T80",
            "count": 100,
            "created_time": "2024-11-19T22:09:26.340203Z",
            "yes_price": 4,
            "no_price": 96,
            "taker_side": "yes"
        },
        {
            "trade_id": "f145d885-cfc7-4fca-a9be-e213e0305dca",
            "ticker": "KXHIGHMIA-24NOV20-T80",
            "count": 21,
            "created_time": "2024-11-19T21:12:16.134731Z",
            "yes_price": 4,
            "no_price": 96,
            "taker_side": "yes"
        },
        {
            "trade_id": "894e89f4-1212-4c10-ad71-20cec06362d7",
            "ticker": "KXHIGHMIA-24NOV20-T80",
            "count": 7,
            "created_time": "2024-11-19T21:12:16.134731Z",
            "yes_price": 1,
            "no_price": 99,
            "taker_side": "yes"
        },
        {
            "trade_id": "44f9b33e-ad5f-46e7-b7db-3089af43345b",
            "ticker": "KXHIGHMIA-24NOV20-T80",
            "count": 100,
            "created_time": "2024-11-19T15:17:49.417169Z",
            "yes_price": 1,
            "no_price": 99,
            "taker_side": "yes"
        },
        {
            "trade_id": "0ccfc45b-5f25-4039-a838-692ccdd70c3b",
            "ticker": "KXHIGHMIA-24NOV20-T80",
            "count": 13,
            "created_time": "2024-11-19T15:06:45.683041Z",
            "yes_price": 1,
            "no_price": 99,
            "taker_side": "no"
        },
        {
            "trade_id": "21ed934b-87af-48c1-99b1-2e1f14b8a44b",
            "ticker": "KXHIGHMIA-24NOV20-T80",
            "count": 100,
            "created_time": "2024-11-19T15:06:17.853099Z",
            "yes_price": 1,
            "no_price": 99,
            "taker_side": "yes"
        }
    ],
    "KXHIGHMIA-24NOV20-B80.5": [
        {
            "trade_id": "a2e8009a-d566-4d71-ab84-63228c757269",
            "ticker": "KXHIGHMIA-24NOV20-B80.5",
            "count": 9351,
            "created_time": "2024-11-21T04:58:54.480175Z",
            "yes_price": 1,
            "no_price": 99,
            "taker_side": "yes"
        },
        {
            "trade_id": "3ddf795f-2aca-422a-931e-25dcf0f7940d",
            "ticker": "KXHIGHMIA-24NOV20-B80.5",
            "count": 1,
            "created_time": "2024-11-21T04:12:19.705547Z",
            "yes_price": 1,
            "no_price": 99,
            "taker_side": "yes"
        },
        {
            "trade_id": "cd864d01-6b8a-4e83-8893-242722d4d186",
            "ticker": "KXHIGHMIA-24NOV20-B80.5",
            "count": 748,
            "created_time": "2024-11-21T02:32:21.212118Z",
            "yes_price": 1,
            "no_price": 99,
            "taker_side": "yes"
        },
        {
            "trade_id": "6a33427f-6742-4b7d-bd6b-291e13019dad",
            "ticker": "KXHIGHMIA-24NOV20-B80.5",
            "count": 467,
            "created_time": "2024-11-21T01:39:20.740295Z",
            "yes_price": 1,
            "no_price": 99,
            "taker_side": "yes"
        },
        {
            "trade_id": "dd12bc4c-bbfe-4707-a38d-125834f90f37",
            "ticker": "KXHIGHMIA-24NOV20-B80.5",
            "count": 187,
            "created_time": "2024-11-21T00:49:34.467953Z",
            "yes_price": 1,
            "no_price": 99,
            "taker_side": "yes"
        },
        {
            "trade_id": "40042381-843b-4274-afa0-cd73d6231f50",
            "ticker": "KXHIGHMIA-24NOV20-B80.5",
            "count": 467,
            "created_time": "2024-11-20T23:15:26.116883Z",
            "yes_price": 1,
            "no_price": 99,
            "taker_side": "yes"
        },
        {
            "trade_id": "974b1f80-9b03-4dff-ac23-781bb0c226e7",
            "ticker": "KXHIGHMIA-24NOV20-B80.5",
            "count": 935,
            "created_time": "2024-11-20T22:04:12.040528Z",
            "yes_price": 1,
            "no_price": 99,
            "taker_side": "yes"
        },
        {
            "trade_id": "d119e668-b612-4f31-9418-1c2d2c2efbd9",
            "ticker": "KXHIGHMIA-24NOV20-B80.5",
            "count": 93,
            "created_time": "2024-11-20T19:56:15.412534Z",
            "yes_price": 1,
            "no_price": 99,
            "taker_side": "yes"
        },
        {
            "trade_id": "25501a14-4422-4ac4-8eba-c3c9b8b119dc",
            "ticker": "KXHIGHMIA-24NOV20-B80.5",
            "count": 935,
            "created_time": "2024-11-20T17:14:17.004105Z",
            "yes_price": 1,
            "no_price": 99,
            "taker_side": "yes"
        },
        {
            "trade_id": "fd18bb17-87c2-4a66-9d50-16983b66111c",
            "ticker": "KXHIGHMIA-24NOV20-B80.5",
            "count": 467,
            "created_time": "2024-11-20T16:43:08.091274Z",
            "yes_price": 1,
            "no_price": 99,
            "taker_side": "yes"
        },
        {
            "trade_id": "d6b88260-fc6a-4b0b-b275-014048884654",
            "ticker": "KXHIGHMIA-24NOV20-B80.5",
            "count": 93,
            "created_time": "2024-11-20T15:17:12.443628Z",
            "yes_price": 1,
            "no_price": 99,
            "taker_side": "yes"
        },
        {
            "trade_id": "db8be7d3-a4e2-4e2c-ab99-3eee221313b2",
            "ticker": "KXHIGHMIA-24NOV20-B80.5",
            "count": 1,
            "created_time": "2024-11-20T14:58:43.907678Z",
            "yes_price": 1,
            "no_price": 99,
            "taker_side": "yes"
        },
        {
            "trade_id": "b88c9dac-c3fa-410f-8014-ae461142c25e",
            "ticker": "KXHIGHMIA-24NOV20-B80.5",
            "count": 194,
            "created_time": "2024-11-20T14:58:43.907678Z",
            "yes_price": 1,
            "no_price": 99,
            "taker_side": "yes"
        },
        {
            "trade_id": "4eba9c24-3ed9-48a0-8ddb-881b22681040",
            "ticker": "KXHIGHMIA-24NOV20-B80.5",
            "count": 1,
            "created_time": "2024-11-20T14:58:43.907678Z",
            "yes_price": 1,
            "no_price": 99,
            "taker_side": "yes"
        },
        {
            "trade_id": "197c123c-bde7-4ec0-9e27-e095188d8551",
            "ticker": "KXHIGHMIA-24NOV20-B80.5",
            "count": 4,
            "created_time": "2024-11-20T14:58:43.907678Z",
            "yes_price": 1,
            "no_price": 99,
            "taker_side": "yes"
        },
        {
            "trade_id": "d61b0a81-f63a-4d5d-a101-90e13c620c4f",
            "ticker": "KXHIGHMIA-24NOV20-B80.5",
            "count": 83,
            "created_time": "2024-11-20T14:36:30.505346Z",
            "yes_price": 1,
            "no_price": 99,
            "taker_side": "no"
        },
        {
            "trade_id": "89575b69-07a5-4d8c-91c1-aca35f63d9c7",
            "ticker": "KXHIGHMIA-24NOV20-B80.5",
            "count": 81,
            "created_time": "2024-11-20T14:35:40.279271Z",
            "yes_price": 1,
            "no_price": 99,
            "taker_side": "no"
        },
        {
            "trade_id": "8b54420c-cb88-44de-bb03-8c005e7bc57b",
            "ticker": "KXHIGHMIA-24NOV20-B80.5",
            "count": 100,
            "created_time": "2024-11-20T14:34:22.060205Z",
            "yes_price": 1,
            "no_price": 99,
            "taker_side": "no"
        },
        {
            "trade_id": "f0a35a4b-6d68-4ae1-a065-288d52035f1a",
            "ticker": "KXHIGHMIA-24NOV20-B80.5",
            "count": 54,
            "created_time": "2024-11-20T14:34:03.499266Z",
            "yes_price": 2,
            "no_price": 98,
            "taker_side": "yes"
        },
        {
            "trade_id": "0f4146e8-2927-46cd-aafb-ce4ad08cff26",
            "ticker": "KXHIGHMIA-24NOV20-B80.5",
            "count": 146,
            "created_time": "2024-11-20T14:34:03.499266Z",
            "yes_price": 2,
            "no_price": 98,
            "taker_side": "yes"
        },
        {
            "trade_id": "e990bbd9-e21f-459e-b1bc-bfb8b1d8928e",
            "ticker": "KXHIGHMIA-24NOV20-B80.5",
            "count": 6,
            "created_time": "2024-11-20T14:33:46.996678Z",
            "yes_price": 1,
            "no_price": 99,
            "taker_side": "no"
        },
        {
            "trade_id": "90142bec-6ddd-445b-a187-422833607390",
            "ticker": "KXHIGHMIA-24NOV20-B80.5",
            "count": 6,
            "created_time": "2024-11-20T14:32:33.260001Z",
            "yes_price": 1,
            "no_price": 99,
            "taker_side": "no"
        },
        {
            "trade_id": "126ceee4-c388-40ee-a04c-1c10b0456100",
            "ticker": "KXHIGHMIA-24NOV20-B80.5",
            "count": 9,
            "created_time": "2024-11-20T14:32:09.763623Z",
            "yes_price": 1,
            "no_price": 99,
            "taker_side": "no"
        },
        {
            "trade_id": "e132821a-c8eb-4b15-bcae-ec16d2befe49",
            "ticker": "KXHIGHMIA-24NOV20-B80.5",
            "count": 15,
            "created_time": "2024-11-20T14:30:09.042572Z",
            "yes_price": 1,
            "no_price": 99,
            "taker_side": "no"
        },
        {
            "trade_id": "7ebf5642-534e-46f8-ba50-55e36e8b3bd7",
            "ticker": "KXHIGHMIA-24NOV20-B80.5",
            "count": 46,
            "created_time": "2024-11-20T14:19:01.795436Z",
            "yes_price": 2,
            "no_price": 98,
            "taker_side": "yes"
        },
        {
            "trade_id": "9e3d25bb-5ce4-42f3-b37d-5337067cef28",
            "ticker": "KXHIGHMIA-24NOV20-B80.5",
            "count": 103,
            "created_time": "2024-11-20T14:08:07.091685Z",
            "yes_price": 1,
            "no_price": 99,
            "taker_side": "no"
        },
        {
            "trade_id": "9a825444-ec5b-4f39-b98a-59f1fa9ddb80",
            "ticker": "KXHIGHMIA-24NOV20-B80.5",
            "count": 63,
            "created_time": "2024-11-20T14:08:07.091685Z",
            "yes_price": 1,
            "no_price": 99,
            "taker_side": "no"
        },
        {
            "trade_id": "2eec53e1-a40d-4400-aca0-e4152d1e9304",
            "ticker": "KXHIGHMIA-24NOV20-B80.5",
            "count": 1000,
            "created_time": "2024-11-20T14:08:07.091685Z",
            "yes_price": 1,
            "no_price": 99,
            "taker_side": "no"
        },
        {
            "trade_id": "2b635a36-e859-42df-a1cc-c31caeea1525",
            "ticker": "KXHIGHMIA-24NOV20-B80.5",
            "count": 112,
            "created_time": "2024-11-20T14:08:07.091685Z",
            "yes_price": 1,
            "no_price": 99,
            "taker_side": "no"
        },
        {
            "trade_id": "745fa1dd-3438-42e2-a756-9020e5b87903",
            "ticker": "KXHIGHMIA-24NOV20-B80.5",
            "count": 12,
            "created_time": "2024-11-20T14:07:52.85598Z",
            "yes_price": 1,
            "no_price": 99,
            "taker_side": "no"
        },
        {
            "trade_id": "3b80f858-eb96-46ea-a87b-02d406fffc4c",
            "ticker": "KXHIGHMIA-24NOV20-B80.5",
            "count": 9,
            "created_time": "2024-11-20T14:07:18.853916Z",
            "yes_price": 1,
            "no_price": 99,
            "taker_side": "no"
        },
        {
            "trade_id": "544245dd-63bf-4890-9710-bcb8257bf2d2",
            "ticker": "KXHIGHMIA-24NOV20-B80.5",
            "count": 5,
            "created_time": "2024-11-20T14:06:59.175274Z",
            "yes_price": 1,
            "no_price": 99,
            "taker_side": "no"
        },
        {
            "trade_id": "acdcca3b-4b18-47ab-8674-deea7a63269b",
            "ticker": "KXHIGHMIA-24NOV20-B80.5",
            "count": 4,
            "created_time": "2024-11-20T14:06:03.306386Z",
            "yes_price": 1,
            "no_price": 99,
            "taker_side": "no"
        },
        {
            "trade_id": "1d5cc743-c922-4c33-ba63-2baa99e02d03",
            "ticker": "KXHIGHMIA-24NOV20-B80.5",
            "count": 4,
            "created_time": "2024-11-20T14:05:59.196714Z",
            "yes_price": 1,
            "no_price": 99,
            "taker_side": "no"
        },
        {
            "trade_id": "625777e3-cf6d-49dc-a594-fda21eb9847b",
            "ticker": "KXHIGHMIA-24NOV20-B80.5",
            "count": 49,
            "created_time": "2024-11-20T14:05:39.041614Z",
            "yes_price": 3,
            "no_price": 97,
            "taker_side": "yes"
        },
        {
            "trade_id": "48865f01-e371-45b8-b0f2-343083207424",
            "ticker": "KXHIGHMIA-24NOV20-B80.5",
            "count": 19,
            "created_time": "2024-11-20T14:05:39.041614Z",
            "yes_price": 2,
            "no_price": 98,
            "taker_side": "yes"
        },
        {
            "trade_id": "e4118e3b-6768-44c7-84e2-4af0fdb9bb90",
            "ticker": "KXHIGHMIA-24NOV20-B80.5",
            "count": 3,
            "created_time": "2024-11-20T14:04:50.836007Z",
            "yes_price": 1,
            "no_price": 99,
            "taker_side": "no"
        },
        {
            "trade_id": "da2381e1-3e25-481e-84d6-077159f82012",
            "ticker": "KXHIGHMIA-24NOV20-B80.5",
            "count": 8,
            "created_time": "2024-11-20T14:03:19.44991Z",
            "yes_price": 1,
            "no_price": 99,
            "taker_side": "no"
        },
        {
            "trade_id": "ec5640f2-f07f-4af9-8bc1-bc09fb091923",
            "ticker": "KXHIGHMIA-24NOV20-B80.5",
            "count": 1,
            "created_time": "2024-11-20T14:02:34.569142Z",
            "yes_price": 2,
            "no_price": 98,
            "taker_side": "yes"
        },
        {
            "trade_id": "fd33cb06-99ba-4400-8a12-0e3cf4aadfe5",
            "ticker": "KXHIGHMIA-24NOV20-B80.5",
            "count": 7,
            "created_time": "2024-11-20T14:00:16.196649Z",
            "yes_price": 1,
            "no_price": 99,
            "taker_side": "no"
        },
        {
            "trade_id": "6246b0b8-ddac-46de-8b38-3043b6cb7736",
            "ticker": "KXHIGHMIA-24NOV20-B80.5",
            "count": 1,
            "created_time": "2024-11-20T13:59:46.960697Z",
            "yes_price": 1,
            "no_price": 99,
            "taker_side": "no"
        },
        {
            "trade_id": "d241e055-6739-4322-85ad-8ff88eb07575",
            "ticker": "KXHIGHMIA-24NOV20-B80.5",
            "count": 176,
            "created_time": "2024-11-20T13:59:46.524941Z",
            "yes_price": 2,
            "no_price": 98,
            "taker_side": "no"
        },
        {
            "trade_id": "619f0b00-e453-457d-8e7c-bb014675e306",
            "ticker": "KXHIGHMIA-24NOV20-B80.5",
            "count": 1,
            "created_time": "2024-11-20T13:59:42.666706Z",
            "yes_price": 2,
            "no_price": 98,
            "taker_side": "no"
        },
        {
            "trade_id": "800e431b-23b9-4ba2-a49c-bd44a950486f",
            "ticker": "KXHIGHMIA-24NOV20-B80.5",
            "count": 19,
            "created_time": "2024-11-20T13:59:41.596596Z",
            "yes_price": 2,
            "no_price": 98,
            "taker_side": "no"
        },
        {
            "trade_id": "4703e5fa-0fde-409f-9e69-3d5202945c3f",
            "ticker": "KXHIGHMIA-24NOV20-B80.5",
            "count": 21,
            "created_time": "2024-11-20T13:59:18.81938Z",
            "yes_price": 2,
            "no_price": 98,
            "taker_side": "no"
        },
        {
            "trade_id": "2c0e841c-e75d-496c-b08b-e5ffba734c8b",
            "ticker": "KXHIGHMIA-24NOV20-B80.5",
            "count": 20,
            "created_time": "2024-11-20T13:58:49.678953Z",
            "yes_price": 2,
            "no_price": 98,
            "taker_side": "no"
        },
        {
            "trade_id": "e2a58041-876f-40b7-bccd-3d31de611b24",
            "ticker": "KXHIGHMIA-24NOV20-B80.5",
            "count": 14,
            "created_time": "2024-11-20T13:58:15.058672Z",
            "yes_price": 2,
            "no_price": 98,
            "taker_side": "no"
        },
        {
            "trade_id": "fe5d972c-d958-4fce-a3fd-0c1118539b92",
            "ticker": "KXHIGHMIA-24NOV20-B80.5",
            "count": 3,
            "created_time": "2024-11-20T13:57:51.670131Z",
            "yes_price": 2,
            "no_price": 98,
            "taker_side": "no"
        },
        {
            "trade_id": "9be9fa5c-87c0-4ba5-84c1-bc79c56c70f3",
            "ticker": "KXHIGHMIA-24NOV20-B80.5",
            "count": 10,
            "created_time": "2024-11-20T13:57:42.752357Z",
            "yes_price": 2,
            "no_price": 98,
            "taker_side": "no"
        },
        {
            "trade_id": "24b8eeb6-94dd-416b-824f-15fdea56a4c6",
            "ticker": "KXHIGHMIA-24NOV20-B80.5",
            "count": 6,
            "created_time": "2024-11-20T13:57:31.156127Z",
            "yes_price": 2,
            "no_price": 98,
            "taker_side": "no"
        },
        {
            "trade_id": "6bca5586-97df-4cb6-adf6-6fb2c1875196",
            "ticker": "KXHIGHMIA-24NOV20-B80.5",
            "count": 1,
            "created_time": "2024-11-20T13:57:27.505681Z",
            "yes_price": 3,
            "no_price": 97,
            "taker_side": "yes"
        },
        {
            "trade_id": "8f5d8458-fcbe-45be-87f8-55c05a927976",
            "ticker": "KXHIGHMIA-24NOV20-B80.5",
            "count": 15,
            "created_time": "2024-11-20T13:56:44.072744Z",
            "yes_price": 2,
            "no_price": 98,
            "taker_side": "no"
        },
        {
            "trade_id": "704a2da1-5464-4897-96a2-e167984c5e1f",
            "ticker": "KXHIGHMIA-24NOV20-B80.5",
            "count": 12,
            "created_time": "2024-11-20T13:47:34.512736Z",
            "yes_price": 2,
            "no_price": 98,
            "taker_side": "no"
        },
        {
            "trade_id": "f7ee7d4c-a974-4e85-a71e-469c75a41df7",
            "ticker": "KXHIGHMIA-24NOV20-B80.5",
            "count": 45,
            "created_time": "2024-11-20T13:46:50.211127Z",
            "yes_price": 8,
            "no_price": 92,
            "taker_side": "yes"
        },
        {
            "trade_id": "ca5d15ca-ce45-4a3d-a770-45b46c0946e5",
            "ticker": "KXHIGHMIA-24NOV20-B80.5",
            "count": 100,
            "created_time": "2024-11-20T13:46:50.211127Z",
            "yes_price": 4,
            "no_price": 96,
            "taker_side": "yes"
        },
        {
            "trade_id": "b42632fa-165e-45c1-b9cb-719a678b0e2a",
            "ticker": "KXHIGHMIA-24NOV20-B80.5",
            "count": 100,
            "created_time": "2024-11-20T13:46:50.211127Z",
            "yes_price": 6,
            "no_price": 94,
            "taker_side": "yes"
        },
        {
            "trade_id": "b20ee1fb-a16b-4240-a408-7365ea62b186",
            "ticker": "KXHIGHMIA-24NOV20-B80.5",
            "count": 87,
            "created_time": "2024-11-20T13:46:50.211127Z",
            "yes_price": 7,
            "no_price": 93,
            "taker_side": "yes"
        },
        {
            "trade_id": "adde5f6d-73cd-43e8-86a7-36bfc7e56a89",
            "ticker": "KXHIGHMIA-24NOV20-B80.5",
            "count": 100,
            "created_time": "2024-11-20T13:46:50.211127Z",
            "yes_price": 7,
            "no_price": 93,
            "taker_side": "yes"
        },
        {
            "trade_id": "8b552bf7-a1dd-4c14-b203-c5d2905aee11",
            "ticker": "KXHIGHMIA-24NOV20-B80.5",
            "count": 100,
            "created_time": "2024-11-20T13:46:50.211127Z",
            "yes_price": 3,
            "no_price": 97,
            "taker_side": "yes"
        },
        {
            "trade_id": "52f1fb33-9fa4-49b5-ba05-d98333ec63f7",
            "ticker": "KXHIGHMIA-24NOV20-B80.5",
            "count": 22,
            "created_time": "2024-11-20T13:46:50.211127Z",
            "yes_price": 6,
            "no_price": 94,
            "taker_side": "yes"
        },
        {
            "trade_id": "076f27d8-053e-48e6-ae1c-689998881864",
            "ticker": "KXHIGHMIA-24NOV20-B80.5",
            "count": 100,
            "created_time": "2024-11-20T13:46:50.211127Z",
            "yes_price": 5,
            "no_price": 95,
            "taker_side": "yes"
        },
        {
            "trade_id": "88677d98-b036-4517-921e-18fbf902301d",
            "ticker": "KXHIGHMIA-24NOV20-B80.5",
            "count": 3,
            "created_time": "2024-11-20T13:43:25.153307Z",
            "yes_price": 2,
            "no_price": 98,
            "taker_side": "no"
        },
        {
            "trade_id": "1dc1d4ad-e204-4cfb-b4ba-5dace6870e5f",
            "ticker": "KXHIGHMIA-24NOV20-B80.5",
            "count": 10,
            "created_time": "2024-11-20T13:39:46.780842Z",
            "yes_price": 5,
            "no_price": 95,
            "taker_side": "yes"
        },
        {
            "trade_id": "19283c31-9682-46b8-8bb7-0819d183012c",
            "ticker": "KXHIGHMIA-24NOV20-B80.5",
            "count": 22,
            "created_time": "2024-11-20T13:39:46.780842Z",
            "yes_price": 6,
            "no_price": 94,
            "taker_side": "yes"
        },
        {
            "trade_id": "8925833d-5c18-4b6e-9420-6358d4efa270",
            "ticker": "KXHIGHMIA-24NOV20-B80.5",
            "count": 1,
            "created_time": "2024-11-20T13:35:18.958359Z",
            "yes_price": 6,
            "no_price": 94,
            "taker_side": "yes"
        },
        {
            "trade_id": "7c1e84e6-4457-4192-968c-5a1d35ad01ab",
            "ticker": "KXHIGHMIA-24NOV20-B80.5",
            "count": 45,
            "created_time": "2024-11-20T13:29:51.142201Z",
            "yes_price": 6,
            "no_price": 94,
            "taker_side": "yes"
        },
        {
            "trade_id": "4df07adb-1e61-4486-9d87-cb0e4bab8bf3",
            "ticker": "KXHIGHMIA-24NOV20-B80.5",
            "count": 55,
            "created_time": "2024-11-20T13:29:51.142201Z",
            "yes_price": 6,
            "no_price": 94,
            "taker_side": "yes"
        },
        {
            "trade_id": "b1df5118-cfff-42ef-8023-7f79f96650b3",
            "ticker": "KXHIGHMIA-24NOV20-B80.5",
            "count": 40,
            "created_time": "2024-11-20T13:29:05.294736Z",
            "yes_price": 6,
            "no_price": 94,
            "taker_side": "yes"
        },
        {
            "trade_id": "fedcc1ae-208b-4af8-9061-dde8c66caaca",
            "ticker": "KXHIGHMIA-24NOV20-B80.5",
            "count": 15,
            "created_time": "2024-11-20T13:28:19.231274Z",
            "yes_price": 6,
            "no_price": 94,
            "taker_side": "yes"
        },
        {
            "trade_id": "f7b1a1dc-46a5-48f8-8ef8-02bbfef37885",
            "ticker": "KXHIGHMIA-24NOV20-B80.5",
            "count": 13,
            "created_time": "2024-11-20T13:24:35.59808Z",
            "yes_price": 7,
            "no_price": 93,
            "taker_side": "yes"
        },
        {
            "trade_id": "60185323-5565-4800-847f-6c11c4326d68",
            "ticker": "KXHIGHMIA-24NOV20-B80.5",
            "count": 5,
            "created_time": "2024-11-20T13:23:00.490087Z",
            "yes_price": 8,
            "no_price": 92,
            "taker_side": "yes"
        },
        {
            "trade_id": "9c3f869e-bec4-4926-997c-e4350543c4bd",
            "ticker": "KXHIGHMIA-24NOV20-B80.5",
            "count": 205,
            "created_time": "2024-11-20T13:20:55.676203Z",
            "yes_price": 8,
            "no_price": 92,
            "taker_side": "yes"
        },
        {
            "trade_id": "abdc4db4-8f9b-4fe6-9739-8f1c34904f7a",
            "ticker": "KXHIGHMIA-24NOV20-B80.5",
            "count": 4,
            "created_time": "2024-11-20T13:16:18.040289Z",
            "yes_price": 1,
            "no_price": 99,
            "taker_side": "no"
        },
        {
            "trade_id": "2095535c-796a-4c4f-a585-83f42573b1b6",
            "ticker": "KXHIGHMIA-24NOV20-B80.5",
            "count": 5,
            "created_time": "2024-11-20T13:13:29.460693Z",
            "yes_price": 4,
            "no_price": 96,
            "taker_side": "no"
        },
        {
            "trade_id": "e92b71ae-3587-4559-8c10-cbcb3b38d190",
            "ticker": "KXHIGHMIA-24NOV20-B80.5",
            "count": 200,
            "created_time": "2024-11-20T13:13:06.265219Z",
            "yes_price": 5,
            "no_price": 95,
            "taker_side": "no"
        },
        {
            "trade_id": "c1d9effa-9e01-43c4-b199-019fd51ab795",
            "ticker": "KXHIGHMIA-24NOV20-B80.5",
            "count": 191,
            "created_time": "2024-11-20T13:13:06.265219Z",
            "yes_price": 5,
            "no_price": 95,
            "taker_side": "no"
        },
        {
            "trade_id": "eba44aa9-5d1f-4720-824f-874655796d88",
            "ticker": "KXHIGHMIA-24NOV20-B80.5",
            "count": 31,
            "created_time": "2024-11-20T13:09:27.420394Z",
            "yes_price": 5,
            "no_price": 95,
            "taker_side": "no"
        },
        {
            "trade_id": "84313383-749b-4712-a0ee-9cacf0af9793",
            "ticker": "KXHIGHMIA-24NOV20-B80.5",
            "count": 74,
            "created_time": "2024-11-20T13:09:27.420394Z",
            "yes_price": 6,
            "no_price": 94,
            "taker_side": "no"
        },
        {
            "trade_id": "81beb752-032a-4a0a-b54b-4135dccb4f44",
            "ticker": "KXHIGHMIA-24NOV20-B80.5",
            "count": 8,
            "created_time": "2024-11-20T13:07:36.923531Z",
            "yes_price": 6,
            "no_price": 94,
            "taker_side": "no"
        },
        {
            "trade_id": "135073d0-bda5-4216-b369-ae334f772672",
            "ticker": "KXHIGHMIA-24NOV20-B80.5",
            "count": 1,
            "created_time": "2024-11-20T13:01:35.301733Z",
            "yes_price": 5,
            "no_price": 95,
            "taker_side": "no"
        },
        {
            "trade_id": "65bae48d-77e6-4e7e-8726-565d9f195a50",
            "ticker": "KXHIGHMIA-24NOV20-B80.5",
            "count": 1,
            "created_time": "2024-11-20T13:00:29.719813Z",
            "yes_price": 8,
            "no_price": 92,
            "taker_side": "yes"
        },
        {
            "trade_id": "a0aa1cc3-7727-4231-967b-c11b6ef34cd3",
            "ticker": "KXHIGHMIA-24NOV20-B80.5",
            "count": 50,
            "created_time": "2024-11-20T13:00:29.293054Z",
            "yes_price": 9,
            "no_price": 91,
            "taker_side": "no"
        },
        {
            "trade_id": "7a181216-ed75-4b3e-9b7d-90ef6e328b54",
            "ticker": "KXHIGHMIA-24NOV20-B80.5",
            "count": 1,
            "created_time": "2024-11-20T13:00:29.293054Z",
            "yes_price": 12,
            "no_price": 88,
            "taker_side": "no"
        },
        {
            "trade_id": "755d4fb4-8c54-4e0d-a0e4-81b1d56e8729",
            "ticker": "KXHIGHMIA-24NOV20-B80.5",
            "count": 57,
            "created_time": "2024-11-20T05:29:37.999269Z",
            "yes_price": 14,
            "no_price": 86,
            "taker_side": "no"
        },
        {
            "trade_id": "7071343e-31b1-4d53-bbfc-86c7706b97ea",
            "ticker": "KXHIGHMIA-24NOV20-B80.5",
            "count": 100,
            "created_time": "2024-11-20T05:28:45.792252Z",
            "yes_price": 15,
            "no_price": 85,
            "taker_side": "no"
        },
        {
            "trade_id": "36e5f239-a10e-4ddb-8f89-4214cfbd4264",
            "ticker": "KXHIGHMIA-24NOV20-B80.5",
            "count": 16,
            "created_time": "2024-11-20T05:28:45.792252Z",
            "yes_price": 14,
            "no_price": 86,
            "taker_side": "no"
        },
        {
            "trade_id": "9f2628f9-4a84-46cf-aa3a-152c18fca285",
            "ticker": "KXHIGHMIA-24NOV20-B80.5",
            "count": 94,
            "created_time": "2024-11-20T05:25:43.466711Z",
            "yes_price": 20,
            "no_price": 80,
            "taker_side": "yes"
        },
        {
            "trade_id": "6857c937-0335-44d5-bdcd-d008cbdcf44f",
            "ticker": "KXHIGHMIA-24NOV20-B80.5",
            "count": 27,
            "created_time": "2024-11-20T05:25:18.306987Z",
            "yes_price": 18,
            "no_price": 82,
            "taker_side": "yes"
        },
        {
            "trade_id": "2ad366bf-fbc5-4f98-94f0-756965b6c1fb",
            "ticker": "KXHIGHMIA-24NOV20-B80.5",
            "count": 26,
            "created_time": "2024-11-20T05:15:48.874176Z",
            "yes_price": 15,
            "no_price": 85,
            "taker_side": "no"
        },
        {
            "trade_id": "5086ee26-f5fa-41da-9028-d24a1337b023",
            "ticker": "KXHIGHMIA-24NOV20-B80.5",
            "count": 1,
            "created_time": "2024-11-20T05:07:04.396691Z",
            "yes_price": 15,
            "no_price": 85,
            "taker_side": "yes"
        },
        {
            "trade_id": "5b35cea2-1fc8-409d-b1b9-0767bd2523a9",
            "ticker": "KXHIGHMIA-24NOV20-B80.5",
            "count": 1,
            "created_time": "2024-11-20T05:02:39.498416Z",
            "yes_price": 14,
            "no_price": 86,
            "taker_side": "no"
        },
        {
            "trade_id": "cb297895-6666-4c1e-af71-0d171d00ad9c",
            "ticker": "KXHIGHMIA-24NOV20-B80.5",
            "count": 58,
            "created_time": "2024-11-20T05:00:55.179522Z",
            "yes_price": 15,
            "no_price": 85,
            "taker_side": "no"
        },
        {
            "trade_id": "74900fc9-c35a-43b3-8103-de2cc0261626",
            "ticker": "KXHIGHMIA-24NOV20-B80.5",
            "count": 17,
            "created_time": "2024-11-20T05:00:42.139326Z",
            "yes_price": 15,
            "no_price": 85,
            "taker_side": "no"
        },
        {
            "trade_id": "dcfdbb7b-42dc-43f3-9905-605a912fe82d",
            "ticker": "KXHIGHMIA-24NOV20-B80.5",
            "count": 8,
            "created_time": "2024-11-20T05:00:27.969307Z",
            "yes_price": 15,
            "no_price": 85,
            "taker_side": "no"
        },
        {
            "trade_id": "ce59a29d-d384-4a22-b8cf-e9453bc0f3dc",
            "ticker": "KXHIGHMIA-24NOV20-B80.5",
            "count": 100,
            "created_time": "2024-11-20T04:59:21.748764Z",
            "yes_price": 16,
            "no_price": 84,
            "taker_side": "no"
        },
        {
            "trade_id": "39853df4-df22-4953-b1c9-5df1db4f9b68",
            "ticker": "KXHIGHMIA-24NOV20-B80.5",
            "count": 4,
            "created_time": "2024-11-20T04:59:21.748764Z",
            "yes_price": 17,
            "no_price": 83,
            "taker_side": "no"
        },
        {
            "trade_id": "1d0c6cf5-4570-47fa-be52-011c49cb212a",
            "ticker": "KXHIGHMIA-24NOV20-B80.5",
            "count": 13,
            "created_time": "2024-11-20T04:59:21.748764Z",
            "yes_price": 15,
            "no_price": 85,
            "taker_side": "no"
        },
        {
            "trade_id": "2dc78b7e-fba9-41ea-8bcf-4c1cb8aa9a60",
            "ticker": "KXHIGHMIA-24NOV20-B80.5",
            "count": 1,
            "created_time": "2024-11-20T04:57:31.882422Z",
            "yes_price": 19,
            "no_price": 81,
            "taker_side": "yes"
        },
        {
            "trade_id": "59d0e29e-fa81-44e2-93c8-d032094682c8",
            "ticker": "KXHIGHMIA-24NOV20-B80.5",
            "count": 300,
            "created_time": "2024-11-20T04:06:26.430469Z",
            "yes_price": 19,
            "no_price": 81,
            "taker_side": "yes"
        },
        {
            "trade_id": "ce73cc7e-fd54-440a-8955-d30a58ea0ac5",
            "ticker": "KXHIGHMIA-24NOV20-B80.5",
            "count": 200,
            "created_time": "2024-11-20T04:06:26.361034Z",
            "yes_price": 19,
            "no_price": 81,
            "taker_side": "yes"
        },
        {
            "trade_id": "bbe32aa6-2550-4aa2-a51e-4e8ebf2ab5ed",
            "ticker": "KXHIGHMIA-24NOV20-B80.5",
            "count": 5,
            "created_time": "2024-11-20T03:47:51.686092Z",
            "yes_price": 16,
            "no_price": 84,
            "taker_side": "no"
        },
        {
            "trade_id": "4e433621-ac93-4f8f-8d14-5de0314942c0",
            "ticker": "KXHIGHMIA-24NOV20-B80.5",
            "count": 84,
            "created_time": "2024-11-20T03:47:51.686092Z",
            "yes_price": 17,
            "no_price": 83,
            "taker_side": "no"
        },
        {
            "trade_id": "18f5e948-d42b-4376-8e30-30d0a06e321a",
            "ticker": "KXHIGHMIA-24NOV20-B80.5",
            "count": 100,
            "created_time": "2024-11-20T03:47:51.686092Z",
            "yes_price": 17,
            "no_price": 83,
            "taker_side": "no"
        },
        {
            "trade_id": "0903311c-b46b-4156-ad1a-f412f999f6f5",
            "ticker": "KXHIGHMIA-24NOV20-B80.5",
            "count": 16,
            "created_time": "2024-11-20T03:47:51.686092Z",
            "yes_price": 17,
            "no_price": 83,
            "taker_side": "no"
        },
        {
            "trade_id": "f0866e69-2f1c-443c-948f-68f9d6028b95",
            "ticker": "KXHIGHMIA-24NOV20-B80.5",
            "count": 5,
            "created_time": "2024-11-20T03:27:29.892592Z",
            "yes_price": 21,
            "no_price": 79,
            "taker_side": "yes"
        },
        {
            "trade_id": "6560fcd1-16d4-4f90-8081-3d40180bd546",
            "ticker": "KXHIGHMIA-24NOV20-B80.5",
            "count": 91,
            "created_time": "2024-11-20T03:27:29.892592Z",
            "yes_price": 21,
            "no_price": 79,
            "taker_side": "yes"
        },
        {
            "trade_id": "e50575ad-d44b-400b-8a5f-bfd95df8bc99",
            "ticker": "KXHIGHMIA-24NOV20-B80.5",
            "count": 4,
            "created_time": "2024-11-20T03:27:12.960263Z",
            "yes_price": 19,
            "no_price": 81,
            "taker_side": "yes"
        },
        {
            "trade_id": "cf2546d6-5b85-453b-904e-9e5c4e8dcf66",
            "ticker": "KXHIGHMIA-24NOV20-B80.5",
            "count": 16,
            "created_time": "2024-11-20T03:24:28.23011Z",
            "yes_price": 17,
            "no_price": 83,
            "taker_side": "no"
        },
        {
            "trade_id": "78695223-816b-4387-a75d-70cf0a9f4fa0",
            "ticker": "KXHIGHMIA-24NOV20-B80.5",
            "count": 20,
            "created_time": "2024-11-20T03:21:22.614576Z",
            "yes_price": 17,
            "no_price": 83,
            "taker_side": "no"
        },
        {
            "trade_id": "6029c246-2a0f-476d-bbd8-73663c954861",
            "ticker": "KXHIGHMIA-24NOV20-B80.5",
            "count": 100,
            "created_time": "2024-11-20T03:13:20.741396Z",
            "yes_price": 20,
            "no_price": 80,
            "taker_side": "yes"
        },
        {
            "trade_id": "dfab2084-4ac9-4423-ae21-3d65c7ecdd0f",
            "ticker": "KXHIGHMIA-24NOV20-B80.5",
            "count": 100,
            "created_time": "2024-11-20T03:12:03.541957Z",
            "yes_price": 20,
            "no_price": 80,
            "taker_side": "yes"
        },
        {
            "trade_id": "bca643fd-6473-4d4c-b223-6d97f78182a6",
            "ticker": "KXHIGHMIA-24NOV20-B80.5",
            "count": 100,
            "created_time": "2024-11-20T03:10:08.531807Z",
            "yes_price": 19,
            "no_price": 81,
            "taker_side": "yes"
        },
        {
            "trade_id": "38ccceef-c4de-4c7f-b352-f61c182466fb",
            "ticker": "KXHIGHMIA-24NOV20-B80.5",
            "count": 200,
            "created_time": "2024-11-20T02:48:55.45984Z",
            "yes_price": 15,
            "no_price": 85,
            "taker_side": "no"
        },
        {
            "trade_id": "530ab0c3-76b7-491b-8820-9bbe2bf55910",
            "ticker": "KXHIGHMIA-24NOV20-B80.5",
            "count": 13,
            "created_time": "2024-11-20T02:36:59.895304Z",
            "yes_price": 14,
            "no_price": 86,
            "taker_side": "yes"
        },
        {
            "trade_id": "56ee4616-189c-4b54-a304-13dddadbdcbb",
            "ticker": "KXHIGHMIA-24NOV20-B80.5",
            "count": 42,
            "created_time": "2024-11-20T02:18:18.314626Z",
            "yes_price": 11,
            "no_price": 89,
            "taker_side": "yes"
        },
        {
            "trade_id": "ad7c6834-614b-4e33-960c-df56351be083",
            "ticker": "KXHIGHMIA-24NOV20-B80.5",
            "count": 128,
            "created_time": "2024-11-20T01:48:25.920642Z",
            "yes_price": 13,
            "no_price": 87,
            "taker_side": "no"
        },
        {
            "trade_id": "4626e103-8498-4210-b441-8ea822c34003",
            "ticker": "KXHIGHMIA-24NOV20-B80.5",
            "count": 200,
            "created_time": "2024-11-20T01:48:25.869222Z",
            "yes_price": 13,
            "no_price": 87,
            "taker_side": "no"
        },
        {
            "trade_id": "badaec7c-9035-4c0c-9314-3485b263f7da",
            "ticker": "KXHIGHMIA-24NOV20-B80.5",
            "count": 200,
            "created_time": "2024-11-20T01:39:57.15608Z",
            "yes_price": 15,
            "no_price": 85,
            "taker_side": "yes"
        },
        {
            "trade_id": "0255fafc-bd92-446d-a652-c01557250fe8",
            "ticker": "KXHIGHMIA-24NOV20-B80.5",
            "count": 40,
            "created_time": "2024-11-20T01:21:08.251621Z",
            "yes_price": 14,
            "no_price": 86,
            "taker_side": "no"
        },
        {
            "trade_id": "6c5d1e21-36dc-4d9d-a91f-481c9a9eaabc",
            "ticker": "KXHIGHMIA-24NOV20-B80.5",
            "count": 37,
            "created_time": "2024-11-20T01:20:22.604089Z",
            "yes_price": 14,
            "no_price": 86,
            "taker_side": "no"
        },
        {
            "trade_id": "04f0e68e-234c-406c-b10f-a1d828b686c3",
            "ticker": "KXHIGHMIA-24NOV20-B80.5",
            "count": 22,
            "created_time": "2024-11-20T01:19:19.937496Z",
            "yes_price": 14,
            "no_price": 86,
            "taker_side": "no"
        },
        {
            "trade_id": "24ab6991-a08d-4ef7-a73d-d313dc4f2bbe",
            "ticker": "KXHIGHMIA-24NOV20-B80.5",
            "count": 125,
            "created_time": "2024-11-20T01:02:00.329344Z",
            "yes_price": 13,
            "no_price": 87,
            "taker_side": "no"
        },
        {
            "trade_id": "e7befb15-b750-4539-a2e2-4fbe94a6a6a6",
            "ticker": "KXHIGHMIA-24NOV20-B80.5",
            "count": 100,
            "created_time": "2024-11-20T00:43:42.824639Z",
            "yes_price": 15,
            "no_price": 85,
            "taker_side": "yes"
        },
        {
            "trade_id": "fa75d6b4-893b-408a-8f0e-33fd3a06d57d",
            "ticker": "KXHIGHMIA-24NOV20-B80.5",
            "count": 1,
            "created_time": "2024-11-20T00:14:07.753354Z",
            "yes_price": 13,
            "no_price": 87,
            "taker_side": "no"
        },
        {
            "trade_id": "a9512128-2e35-4d3d-9380-065b8f8edaac",
            "ticker": "KXHIGHMIA-24NOV20-B80.5",
            "count": 46,
            "created_time": "2024-11-20T00:11:10.491747Z",
            "yes_price": 13,
            "no_price": 87,
            "taker_side": "yes"
        },
        {
            "trade_id": "81ffc993-5046-49ff-b316-a4ed8e78a977",
            "ticker": "KXHIGHMIA-24NOV20-B80.5",
            "count": 1,
            "created_time": "2024-11-20T00:08:00.626974Z",
            "yes_price": 9,
            "no_price": 91,
            "taker_side": "no"
        },
        {
            "trade_id": "94458f6b-bb1a-46ed-878c-a0b973d62239",
            "ticker": "KXHIGHMIA-24NOV20-B80.5",
            "count": 300,
            "created_time": "2024-11-20T00:04:07.335924Z",
            "yes_price": 12,
            "no_price": 88,
            "taker_side": "no"
        },
        {
            "trade_id": "70e4f25f-9db8-43cb-a335-1ca310632f8a",
            "ticker": "KXHIGHMIA-24NOV20-B80.5",
            "count": 300,
            "created_time": "2024-11-20T00:04:07.335924Z",
            "yes_price": 13,
            "no_price": 87,
            "taker_side": "no"
        },
        {
            "trade_id": "3cc4872d-3fd2-40d8-9871-8194452c59b7",
            "ticker": "KXHIGHMIA-24NOV20-B80.5",
            "count": 100,
            "created_time": "2024-11-20T00:04:07.335924Z",
            "yes_price": 14,
            "no_price": 86,
            "taker_side": "no"
        },
        {
            "trade_id": "e798010e-f277-444f-9027-fa68bf19a019",
            "ticker": "KXHIGHMIA-24NOV20-B80.5",
            "count": 200,
            "created_time": "2024-11-19T23:55:18.376208Z",
            "yes_price": 19,
            "no_price": 81,
            "taker_side": "no"
        },
        {
            "trade_id": "cb9c6f7a-4703-4730-8bd8-fe82375ca1ab",
            "ticker": "KXHIGHMIA-24NOV20-B80.5",
            "count": 200,
            "created_time": "2024-11-19T23:55:18.376208Z",
            "yes_price": 18,
            "no_price": 82,
            "taker_side": "no"
        },
        {
            "trade_id": "5f08995e-1c6f-43b7-899a-914f324875f0",
            "ticker": "KXHIGHMIA-24NOV20-B80.5",
            "count": 300,
            "created_time": "2024-11-19T23:55:18.376208Z",
            "yes_price": 17,
            "no_price": 83,
            "taker_side": "no"
        },
        {
            "trade_id": "64ccbed5-4102-486e-ad34-eb37a32cfc26",
            "ticker": "KXHIGHMIA-24NOV20-B80.5",
            "count": 1,
            "created_time": "2024-11-19T23:50:02.102176Z",
            "yes_price": 16,
            "no_price": 84,
            "taker_side": "no"
        },
        {
            "trade_id": "fe03c0ba-dfe6-4047-b0e8-9085c4035cbc",
            "ticker": "KXHIGHMIA-24NOV20-B80.5",
            "count": 200,
            "created_time": "2024-11-19T23:33:34.105386Z",
            "yes_price": 11,
            "no_price": 89,
            "taker_side": "yes"
        },
        {
            "trade_id": "db2f27db-1840-4f2f-b728-fccc6f30a6a8",
            "ticker": "KXHIGHMIA-24NOV20-B80.5",
            "count": 156,
            "created_time": "2024-11-19T23:33:34.105386Z",
            "yes_price": 9,
            "no_price": 91,
            "taker_side": "yes"
        },
        {
            "trade_id": "c7414428-ff03-484f-80fa-4cdc9fbefdf5",
            "ticker": "KXHIGHMIA-24NOV20-B80.5",
            "count": 300,
            "created_time": "2024-11-19T23:33:34.105386Z",
            "yes_price": 11,
            "no_price": 89,
            "taker_side": "yes"
        },
        {
            "trade_id": "90fd15d3-6a65-41aa-9cbb-eb2730b2d1e6",
            "ticker": "KXHIGHMIA-24NOV20-B80.5",
            "count": 100,
            "created_time": "2024-11-19T23:33:34.105386Z",
            "yes_price": 8,
            "no_price": 92,
            "taker_side": "yes"
        },
        {
            "trade_id": "7ab017f5-57a5-4928-8acb-3b2db5f79f4f",
            "ticker": "KXHIGHMIA-24NOV20-B80.5",
            "count": 1,
            "created_time": "2024-11-19T23:33:34.105386Z",
            "yes_price": 7,
            "no_price": 93,
            "taker_side": "yes"
        },
        {
            "trade_id": "6e736462-bdb9-4a3b-8486-cc4a67630ff5",
            "ticker": "KXHIGHMIA-24NOV20-B80.5",
            "count": 100,
            "created_time": "2024-11-19T23:33:34.105386Z",
            "yes_price": 11,
            "no_price": 89,
            "taker_side": "yes"
        },
        {
            "trade_id": "03b5da72-840e-405c-a6ba-63e2ccf7418b",
            "ticker": "KXHIGHMIA-24NOV20-B80.5",
            "count": 100,
            "created_time": "2024-11-19T23:33:34.105386Z",
            "yes_price": 10,
            "no_price": 90,
            "taker_side": "yes"
        },
        {
            "trade_id": "7a05d46f-80d1-485c-bce2-1606590830d7",
            "ticker": "KXHIGHMIA-24NOV20-B80.5",
            "count": 1,
            "created_time": "2024-11-19T23:29:38.912855Z",
            "yes_price": 6,
            "no_price": 94,
            "taker_side": "no"
        },
        {
            "trade_id": "c6ec0ca4-0347-4ca0-bfe9-100750f2e3f3",
            "ticker": "KXHIGHMIA-24NOV20-B80.5",
            "count": 20,
            "created_time": "2024-11-19T23:00:36.239501Z",
            "yes_price": 8,
            "no_price": 92,
            "taker_side": "no"
        },
        {
            "trade_id": "3967132f-0e21-4c98-8e54-8af0fedde941",
            "ticker": "KXHIGHMIA-24NOV20-B80.5",
            "count": 20,
            "created_time": "2024-11-19T23:00:36.206574Z",
            "yes_price": 8,
            "no_price": 92,
            "taker_side": "no"
        },
        {
            "trade_id": "4e8ef573-81d3-472c-810c-ae7fb3f727f8",
            "ticker": "KXHIGHMIA-24NOV20-B80.5",
            "count": 20,
            "created_time": "2024-11-19T23:00:36.139473Z",
            "yes_price": 8,
            "no_price": 92,
            "taker_side": "no"
        },
        {
            "trade_id": "c8165168-54cc-495f-a828-01884bac2eee",
            "ticker": "KXHIGHMIA-24NOV20-B80.5",
            "count": 82,
            "created_time": "2024-11-19T22:50:00.034102Z",
            "yes_price": 7,
            "no_price": 93,
            "taker_side": "yes"
        },
        {
            "trade_id": "4178bf46-7281-466f-ab02-2c1784aaa73b",
            "ticker": "KXHIGHMIA-24NOV20-B80.5",
            "count": 43,
            "created_time": "2024-11-19T22:50:00.034102Z",
            "yes_price": 7,
            "no_price": 93,
            "taker_side": "yes"
        },
        {
            "trade_id": "d4fb5533-5b5d-4bd6-bdb1-1e8057249428",
            "ticker": "KXHIGHMIA-24NOV20-B80.5",
            "count": 11,
            "created_time": "2024-11-19T21:56:34.696097Z",
            "yes_price": 8,
            "no_price": 92,
            "taker_side": "yes"
        },
        {
            "trade_id": "8c12450c-3a40-49a8-a81b-1791c9e569e1",
            "ticker": "KXHIGHMIA-24NOV20-B80.5",
            "count": 10,
            "created_time": "2024-11-19T21:33:29.140697Z",
            "yes_price": 4,
            "no_price": 96,
            "taker_side": "no"
        },
        {
            "trade_id": "0b52c93f-510b-4353-822a-704889413a26",
            "ticker": "KXHIGHMIA-24NOV20-B80.5",
            "count": 10,
            "created_time": "2024-11-19T21:33:29.13696Z",
            "yes_price": 4,
            "no_price": 96,
            "taker_side": "no"
        },
        {
            "trade_id": "d490bd2c-69dd-4252-91e3-0722a94b9d54",
            "ticker": "KXHIGHMIA-24NOV20-B80.5",
            "count": 1,
            "created_time": "2024-11-19T20:13:31.723282Z",
            "yes_price": 8,
            "no_price": 92,
            "taker_side": "yes"
        },
        {
            "trade_id": "49a105f5-907c-4e5b-9168-cb5fc3e6b4d8",
            "ticker": "KXHIGHMIA-24NOV20-B80.5",
            "count": 10,
            "created_time": "2024-11-19T20:13:31.723282Z",
            "yes_price": 8,
            "no_price": 92,
            "taker_side": "yes"
        },
        {
            "trade_id": "a7c44c1c-90fa-44ec-bcee-146e88091365",
            "ticker": "KXHIGHMIA-24NOV20-B80.5",
            "count": 100,
            "created_time": "2024-11-19T20:10:53.369238Z",
            "yes_price": 4,
            "no_price": 96,
            "taker_side": "no"
        },
        {
            "trade_id": "860829d9-f802-41db-bb1b-55520c10096c",
            "ticker": "KXHIGHMIA-24NOV20-B80.5",
            "count": 70,
            "created_time": "2024-11-19T20:07:51.898384Z",
            "yes_price": 5,
            "no_price": 95,
            "taker_side": "no"
        },
        {
            "trade_id": "c350a63a-8ff7-40c9-8819-faea66f6ea00",
            "ticker": "KXHIGHMIA-24NOV20-B80.5",
            "count": 60,
            "created_time": "2024-11-19T19:58:55.544446Z",
            "yes_price": 9,
            "no_price": 91,
            "taker_side": "yes"
        },
        {
            "trade_id": "86666bc8-74ef-4749-a460-47de19f9145c",
            "ticker": "KXHIGHMIA-24NOV20-B80.5",
            "count": 10,
            "created_time": "2024-11-19T19:57:34.179565Z",
            "yes_price": 6,
            "no_price": 94,
            "taker_side": "no"
        },
        {
            "trade_id": "ccb72965-1408-4b96-b65c-35c57440d3d2",
            "ticker": "KXHIGHMIA-24NOV20-B80.5",
            "count": 100,
            "created_time": "2024-11-19T19:40:25.706179Z",
            "yes_price": 9,
            "no_price": 91,
            "taker_side": "yes"
        },
        {
            "trade_id": "9cd10d50-c449-44f8-b7b2-111b9185b6e3",
            "ticker": "KXHIGHMIA-24NOV20-B80.5",
            "count": 44,
            "created_time": "2024-11-19T19:39:46.768045Z",
            "yes_price": 9,
            "no_price": 91,
            "taker_side": "yes"
        },
        {
            "trade_id": "72439573-2184-4b6f-9012-e22575932227",
            "ticker": "KXHIGHMIA-24NOV20-B80.5",
            "count": 50,
            "created_time": "2024-11-19T19:39:46.768045Z",
            "yes_price": 8,
            "no_price": 92,
            "taker_side": "yes"
        },
        {
            "trade_id": "498ceade-f0df-4f0c-aea2-14e6c95de9f5",
            "ticker": "KXHIGHMIA-24NOV20-B80.5",
            "count": 56,
            "created_time": "2024-11-19T19:39:46.768045Z",
            "yes_price": 9,
            "no_price": 91,
            "taker_side": "yes"
        },
        {
            "trade_id": "fef9c825-e7b6-4d34-b8e6-e3e8ba4eed77",
            "ticker": "KXHIGHMIA-24NOV20-B80.5",
            "count": 300,
            "created_time": "2024-11-19T19:38:41.845865Z",
            "yes_price": 10,
            "no_price": 90,
            "taker_side": "yes"
        },
        {
            "trade_id": "c5516190-2e91-4ab8-a9f3-44460f829b74",
            "ticker": "KXHIGHMIA-24NOV20-B80.5",
            "count": 150,
            "created_time": "2024-11-19T19:38:41.845865Z",
            "yes_price": 10,
            "no_price": 90,
            "taker_side": "yes"
        },
        {
            "trade_id": "78bb48d6-255b-4e13-a04c-6f8d2e5e4dba",
            "ticker": "KXHIGHMIA-24NOV20-B80.5",
            "count": 100,
            "created_time": "2024-11-19T19:38:41.845865Z",
            "yes_price": 9,
            "no_price": 91,
            "taker_side": "yes"
        },
        {
            "trade_id": "6eb8237d-4a07-447f-bf26-d9c13a6c8b1a",
            "ticker": "KXHIGHMIA-24NOV20-B80.5",
            "count": 44,
            "created_time": "2024-11-19T19:38:41.845865Z",
            "yes_price": 9,
            "no_price": 91,
            "taker_side": "yes"
        },
        {
            "trade_id": "644d2f76-d69b-4833-91cf-5719e954cac4",
            "ticker": "KXHIGHMIA-24NOV20-B80.5",
            "count": 11,
            "created_time": "2024-11-19T19:38:41.845865Z",
            "yes_price": 8,
            "no_price": 92,
            "taker_side": "yes"
        },
        {
            "trade_id": "5bd9f56e-d2ba-49dd-b4bf-5dcbfb4d9715",
            "ticker": "KXHIGHMIA-24NOV20-B80.5",
            "count": 200,
            "created_time": "2024-11-19T19:38:41.845865Z",
            "yes_price": 8,
            "no_price": 92,
            "taker_side": "yes"
        },
        {
            "trade_id": "237000d8-8c2e-4810-af90-792fc1242ad8",
            "ticker": "KXHIGHMIA-24NOV20-B80.5",
            "count": 100,
            "created_time": "2024-11-19T19:38:41.845865Z",
            "yes_price": 9,
            "no_price": 91,
            "taker_side": "yes"
        },
        {
            "trade_id": "09abdcc4-ca3c-4de0-b850-8a8c0ba946b5",
            "ticker": "KXHIGHMIA-24NOV20-B80.5",
            "count": 89,
            "created_time": "2024-11-19T19:38:41.845865Z",
            "yes_price": 8,
            "no_price": 92,
            "taker_side": "yes"
        },
        {
            "trade_id": "03242ba1-12ef-4ff1-8ade-217a2cf31771",
            "ticker": "KXHIGHMIA-24NOV20-B80.5",
            "count": 156,
            "created_time": "2024-11-19T19:38:41.845865Z",
            "yes_price": 9,
            "no_price": 91,
            "taker_side": "yes"
        },
        {
            "trade_id": "9174e738-158d-4901-826c-0954da0a5d07",
            "ticker": "KXHIGHMIA-24NOV20-B80.5",
            "count": 100,
            "created_time": "2024-11-19T19:26:15.574817Z",
            "yes_price": 6,
            "no_price": 94,
            "taker_side": "no"
        },
        {
            "trade_id": "ba263415-31c3-4eb8-b284-a3da5aa0e065",
            "ticker": "KXHIGHMIA-24NOV20-B80.5",
            "count": 11,
            "created_time": "2024-11-19T18:03:42.264763Z",
            "yes_price": 8,
            "no_price": 92,
            "taker_side": "yes"
        },
        {
            "trade_id": "188cbacb-bd5c-42e4-91e7-c2e742d4c1e0",
            "ticker": "KXHIGHMIA-24NOV20-B80.5",
            "count": 156,
            "created_time": "2024-11-19T17:43:25.022974Z",
            "yes_price": 9,
            "no_price": 91,
            "taker_side": "yes"
        },
        {
            "trade_id": "ac7bcdc8-3c6e-4056-8f1c-d048b5dc389a",
            "ticker": "KXHIGHMIA-24NOV20-B80.5",
            "count": 10,
            "created_time": "2024-11-19T17:10:15.046955Z",
            "yes_price": 9,
            "no_price": 91,
            "taker_side": "yes"
        },
        {
            "trade_id": "11b29117-2857-4b23-86d0-098dfc8f09a2",
            "ticker": "KXHIGHMIA-24NOV20-B80.5",
            "count": 25,
            "created_time": "2024-11-19T17:09:25.299109Z",
            "yes_price": 11,
            "no_price": 89,
            "taker_side": "yes"
        },
        {
            "trade_id": "1b398266-9d28-4bb9-a418-2d9521a9b079",
            "ticker": "KXHIGHMIA-24NOV20-B80.5",
            "count": 15,
            "created_time": "2024-11-19T15:19:17.934235Z",
            "yes_price": 8,
            "no_price": 92,
            "taker_side": "yes"
        },
        {
            "trade_id": "58c736e2-edba-43eb-ba0e-90200f376d24",
            "ticker": "KXHIGHMIA-24NOV20-B80.5",
            "count": 159,
            "created_time": "2024-11-19T15:17:00.098835Z",
            "yes_price": 8,
            "no_price": 92,
            "taker_side": "yes"
        },
        {
            "trade_id": "bd3bdbde-f5cc-4fdf-8be6-26f0ce721564",
            "ticker": "KXHIGHMIA-24NOV20-B80.5",
            "count": 41,
            "created_time": "2024-11-19T15:16:31.449156Z",
            "yes_price": 8,
            "no_price": 92,
            "taker_side": "yes"
        },
        {
            "trade_id": "d00351ee-4b1a-4a59-8564-331185b35497",
            "ticker": "KXHIGHMIA-24NOV20-B80.5",
            "count": 19,
            "created_time": "2024-11-19T15:08:32.992744Z",
            "yes_price": 36,
            "no_price": 64,
            "taker_side": "yes"
        },
        {
            "trade_id": "0bfde1bd-47aa-459b-9cd8-4e5d33e107b3",
            "ticker": "KXHIGHMIA-24NOV20-B80.5",
            "count": 7,
            "created_time": "2024-11-19T15:03:08.075064Z",
            "yes_price": 28,
            "no_price": 72,
            "taker_side": "yes"
        }
    ],
    "KXHIGHMIA-24NOV20-B82.5": [
        {
            "trade_id": "d9860958-4d3d-41de-829f-bde906cb09fc",
            "ticker": "KXHIGHMIA-24NOV20-B82.5",
            "count": 75,
            "created_time": "2024-11-21T04:45:36.314501Z",
            "yes_price": 1,
            "no_price": 99,
            "taker_side": "yes"
        },
        {
            "trade_id": "18d56937-e178-48f8-9db4-4ef6b826b7fa",
            "ticker": "KXHIGHMIA-24NOV20-B82.5",
            "count": 935,
            "created_time": "2024-11-21T04:07:53.957887Z",
            "yes_price": 1,
            "no_price": 99,
            "taker_side": "yes"
        },
        {
            "trade_id": "fb5a70c4-9bca-4d03-b8b6-2b758e6bd1b7",
            "ticker": "KXHIGHMIA-24NOV20-B82.5",
            "count": 1908,
            "created_time": "2024-11-21T03:38:47.239591Z",
            "yes_price": 1,
            "no_price": 99,
            "taker_side": "yes"
        },
        {
            "trade_id": "b35dade1-6d16-475f-9962-0aa9bacc3559",
            "ticker": "KXHIGHMIA-24NOV20-B82.5",
            "count": 476,
            "created_time": "2024-11-21T03:35:25.512636Z",
            "yes_price": 1,
            "no_price": 99,
            "taker_side": "yes"
        },
        {
            "trade_id": "ab13c873-8bc8-47be-a1a2-9e88ce7a78f3",
            "ticker": "KXHIGHMIA-24NOV20-B82.5",
            "count": 458,
            "created_time": "2024-11-21T03:35:25.512636Z",
            "yes_price": 1,
            "no_price": 99,
            "taker_side": "yes"
        },
        {
            "trade_id": "e729fb26-e0d9-4350-98ae-4b70ad5894ed",
            "ticker": "KXHIGHMIA-24NOV20-B82.5",
            "count": 93,
            "created_time": "2024-11-21T02:11:01.377009Z",
            "yes_price": 1,
            "no_price": 99,
            "taker_side": "yes"
        },
        {
            "trade_id": "8ae74696-54ba-43bb-8169-ff9d41a885ec",
            "ticker": "KXHIGHMIA-24NOV20-B82.5",
            "count": 75,
            "created_time": "2024-11-20T22:03:58.645073Z",
            "yes_price": 1,
            "no_price": 99,
            "taker_side": "yes"
        },
        {
            "trade_id": "06d55921-6af5-4b99-aa72-71ab762de10a",
            "ticker": "KXHIGHMIA-24NOV20-B82.5",
            "count": 765,
            "created_time": "2024-11-20T22:03:58.645073Z",
            "yes_price": 1,
            "no_price": 99,
            "taker_side": "yes"
        },
        {
            "trade_id": "f3801cfe-4762-410f-addf-e9963537a89c",
            "ticker": "KXHIGHMIA-24NOV20-B82.5",
            "count": 4235,
            "created_time": "2024-11-20T21:39:41.270436Z",
            "yes_price": 1,
            "no_price": 99,
            "taker_side": "yes"
        },
        {
            "trade_id": "971b12ba-6ce5-42cc-a64e-10b681cf8681",
            "ticker": "KXHIGHMIA-24NOV20-B82.5",
            "count": 15,
            "created_time": "2024-11-20T21:39:41.270436Z",
            "yes_price": 1,
            "no_price": 99,
            "taker_side": "yes"
        },
        {
            "trade_id": "0532f06b-76f4-4caf-acb6-14cc5255cadf",
            "ticker": "KXHIGHMIA-24NOV20-B82.5",
            "count": 1539,
            "created_time": "2024-11-20T21:39:41.270436Z",
            "yes_price": 1,
            "no_price": 99,
            "taker_side": "yes"
        },
        {
            "trade_id": "a6f8c54a-b98b-4bfe-addf-567ec8b151e0",
            "ticker": "KXHIGHMIA-24NOV20-B82.5",
            "count": 2400,
            "created_time": "2024-11-20T21:24:01.425415Z",
            "yes_price": 1,
            "no_price": 99,
            "taker_side": "yes"
        },
        {
            "trade_id": "9368a4d8-377b-43a0-922c-a7c08e423bfd",
            "ticker": "KXHIGHMIA-24NOV20-B82.5",
            "count": 103,
            "created_time": "2024-11-20T21:04:24.120573Z",
            "yes_price": 1,
            "no_price": 99,
            "taker_side": "yes"
        },
        {
            "trade_id": "2c8a6cde-fc44-47b8-b31e-cceef490de86",
            "ticker": "KXHIGHMIA-24NOV20-B82.5",
            "count": 93,
            "created_time": "2024-11-20T20:22:35.859581Z",
            "yes_price": 1,
            "no_price": 99,
            "taker_side": "yes"
        },
        {
            "trade_id": "c319a614-a9fd-490d-8a6d-e960b2a3cfbe",
            "ticker": "KXHIGHMIA-24NOV20-B82.5",
            "count": 65,
            "created_time": "2024-11-20T20:22:01.864412Z",
            "yes_price": 1,
            "no_price": 99,
            "taker_side": "yes"
        },
        {
            "trade_id": "d6c947eb-e806-4e6f-bee4-8448bb633a92",
            "ticker": "KXHIGHMIA-24NOV20-B82.5",
            "count": 9351,
            "created_time": "2024-11-20T20:05:03.186557Z",
            "yes_price": 1,
            "no_price": 99,
            "taker_side": "yes"
        },
        {
            "trade_id": "74eaa704-171f-4323-a763-ac5862a5f714",
            "ticker": "KXHIGHMIA-24NOV20-B82.5",
            "count": 47,
            "created_time": "2024-11-20T19:26:45.266043Z",
            "yes_price": 1,
            "no_price": 99,
            "taker_side": "yes"
        },
        {
            "trade_id": "263282c0-6105-436c-a3c2-962a18bff883",
            "ticker": "KXHIGHMIA-24NOV20-B82.5",
            "count": 4675,
            "created_time": "2024-11-20T19:12:26.97688Z",
            "yes_price": 1,
            "no_price": 99,
            "taker_side": "yes"
        },
        {
            "trade_id": "75436ec8-263d-4eec-9b9b-43f139f108d2",
            "ticker": "KXHIGHMIA-24NOV20-B82.5",
            "count": 93,
            "created_time": "2024-11-20T19:10:22.979676Z",
            "yes_price": 1,
            "no_price": 99,
            "taker_side": "yes"
        },
        {
            "trade_id": "96549aea-6f15-46af-9621-9562c27754b0",
            "ticker": "KXHIGHMIA-24NOV20-B82.5",
            "count": 935,
            "created_time": "2024-11-20T18:27:39.743793Z",
            "yes_price": 1,
            "no_price": 99,
            "taker_side": "yes"
        },
        {
            "trade_id": "0dbe15dd-98b8-4c5e-ac78-7615d7d5c814",
            "ticker": "KXHIGHMIA-24NOV20-B82.5",
            "count": 935,
            "created_time": "2024-11-20T18:26:18.448394Z",
            "yes_price": 1,
            "no_price": 99,
            "taker_side": "yes"
        },
        {
            "trade_id": "b72b6d22-08ec-4299-901c-1de70283d024",
            "ticker": "KXHIGHMIA-24NOV20-B82.5",
            "count": 467,
            "created_time": "2024-11-20T18:22:55.148101Z",
            "yes_price": 1,
            "no_price": 99,
            "taker_side": "yes"
        },
        {
            "trade_id": "18908033-c4a4-4f05-a951-256c1ffdc4fd",
            "ticker": "KXHIGHMIA-24NOV20-B82.5",
            "count": 936,
            "created_time": "2024-11-20T18:06:54.937538Z",
            "yes_price": 1,
            "no_price": 99,
            "taker_side": "yes"
        },
        {
            "trade_id": "af19fc9a-1242-415c-a176-f3c67e43f70b",
            "ticker": "KXHIGHMIA-24NOV20-B82.5",
            "count": 935,
            "created_time": "2024-11-20T18:02:05.907166Z",
            "yes_price": 1,
            "no_price": 99,
            "taker_side": "yes"
        },
        {
            "trade_id": "fab61d65-9d8e-4c2f-8db8-deebe7c07a94",
            "ticker": "KXHIGHMIA-24NOV20-B82.5",
            "count": 1091,
            "created_time": "2024-11-20T17:59:01.770683Z",
            "yes_price": 1,
            "no_price": 99,
            "taker_side": "yes"
        },
        {
            "trade_id": "843cb43c-c907-42d2-9d39-33df05f13fdc",
            "ticker": "KXHIGHMIA-24NOV20-B82.5",
            "count": 42,
            "created_time": "2024-11-20T17:57:21.523754Z",
            "yes_price": 1,
            "no_price": 99,
            "taker_side": "yes"
        },
        {
            "trade_id": "0c6a8b3e-affe-452b-9509-1299796be830",
            "ticker": "KXHIGHMIA-24NOV20-B82.5",
            "count": 93,
            "created_time": "2024-11-20T17:56:07.949528Z",
            "yes_price": 1,
            "no_price": 99,
            "taker_side": "yes"
        },
        {
            "trade_id": "cefa9480-39cc-4746-b6c8-f0a7335d824c",
            "ticker": "KXHIGHMIA-24NOV20-B82.5",
            "count": 898,
            "created_time": "2024-11-20T17:54:01.746453Z",
            "yes_price": 1,
            "no_price": 99,
            "taker_side": "no"
        },
        {
            "trade_id": "2c0cc58c-4800-4691-a8ce-a4ab049f61bf",
            "ticker": "KXHIGHMIA-24NOV20-B82.5",
            "count": 100,
            "created_time": "2024-11-20T17:54:01.746453Z",
            "yes_price": 1,
            "no_price": 99,
            "taker_side": "no"
        },
        {
            "trade_id": "5a4620f3-e9e5-4a42-9b80-effb8472df9c",
            "ticker": "KXHIGHMIA-24NOV20-B82.5",
            "count": 50,
            "created_time": "2024-11-20T17:53:04.836561Z",
            "yes_price": 2,
            "no_price": 98,
            "taker_side": "yes"
        },
        {
            "trade_id": "15706329-9706-47e2-9674-2ab52998352b",
            "ticker": "KXHIGHMIA-24NOV20-B82.5",
            "count": 2,
            "created_time": "2024-11-20T17:51:50.415675Z",
            "yes_price": 1,
            "no_price": 99,
            "taker_side": "no"
        },
        {
            "trade_id": "173b3f66-4a80-4a8a-9433-23fdfd7348dc",
            "ticker": "KXHIGHMIA-24NOV20-B82.5",
            "count": 19,
            "created_time": "2024-11-20T17:45:36.588032Z",
            "yes_price": 1,
            "no_price": 99,
            "taker_side": "no"
        },
        {
            "trade_id": "d96890ba-2491-4cbd-9616-f4adc1d2e464",
            "ticker": "KXHIGHMIA-24NOV20-B82.5",
            "count": 8,
            "created_time": "2024-11-20T17:43:44.136033Z",
            "yes_price": 1,
            "no_price": 99,
            "taker_side": "no"
        },
        {
            "trade_id": "ed505712-603b-4fec-b6f8-2092972ef974",
            "ticker": "KXHIGHMIA-24NOV20-B82.5",
            "count": 152,
            "created_time": "2024-11-20T17:40:18.047707Z",
            "yes_price": 3,
            "no_price": 97,
            "taker_side": "yes"
        },
        {
            "trade_id": "8919eaa2-5c0a-418b-9644-3add8156c58a",
            "ticker": "KXHIGHMIA-24NOV20-B82.5",
            "count": 1408,
            "created_time": "2024-11-20T17:40:18.047707Z",
            "yes_price": 3,
            "no_price": 97,
            "taker_side": "yes"
        },
        {
            "trade_id": "d988a7e7-4669-4011-b11f-a72c8f880b8d",
            "ticker": "KXHIGHMIA-24NOV20-B82.5",
            "count": 2829,
            "created_time": "2024-11-20T17:37:39.817743Z",
            "yes_price": 3,
            "no_price": 97,
            "taker_side": "yes"
        },
        {
            "trade_id": "c0b2e7a0-11df-4ff2-9f5f-41adb719914f",
            "ticker": "KXHIGHMIA-24NOV20-B82.5",
            "count": 1930,
            "created_time": "2024-11-20T17:37:39.817743Z",
            "yes_price": 2,
            "no_price": 98,
            "taker_side": "yes"
        },
        {
            "trade_id": "87415bd2-f055-436f-82a9-768b01157e34",
            "ticker": "KXHIGHMIA-24NOV20-B82.5",
            "count": 150,
            "created_time": "2024-11-20T17:37:39.817743Z",
            "yes_price": 2,
            "no_price": 98,
            "taker_side": "yes"
        },
        {
            "trade_id": "66f86eab-5e10-40f4-95c4-bb26052db69d",
            "ticker": "KXHIGHMIA-24NOV20-B82.5",
            "count": 85,
            "created_time": "2024-11-20T17:37:39.817743Z",
            "yes_price": 4,
            "no_price": 96,
            "taker_side": "yes"
        },
        {
            "trade_id": "6620d95a-6d63-42cb-bf1a-df553b44f805",
            "ticker": "KXHIGHMIA-24NOV20-B82.5",
            "count": 467,
            "created_time": "2024-11-20T17:37:39.817743Z",
            "yes_price": 2,
            "no_price": 98,
            "taker_side": "yes"
        },
        {
            "trade_id": "5d974eef-ba2c-4dc2-af2e-8d346e24920e",
            "ticker": "KXHIGHMIA-24NOV20-B82.5",
            "count": 600,
            "created_time": "2024-11-20T17:37:39.817743Z",
            "yes_price": 3,
            "no_price": 97,
            "taker_side": "yes"
        },
        {
            "trade_id": "3ba32168-6ebb-43fa-8303-218647f15dec",
            "ticker": "KXHIGHMIA-24NOV20-B82.5",
            "count": 1000,
            "created_time": "2024-11-20T17:37:39.817743Z",
            "yes_price": 3,
            "no_price": 97,
            "taker_side": "yes"
        },
        {
            "trade_id": "db0f519d-74ef-42ec-ab15-41bf3a4c723d",
            "ticker": "KXHIGHMIA-24NOV20-B82.5",
            "count": 299,
            "created_time": "2024-11-20T17:37:11.095839Z",
            "yes_price": 2,
            "no_price": 98,
            "taker_side": "yes"
        },
        {
            "trade_id": "63fbfcd6-8deb-42c9-b926-8928abefdcc6",
            "ticker": "KXHIGHMIA-24NOV20-B82.5",
            "count": 40,
            "created_time": "2024-11-20T17:37:00.335703Z",
            "yes_price": 2,
            "no_price": 98,
            "taker_side": "yes"
        },
        {
            "trade_id": "7ebf0908-db4f-4553-af78-9dc4e5145318",
            "ticker": "KXHIGHMIA-24NOV20-B82.5",
            "count": 2,
            "created_time": "2024-11-20T17:35:38.863506Z",
            "yes_price": 1,
            "no_price": 99,
            "taker_side": "no"
        },
        {
            "trade_id": "f63fb328-362e-4a66-aae9-5994cbc08eba",
            "ticker": "KXHIGHMIA-24NOV20-B82.5",
            "count": 71,
            "created_time": "2024-11-20T17:35:02.832875Z",
            "yes_price": 1,
            "no_price": 99,
            "taker_side": "no"
        },
        {
            "trade_id": "0013aeba-cab9-41e7-8853-f8d4478e07ac",
            "ticker": "KXHIGHMIA-24NOV20-B82.5",
            "count": 467,
            "created_time": "2024-11-20T17:34:28.831922Z",
            "yes_price": 2,
            "no_price": 98,
            "taker_side": "yes"
        },
        {
            "trade_id": "3b2134b8-58df-4ab9-be3b-02445e6a64c4",
            "ticker": "KXHIGHMIA-24NOV20-B82.5",
            "count": 1,
            "created_time": "2024-11-20T17:33:35.207221Z",
            "yes_price": 2,
            "no_price": 98,
            "taker_side": "yes"
        },
        {
            "trade_id": "e07f759f-b307-4596-9d0b-ef8729051639",
            "ticker": "KXHIGHMIA-24NOV20-B82.5",
            "count": 46,
            "created_time": "2024-11-20T17:29:26.431035Z",
            "yes_price": 2,
            "no_price": 98,
            "taker_side": "yes"
        },
        {
            "trade_id": "80155b05-c938-4d5f-934b-115b1b0daeda",
            "ticker": "KXHIGHMIA-24NOV20-B82.5",
            "count": 700,
            "created_time": "2024-11-20T17:27:56.977127Z",
            "yes_price": 1,
            "no_price": 99,
            "taker_side": "no"
        },
        {
            "trade_id": "2b53a822-4e8a-41ac-9ec4-1560d967de9a",
            "ticker": "KXHIGHMIA-24NOV20-B82.5",
            "count": 1900,
            "created_time": "2024-11-20T17:27:43.891656Z",
            "yes_price": 2,
            "no_price": 98,
            "taker_side": "yes"
        },
        {
            "trade_id": "816f24da-f715-4531-ad3d-5a8a6476f113",
            "ticker": "KXHIGHMIA-24NOV20-B82.5",
            "count": 150,
            "created_time": "2024-11-20T17:25:35.792856Z",
            "yes_price": 2,
            "no_price": 98,
            "taker_side": "yes"
        },
        {
            "trade_id": "383d7419-9308-4dee-a500-d1de4aecc4b1",
            "ticker": "KXHIGHMIA-24NOV20-B82.5",
            "count": 317,
            "created_time": "2024-11-20T17:25:35.792856Z",
            "yes_price": 2,
            "no_price": 98,
            "taker_side": "yes"
        },
        {
            "trade_id": "f4140b5b-472a-43bc-9151-6beffb4d08c7",
            "ticker": "KXHIGHMIA-24NOV20-B82.5",
            "count": 135,
            "created_time": "2024-11-20T17:20:50.643941Z",
            "yes_price": 2,
            "no_price": 98,
            "taker_side": "yes"
        },
        {
            "trade_id": "7418f7a1-0f61-44e9-94cf-7e46c3b8236f",
            "ticker": "KXHIGHMIA-24NOV20-B82.5",
            "count": 690,
            "created_time": "2024-11-20T17:20:50.643941Z",
            "yes_price": 3,
            "no_price": 97,
            "taker_side": "yes"
        },
        {
            "trade_id": "3bbed3f7-98bb-4b6c-99c6-f1a33305a0b1",
            "ticker": "KXHIGHMIA-24NOV20-B82.5",
            "count": 15,
            "created_time": "2024-11-20T17:18:14.322707Z",
            "yes_price": 2,
            "no_price": 98,
            "taker_side": "yes"
        },
        {
            "trade_id": "db3816da-53e1-471c-a0c8-a711491ec7d3",
            "ticker": "KXHIGHMIA-24NOV20-B82.5",
            "count": 100,
            "created_time": "2024-11-20T17:18:08.82179Z",
            "yes_price": 2,
            "no_price": 98,
            "taker_side": "yes"
        },
        {
            "trade_id": "05884a61-3493-4188-94b6-9a79fbeec8f6",
            "ticker": "KXHIGHMIA-24NOV20-B82.5",
            "count": 245,
            "created_time": "2024-11-20T17:18:08.82179Z",
            "yes_price": 3,
            "no_price": 97,
            "taker_side": "yes"
        },
        {
            "trade_id": "453ca888-f465-4b16-b428-eb3d4caa3d69",
            "ticker": "KXHIGHMIA-24NOV20-B82.5",
            "count": 50,
            "created_time": "2024-11-20T17:17:04.809761Z",
            "yes_price": 2,
            "no_price": 98,
            "taker_side": "yes"
        },
        {
            "trade_id": "de9457dc-996a-44ef-b4f2-5a78440284cb",
            "ticker": "KXHIGHMIA-24NOV20-B82.5",
            "count": 55,
            "created_time": "2024-11-20T17:14:31.363508Z",
            "yes_price": 3,
            "no_price": 97,
            "taker_side": "yes"
        },
        {
            "trade_id": "0d4f7501-cb76-4dbd-b2be-db6a9704ad83",
            "ticker": "KXHIGHMIA-24NOV20-B82.5",
            "count": 150,
            "created_time": "2024-11-20T17:14:31.363508Z",
            "yes_price": 2,
            "no_price": 98,
            "taker_side": "yes"
        },
        {
            "trade_id": "1945d7a7-5709-48ed-be1b-5c7bd152a68e",
            "ticker": "KXHIGHMIA-24NOV20-B82.5",
            "count": 150,
            "created_time": "2024-11-20T17:14:28.926549Z",
            "yes_price": 2,
            "no_price": 98,
            "taker_side": "yes"
        },
        {
            "trade_id": "87931d50-cfb7-44b9-960a-3fa0bcb66e3a",
            "ticker": "KXHIGHMIA-24NOV20-B82.5",
            "count": 50,
            "created_time": "2024-11-20T17:13:40.814406Z",
            "yes_price": 2,
            "no_price": 98,
            "taker_side": "yes"
        },
        {
            "trade_id": "5921de33-8ce4-4f90-b4bf-4a172bad8edc",
            "ticker": "KXHIGHMIA-24NOV20-B82.5",
            "count": 746,
            "created_time": "2024-11-20T17:13:40.814406Z",
            "yes_price": 3,
            "no_price": 97,
            "taker_side": "yes"
        },
        {
            "trade_id": "8eda797b-b641-4ddf-9f9a-f9574153bc7d",
            "ticker": "KXHIGHMIA-24NOV20-B82.5",
            "count": 100,
            "created_time": "2024-11-20T17:11:55.008044Z",
            "yes_price": 2,
            "no_price": 98,
            "taker_side": "yes"
        },
        {
            "trade_id": "ef1a2132-cde6-4850-9855-79f27c5210ba",
            "ticker": "KXHIGHMIA-24NOV20-B82.5",
            "count": 211,
            "created_time": "2024-11-20T17:11:35.881863Z",
            "yes_price": 3,
            "no_price": 97,
            "taker_side": "yes"
        },
        {
            "trade_id": "1c59f26f-40dc-4e47-9875-90d103994081",
            "ticker": "KXHIGHMIA-24NOV20-B82.5",
            "count": 150,
            "created_time": "2024-11-20T17:11:35.881863Z",
            "yes_price": 2,
            "no_price": 98,
            "taker_side": "yes"
        },
        {
            "trade_id": "7413ef9d-2957-4b07-8e17-d15a86039057",
            "ticker": "KXHIGHMIA-24NOV20-B82.5",
            "count": 57,
            "created_time": "2024-11-20T17:09:17.921121Z",
            "yes_price": 2,
            "no_price": 98,
            "taker_side": "yes"
        },
        {
            "trade_id": "2778be53-530f-45d8-8a07-2bbfec83b994",
            "ticker": "KXHIGHMIA-24NOV20-B82.5",
            "count": 117,
            "created_time": "2024-11-20T17:09:17.921121Z",
            "yes_price": 3,
            "no_price": 97,
            "taker_side": "yes"
        },
        {
            "trade_id": "7ccea555-efa8-49d5-8f1b-ec065d76b16a",
            "ticker": "KXHIGHMIA-24NOV20-B82.5",
            "count": 93,
            "created_time": "2024-11-20T17:07:40.920256Z",
            "yes_price": 2,
            "no_price": 98,
            "taker_side": "yes"
        },
        {
            "trade_id": "4bc96733-8a0f-4a77-a40b-da33a8ba962a",
            "ticker": "KXHIGHMIA-24NOV20-B82.5",
            "count": 26,
            "created_time": "2024-11-20T17:07:01.32028Z",
            "yes_price": 2,
            "no_price": 98,
            "taker_side": "yes"
        },
        {
            "trade_id": "4b9c6c78-7a1d-4ac8-bb9c-9ea77302a814",
            "ticker": "KXHIGHMIA-24NOV20-B82.5",
            "count": 107,
            "created_time": "2024-11-20T17:07:01.32028Z",
            "yes_price": 3,
            "no_price": 97,
            "taker_side": "yes"
        },
        {
            "trade_id": "c7f63b8b-11bb-44a7-bee0-0869e6fedcd4",
            "ticker": "KXHIGHMIA-24NOV20-B82.5",
            "count": 73,
            "created_time": "2024-11-20T17:05:34.800201Z",
            "yes_price": 2,
            "no_price": 98,
            "taker_side": "yes"
        },
        {
            "trade_id": "b070d3c3-95e6-47bd-8f37-6899af7b39a0",
            "ticker": "KXHIGHMIA-24NOV20-B82.5",
            "count": 39,
            "created_time": "2024-11-20T17:05:34.800201Z",
            "yes_price": 1,
            "no_price": 99,
            "taker_side": "yes"
        },
        {
            "trade_id": "e9deb691-00a7-44f7-b92c-a4f7349394d4",
            "ticker": "KXHIGHMIA-24NOV20-B82.5",
            "count": 374,
            "created_time": "2024-11-20T17:03:14.530686Z",
            "yes_price": 1,
            "no_price": 99,
            "taker_side": "yes"
        },
        {
            "trade_id": "191a5fc5-9f5e-48e9-aa6a-4fa82f6cc093",
            "ticker": "KXHIGHMIA-24NOV20-B82.5",
            "count": 46,
            "created_time": "2024-11-20T16:59:05.26316Z",
            "yes_price": 2,
            "no_price": 98,
            "taker_side": "yes"
        },
        {
            "trade_id": "70f2e9ad-61a0-43a6-808b-d1334e3a5d95",
            "ticker": "KXHIGHMIA-24NOV20-B82.5",
            "count": 5,
            "created_time": "2024-11-20T16:58:52.965124Z",
            "yes_price": 2,
            "no_price": 98,
            "taker_side": "yes"
        },
        {
            "trade_id": "ee661424-b7d9-4713-8c64-219a61bab6d3",
            "ticker": "KXHIGHMIA-24NOV20-B82.5",
            "count": 200,
            "created_time": "2024-11-20T16:53:09.926496Z",
            "yes_price": 1,
            "no_price": 99,
            "taker_side": "no"
        },
        {
            "trade_id": "5ffbb756-d05d-4e3e-a736-1b44d42d41b9",
            "ticker": "KXHIGHMIA-24NOV20-B82.5",
            "count": 800,
            "created_time": "2024-11-20T16:53:09.926496Z",
            "yes_price": 1,
            "no_price": 99,
            "taker_side": "no"
        },
        {
            "trade_id": "50509075-a84d-474a-a760-d3ce35043051",
            "ticker": "KXHIGHMIA-24NOV20-B82.5",
            "count": 350,
            "created_time": "2024-11-20T16:53:09.926496Z",
            "yes_price": 1,
            "no_price": 99,
            "taker_side": "no"
        },
        {
            "trade_id": "6d69de1b-3a75-4776-8a2b-ee0e611b2b5d",
            "ticker": "KXHIGHMIA-24NOV20-B82.5",
            "count": 117,
            "created_time": "2024-11-20T16:50:23.77357Z",
            "yes_price": 2,
            "no_price": 98,
            "taker_side": "yes"
        },
        {
            "trade_id": "42337373-722e-47bf-ad23-9835fd62539b",
            "ticker": "KXHIGHMIA-24NOV20-B82.5",
            "count": 61,
            "created_time": "2024-11-20T16:50:23.77357Z",
            "yes_price": 2,
            "no_price": 98,
            "taker_side": "yes"
        },
        {
            "trade_id": "5fc49323-bd10-4e36-9d03-0eaa01ce09c4",
            "ticker": "KXHIGHMIA-24NOV20-B82.5",
            "count": 6,
            "created_time": "2024-11-20T16:50:18.222806Z",
            "yes_price": 2,
            "no_price": 98,
            "taker_side": "yes"
        },
        {
            "trade_id": "63378db6-bfe6-4ea6-815f-0ecc9a4770f7",
            "ticker": "KXHIGHMIA-24NOV20-B82.5",
            "count": 11,
            "created_time": "2024-11-20T16:49:37.340859Z",
            "yes_price": 1,
            "no_price": 99,
            "taker_side": "no"
        },
        {
            "trade_id": "bce377d3-e7ae-4215-8528-4795673d886a",
            "ticker": "KXHIGHMIA-24NOV20-B82.5",
            "count": 474,
            "created_time": "2024-11-20T16:48:57.744656Z",
            "yes_price": 2,
            "no_price": 98,
            "taker_side": "yes"
        },
        {
            "trade_id": "8c0c7cbf-94b8-4ab6-8751-c9e7e7c1da62",
            "ticker": "KXHIGHMIA-24NOV20-B82.5",
            "count": 8,
            "created_time": "2024-11-20T16:48:57.744656Z",
            "yes_price": 2,
            "no_price": 98,
            "taker_side": "yes"
        },
        {
            "trade_id": "2d83cf0f-0258-4cff-a4b2-24412f831a57",
            "ticker": "KXHIGHMIA-24NOV20-B82.5",
            "count": 150,
            "created_time": "2024-11-20T16:48:57.744656Z",
            "yes_price": 2,
            "no_price": 98,
            "taker_side": "yes"
        },
        {
            "trade_id": "2f8053da-c4a2-4fb7-af83-6d6a9e1e999e",
            "ticker": "KXHIGHMIA-24NOV20-B82.5",
            "count": 50,
            "created_time": "2024-11-20T16:48:56.810503Z",
            "yes_price": 2,
            "no_price": 98,
            "taker_side": "yes"
        },
        {
            "trade_id": "a55c15a7-c540-4a97-b8e4-d8628917de18",
            "ticker": "KXHIGHMIA-24NOV20-B82.5",
            "count": 500,
            "created_time": "2024-11-20T16:48:19.367344Z",
            "yes_price": 1,
            "no_price": 99,
            "taker_side": "no"
        },
        {
            "trade_id": "b0bf351c-61c6-4f6c-87e2-1772234dd8eb",
            "ticker": "KXHIGHMIA-24NOV20-B82.5",
            "count": 58,
            "created_time": "2024-11-20T16:47:55.158809Z",
            "yes_price": 2,
            "no_price": 98,
            "taker_side": "yes"
        },
        {
            "trade_id": "5730804c-bc5c-4b07-a865-9df078ae37a0",
            "ticker": "KXHIGHMIA-24NOV20-B82.5",
            "count": 42,
            "created_time": "2024-11-20T16:47:55.158809Z",
            "yes_price": 2,
            "no_price": 98,
            "taker_side": "yes"
        },
        {
            "trade_id": "3bdbad31-dcb5-42ba-b916-ca9205de2aaf",
            "ticker": "KXHIGHMIA-24NOV20-B82.5",
            "count": 23,
            "created_time": "2024-11-20T16:47:28.956763Z",
            "yes_price": 2,
            "no_price": 98,
            "taker_side": "yes"
        },
        {
            "trade_id": "031476a9-3b45-47ac-896c-87933def6b35",
            "ticker": "KXHIGHMIA-24NOV20-B82.5",
            "count": 46,
            "created_time": "2024-11-20T16:45:29.314776Z",
            "yes_price": 2,
            "no_price": 98,
            "taker_side": "yes"
        },
        {
            "trade_id": "9e9cf161-7035-4ec1-9541-272e57f33e1e",
            "ticker": "KXHIGHMIA-24NOV20-B82.5",
            "count": 23,
            "created_time": "2024-11-20T16:45:25.309934Z",
            "yes_price": 2,
            "no_price": 98,
            "taker_side": "yes"
        },
        {
            "trade_id": "36e943dd-8818-4338-bcc6-5ec7ecada865",
            "ticker": "KXHIGHMIA-24NOV20-B82.5",
            "count": 117,
            "created_time": "2024-11-20T16:45:18.386903Z",
            "yes_price": 1,
            "no_price": 99,
            "taker_side": "no"
        },
        {
            "trade_id": "100fe32c-d299-4ec6-aee8-17b467694876",
            "ticker": "KXHIGHMIA-24NOV20-B82.5",
            "count": 22,
            "created_time": "2024-11-20T16:44:54.697462Z",
            "yes_price": 1,
            "no_price": 99,
            "taker_side": "no"
        },
        {
            "trade_id": "103261cd-7d2a-4e72-af0a-593b0173509a",
            "ticker": "KXHIGHMIA-24NOV20-B82.5",
            "count": 467,
            "created_time": "2024-11-20T16:44:50.48574Z",
            "yes_price": 2,
            "no_price": 98,
            "taker_side": "yes"
        },
        {
            "trade_id": "6ad11498-a343-4d4c-923a-6d4134752fef",
            "ticker": "KXHIGHMIA-24NOV20-B82.5",
            "count": 4,
            "created_time": "2024-11-20T16:44:23.150807Z",
            "yes_price": 2,
            "no_price": 98,
            "taker_side": "yes"
        },
        {
            "trade_id": "e48374bc-aac5-4caa-92d4-ce917f6f0e7b",
            "ticker": "KXHIGHMIA-24NOV20-B82.5",
            "count": 4070,
            "created_time": "2024-11-20T16:43:44.146831Z",
            "yes_price": 2,
            "no_price": 98,
            "taker_side": "yes"
        },
        {
            "trade_id": "cf246e63-26bb-4ca8-942f-520fe32a62e9",
            "ticker": "KXHIGHMIA-24NOV20-B82.5",
            "count": 416,
            "created_time": "2024-11-20T16:43:28.731236Z",
            "yes_price": 2,
            "no_price": 98,
            "taker_side": "yes"
        },
        {
            "trade_id": "7e159de9-b10b-4670-a127-2285668850d1",
            "ticker": "KXHIGHMIA-24NOV20-B82.5",
            "count": 51,
            "created_time": "2024-11-20T16:43:28.731236Z",
            "yes_price": 2,
            "no_price": 98,
            "taker_side": "yes"
        },
        {
            "trade_id": "f36bc42a-c796-42d7-8b1a-4d69e1c3a46d",
            "ticker": "KXHIGHMIA-24NOV20-B82.5",
            "count": 49,
            "created_time": "2024-11-20T16:42:53.533767Z",
            "yes_price": 2,
            "no_price": 98,
            "taker_side": "yes"
        },
        {
            "trade_id": "8615f1da-209c-46e9-b62b-f3fe33f2ae5b",
            "ticker": "KXHIGHMIA-24NOV20-B82.5",
            "count": 134,
            "created_time": "2024-11-20T16:42:53.533767Z",
            "yes_price": 2,
            "no_price": 98,
            "taker_side": "yes"
        },
        {
            "trade_id": "39110734-6f63-495e-b3d2-7522422f2883",
            "ticker": "KXHIGHMIA-24NOV20-B82.5",
            "count": 100,
            "created_time": "2024-11-20T16:42:53.533767Z",
            "yes_price": 1,
            "no_price": 99,
            "taker_side": "yes"
        },
        {
            "trade_id": "8a973916-863e-4913-a0a3-ee9f0da3ccdd",
            "ticker": "KXHIGHMIA-24NOV20-B82.5",
            "count": 17,
            "created_time": "2024-11-20T16:42:29.287792Z",
            "yes_price": 1,
            "no_price": 99,
            "taker_side": "yes"
        },
        {
            "trade_id": "3ac868e5-235c-4765-b586-6604d667d9b2",
            "ticker": "KXHIGHMIA-24NOV20-B82.5",
            "count": 16,
            "created_time": "2024-11-20T16:42:29.287792Z",
            "yes_price": 2,
            "no_price": 98,
            "taker_side": "yes"
        },
        {
            "trade_id": "5b430f74-4206-4a0d-9fcc-91141410e4bd",
            "ticker": "KXHIGHMIA-24NOV20-B82.5",
            "count": 83,
            "created_time": "2024-11-20T16:41:20.69412Z",
            "yes_price": 1,
            "no_price": 99,
            "taker_side": "yes"
        },
        {
            "trade_id": "2b9a5872-ae07-4619-9cb2-edec332f8dda",
            "ticker": "KXHIGHMIA-24NOV20-B82.5",
            "count": 883,
            "created_time": "2024-11-20T16:41:20.69412Z",
            "yes_price": 1,
            "no_price": 99,
            "taker_side": "yes"
        },
        {
            "trade_id": "14018c3c-9eac-4adf-b3c1-595772d20825",
            "ticker": "KXHIGHMIA-24NOV20-B82.5",
            "count": 1034,
            "created_time": "2024-11-20T16:41:20.69412Z",
            "yes_price": 1,
            "no_price": 99,
            "taker_side": "yes"
        },
        {
            "trade_id": "2f09a8ac-d4db-4b7f-aa81-b57a22c43478",
            "ticker": "KXHIGHMIA-24NOV20-B82.5",
            "count": 117,
            "created_time": "2024-11-20T16:40:12.577237Z",
            "yes_price": 1,
            "no_price": 99,
            "taker_side": "yes"
        },
        {
            "trade_id": "23735114-e8a5-458e-b0ac-abcfc93c3298",
            "ticker": "KXHIGHMIA-24NOV20-B82.5",
            "count": 133,
            "created_time": "2024-11-20T16:40:12.577237Z",
            "yes_price": 1,
            "no_price": 99,
            "taker_side": "yes"
        },
        {
            "trade_id": "12d9898e-ab11-4f39-87e0-94647542b46f",
            "ticker": "KXHIGHMIA-24NOV20-B82.5",
            "count": 841,
            "created_time": "2024-11-20T16:37:16.98767Z",
            "yes_price": 1,
            "no_price": 99,
            "taker_side": "yes"
        },
        {
            "trade_id": "67a61632-f921-4d45-ae78-92530c77bf3d",
            "ticker": "KXHIGHMIA-24NOV20-B82.5",
            "count": 38,
            "created_time": "2024-11-20T16:35:35.128534Z",
            "yes_price": 1,
            "no_price": 99,
            "taker_side": "yes"
        },
        {
            "trade_id": "44be99cc-aaf2-43da-9e20-8fce998fc6f3",
            "ticker": "KXHIGHMIA-24NOV20-B82.5",
            "count": 35,
            "created_time": "2024-11-20T16:33:59.89089Z",
            "yes_price": 1,
            "no_price": 99,
            "taker_side": "yes"
        },
        {
            "trade_id": "baf0189c-973a-4d6c-8d5e-09332e6ce561",
            "ticker": "KXHIGHMIA-24NOV20-B82.5",
            "count": 184,
            "created_time": "2024-11-20T16:30:49.884805Z",
            "yes_price": 1,
            "no_price": 99,
            "taker_side": "yes"
        },
        {
            "trade_id": "3f5f4e68-c869-4ece-ae3e-5b5e24bf3ef5",
            "ticker": "KXHIGHMIA-24NOV20-B82.5",
            "count": 467,
            "created_time": "2024-11-20T16:29:41.995396Z",
            "yes_price": 1,
            "no_price": 99,
            "taker_side": "yes"
        },
        {
            "trade_id": "e4947c73-996f-4444-b97c-64f5f39bd863",
            "ticker": "KXHIGHMIA-24NOV20-B82.5",
            "count": 500,
            "created_time": "2024-11-20T16:29:02.241779Z",
            "yes_price": 1,
            "no_price": 99,
            "taker_side": "yes"
        },
        {
            "trade_id": "cf42f734-7ce4-4ecd-b31a-8214a0b92074",
            "ticker": "KXHIGHMIA-24NOV20-B82.5",
            "count": 500,
            "created_time": "2024-11-20T16:28:54.230252Z",
            "yes_price": 1,
            "no_price": 99,
            "taker_side": "yes"
        },
        {
            "trade_id": "4b5524a7-092b-4c1a-a933-07dcc3408b73",
            "ticker": "KXHIGHMIA-24NOV20-B82.5",
            "count": 50,
            "created_time": "2024-11-20T16:28:47.918625Z",
            "yes_price": 1,
            "no_price": 99,
            "taker_side": "yes"
        },
        {
            "trade_id": "2aa33e16-afae-4589-8d6a-6a8da336300d",
            "ticker": "KXHIGHMIA-24NOV20-B82.5",
            "count": 4675,
            "created_time": "2024-11-20T16:28:47.488684Z",
            "yes_price": 1,
            "no_price": 99,
            "taker_side": "yes"
        },
        {
            "trade_id": "6ccc3f60-0cc0-4af3-98ee-d4f1215d8ea5",
            "ticker": "KXHIGHMIA-24NOV20-B82.5",
            "count": 20,
            "created_time": "2024-11-20T16:28:33.323502Z",
            "yes_price": 1,
            "no_price": 99,
            "taker_side": "yes"
        },
        {
            "trade_id": "4d168d79-f202-4faa-ad53-d709b813b674",
            "ticker": "KXHIGHMIA-24NOV20-B82.5",
            "count": 500,
            "created_time": "2024-11-20T16:27:25.68231Z",
            "yes_price": 1,
            "no_price": 99,
            "taker_side": "yes"
        },
        {
            "trade_id": "6641990d-0b87-4564-af68-dd6091cfd1d9",
            "ticker": "KXHIGHMIA-24NOV20-B82.5",
            "count": 88,
            "created_time": "2024-11-20T16:27:22.254991Z",
            "yes_price": 1,
            "no_price": 99,
            "taker_side": "yes"
        },
        {
            "trade_id": "37611af3-7e8c-4851-9ab8-91a8a880d7d3",
            "ticker": "KXHIGHMIA-24NOV20-B82.5",
            "count": 57,
            "created_time": "2024-11-20T16:27:22.254991Z",
            "yes_price": 1,
            "no_price": 99,
            "taker_side": "yes"
        },
        {
            "trade_id": "ff45aa36-2786-42ac-b4df-af923ef53372",
            "ticker": "KXHIGHMIA-24NOV20-B82.5",
