{
    "HIGHMIA-24MAR09-T80": [],
    "HIGHMIA-24MAR09-B80.5": [],
    "HIGHMIA-24MAR09-B82.5": [
        {
            "trade_id": "02cfeabd-3a78-4229-8560-147374f30e76",
            "ticker": "HIGHMIA-24MAR09-B82.5",
            "count": 215,
            "created_time": "2024-03-09T19:31:16.839337Z",
            "yes_price": 1,
            "no_price": 99,
            "taker_side": "yes"
        },
        {
            "trade_id": "eb3950bc-37c3-4889-9a37-59503d6f34b8",
            "ticker": "HIGHMIA-24MAR09-B82.5",
            "count": 10,
            "created_time": "2024-03-09T16:25:35.666907Z",
            "yes_price": 1,
            "no_price": 99,
            "taker_side": "yes"
        }
    ],
    "HIGHMIA-24MAR09-B84.5": [
        {
            "trade_id": "8d4ac4ce-e746-49b2-a845-3f51e3267a87",
            "ticker": "HIGHMIA-24MAR09-B84.5",
            "count": 16,
            "created_time": "2024-03-09T04:15:01.223776Z",
            "yes_price": 8,
            "no_price": 92,
            "taker_side": "no"
        },
        {
            "trade_id": "6593fa1f-e1d2-4a2b-86bd-fa15c8514cfd",
            "ticker": "HIGHMIA-24MAR09-B84.5",
            "count": 53,
            "created_time": "2024-03-08T18:04:08.832224Z",
            "yes_price": 9,
            "no_price": 91,
            "taker_side": "no"
        },
        {
            "trade_id": "5ce843cd-f81b-4779-ac21-481abb5002f0",
            "ticker": "HIGHMIA-24MAR09-B84.5",
            "count": 88,
            "created_time": "2024-03-08T18:04:08.832224Z",
            "yes_price": 8,
            "no_price": 92,
            "taker_side": "no"
        },
        {
            "trade_id": "ac1102ff-e248-49f5-a404-744f8b607d25",
            "ticker": "HIGHMIA-24MAR09-B84.5",
            "count": 88,
            "created_time": "2024-03-08T18:03:34.276676Z",
            "yes_price": 11,
            "no_price": 89,
            "taker_side": "no"
        },
        {
            "trade_id": "a6e6a9a5-7500-4e2e-b498-f3342337b5c2",
            "ticker": "HIGHMIA-24MAR09-B84.5",
            "count": 53,
            "created_time": "2024-03-08T18:03:34.276676Z",
            "yes_price": 12,
            "no_price": 88,
            "taker_side": "no"
        },
        {
            "trade_id": "4c2eb590-dca8-4c6e-b372-b00178c1365c",
            "ticker": "HIGHMIA-24MAR09-B84.5",
            "count": 88,
            "created_time": "2024-03-08T18:03:34.276676Z",
            "yes_price": 10,
            "no_price": 90,
            "taker_side": "no"
        }
    ],
    "HIGHMIA-24MAR09-B86.5": [
        {
            "trade_id": "419f890a-8546-4dd7-a414-20e15e0c7651",
            "ticker": "HIGHMIA-24MAR09-B86.5",
            "count": 21,
            "created_time": "2024-03-09T23:59:24.301141Z",
            "yes_price": 99,
            "no_price": 1,
            "taker_side": "yes"
        },
        {
            "trade_id": "313cfb29-e702-4c82-985f-b9274065efa0",
            "ticker": "HIGHMIA-24MAR09-B86.5",
            "count": 21,
            "created_time": "2024-03-09T13:17:05.838439Z",
            "yes_price": 73,
            "no_price": 27,
            "taker_side": "no"
        },
        {
            "trade_id": "9ee10add-8c4d-487c-99f2-2d8321619332",
            "ticker": "HIGHMIA-24MAR09-B86.5",
            "count": 13,
            "created_time": "2024-03-09T13:09:33.415689Z",
            "yes_price": 74,
            "no_price": 26,
            "taker_side": "no"
        },
        {
            "trade_id": "6a82674e-4861-4cd1-8c0f-55c9ae302ed2",
            "ticker": "HIGHMIA-24MAR09-B86.5",
            "count": 33,
            "created_time": "2024-03-09T13:07:34.060375Z",
            "yes_price": 73,
            "no_price": 27,
            "taker_side": "no"
        },
        {
            "trade_id": "6082a696-02f6-4008-bca3-19baaeec2762",
            "ticker": "HIGHMIA-24MAR09-B86.5",
            "count": 2,
            "created_time": "2024-03-09T13:07:34.060375Z",
            "yes_price": 71,
            "no_price": 29,
            "taker_side": "no"
        },
        {
            "trade_id": "f2966dc4-68ef-45bd-8442-77f3357afac5",
            "ticker": "HIGHMIA-24MAR09-B86.5",
            "count": 21,
            "created_time": "2024-03-09T04:16:23.753815Z",
            "yes_price": 67,
            "no_price": 33,
            "taker_side": "yes"
        },
        {
            "trade_id": "a6d6d91e-7f37-4936-99cb-f61e248208eb",
            "ticker": "HIGHMIA-24MAR09-B86.5",
            "count": 16,
            "created_time": "2024-03-09T04:15:01.215532Z",
            "yes_price": 62,
            "no_price": 38,
            "taker_side": "no"
        },
        {
            "trade_id": "04dd231c-79e3-4ebb-9fd7-486ac5d02c33",
            "ticker": "HIGHMIA-24MAR09-B86.5",
            "count": 12,
            "created_time": "2024-03-09T03:32:31.271761Z",
            "yes_price": 67,
            "no_price": 33,
            "taker_side": "yes"
        },
        {
            "trade_id": "81581b9e-d399-43db-8540-786c3030bbaf",
            "ticker": "HIGHMIA-24MAR09-B86.5",
            "count": 38,
            "created_time": "2024-03-08T18:19:37.422962Z",
            "yes_price": 67,
            "no_price": 33,
            "taker_side": "yes"
        },
        {
            "trade_id": "40ce43e6-0a5f-41a0-9dce-219f783d5290",
            "ticker": "HIGHMIA-24MAR09-B86.5",
            "count": 15,
            "created_time": "2024-03-08T18:19:37.422962Z",
            "yes_price": 65,
            "no_price": 35,
            "taker_side": "yes"
        },
        {
            "trade_id": "e0e127eb-cda4-4c9d-b7d6-c69b9a0b3f81",
            "ticker": "HIGHMIA-24MAR09-B86.5",
            "count": 88,
            "created_time": "2024-03-08T18:03:56.139992Z",
            "yes_price": 60,
            "no_price": 40,
            "taker_side": "yes"
        },
        {
            "trade_id": "c807bb67-b8a2-4255-8920-a9cb67b00b5e",
            "ticker": "HIGHMIA-24MAR09-B86.5",
            "count": 88,
            "created_time": "2024-03-08T18:03:56.139992Z",
            "yes_price": 57,
            "no_price": 43,
            "taker_side": "yes"
        },
        {
            "trade_id": "a72c5d44-6672-4677-893f-da936a050c84",
            "ticker": "HIGHMIA-24MAR09-B86.5",
            "count": 35,
            "created_time": "2024-03-08T18:03:56.139992Z",
            "yes_price": 55,
            "no_price": 45,
            "taker_side": "yes"
        },
        {
            "trade_id": "24cd7b8d-acf1-41f4-8341-88672eaf65ed",
            "ticker": "HIGHMIA-24MAR09-B86.5",
            "count": 10,
            "created_time": "2024-03-08T18:03:56.139992Z",
            "yes_price": 55,
            "no_price": 45,
            "taker_side": "yes"
        },
        {
            "trade_id": "1c0e0334-77f6-4d6d-8bad-f24ecf1a78e3",
            "ticker": "HIGHMIA-24MAR09-B86.5",
            "count": 30,
            "created_time": "2024-03-08T18:03:56.139992Z",
            "yes_price": 52,
            "no_price": 48,
            "taker_side": "yes"
        }
    ],
    "HIGHMIA-24MAR09-T87": [
        {
            "trade_id": "62f02458-62f4-446d-8997-911c32f8b76a",
            "ticker": "HIGHMIA-24MAR09-T87",
            "count": 13,
            "created_time": "2024-03-09T19:27:29.632646Z",
            "yes_price": 31,
            "no_price": 69,
            "taker_side": "no"
        },
        {
            "trade_id": "dc3dd2e8-93f8-4d33-a687-2d3a986d7f5b",
            "ticker": "HIGHMIA-24MAR09-T87",
            "count": 63,
            "created_time": "2024-03-09T04:57:59.302034Z",
            "yes_price": 25,
            "no_price": 75,
            "taker_side": "yes"
        },
        {
            "trade_id": "7dbcf16f-cc26-47e1-ab8d-5867b902da7a",
            "ticker": "HIGHMIA-24MAR09-T87",
            "count": 38,
            "created_time": "2024-03-09T04:57:59.302034Z",
            "yes_price": 23,
            "no_price": 77,
            "taker_side": "yes"
        },
        {
            "trade_id": "98de3d3b-7bd9-42c3-b032-6911cacd520c",
            "ticker": "HIGHMIA-24MAR09-T87",
            "count": 1,
            "created_time": "2024-03-09T04:16:59.667415Z",
            "yes_price": 23,
            "no_price": 77,
            "taker_side": "no"
        },
        {
            "trade_id": "d317d1dc-ec30-4c0e-9411-438d1d28348e",
            "ticker": "HIGHMIA-24MAR09-T87",
            "count": 1,
            "created_time": "2024-03-09T04:15:50.49366Z",
            "yes_price": 32,
            "no_price": 68,
            "taker_side": "yes"
        },
        {
            "trade_id": "28584635-d5dc-40e2-8aff-9a9117a7c326",
            "ticker": "HIGHMIA-24MAR09-T87",
            "count": 16,
            "created_time": "2024-03-09T04:15:01.156998Z",
            "yes_price": 31,
            "no_price": 69,
            "taker_side": "yes"
        },
        {
            "trade_id": "01c1befe-bb9f-4f0e-8851-c1f0dd7c0e73",
            "ticker": "HIGHMIA-24MAR09-T87",
            "count": 13,
            "created_time": "2024-03-09T04:15:01.156998Z",
            "yes_price": 31,
            "no_price": 69,
            "taker_side": "yes"
        },
        {
            "trade_id": "003756ea-6eb6-4f4b-94c5-0a28187d802d",
            "ticker": "HIGHMIA-24MAR09-T87",
            "count": 1,
            "created_time": "2024-03-09T02:36:07.934491Z",
            "yes_price": 24,
            "no_price": 76,
            "taker_side": "no"
        },
        {
            "trade_id": "c9fde253-5771-476d-bce1-3ff111812267",
            "ticker": "HIGHMIA-24MAR09-T87",
            "count": 26,
            "created_time": "2024-03-08T19:25:52.605197Z",
            "yes_price": 28,
            "no_price": 72,
            "taker_side": "no"
        },
        {
            "trade_id": "8845adbc-f309-4a9a-88c3-9a5fed261cea",
            "ticker": "HIGHMIA-24MAR09-T87",
            "count": 87,
            "created_time": "2024-03-08T19:25:52.605197Z",
            "yes_price": 27,
            "no_price": 73,
            "taker_side": "no"
        },
        {
            "trade_id": "f4e463ab-977a-4624-818c-f45823725d0f",
            "ticker": "HIGHMIA-24MAR09-T87",
            "count": 29,
            "created_time": "2024-03-08T18:04:24.13068Z",
            "yes_price": 25,
            "no_price": 75,
            "taker_side": "yes"
        },
        {
            "trade_id": "d6305e03-d07f-42c5-a756-2f9db207b894",
            "ticker": "HIGHMIA-24MAR09-T87",
            "count": 88,
            "created_time": "2024-03-08T18:04:21.106644Z",
            "yes_price": 26,
            "no_price": 74,
            "taker_side": "no"
        },
        {
            "trade_id": "727a13d4-4e44-4fe2-8743-ab19c5d30084",
            "ticker": "HIGHMIA-24MAR09-T87",
            "count": 26,
            "created_time": "2024-03-08T18:03:44.691027Z",
            "yes_price": 35,
            "no_price": 65,
            "taker_side": "no"
        },
        {
            "trade_id": "4de4613f-d1bf-42c3-b382-d6150803c1be",
            "ticker": "HIGHMIA-24MAR09-T87",
            "count": 88,
            "created_time": "2024-03-08T18:03:44.691027Z",
            "yes_price": 33,
            "no_price": 67,
            "taker_side": "no"
        },
        {
            "trade_id": "2bbe9c9e-5e41-4478-8314-1c85c199d7c7",
            "ticker": "HIGHMIA-24MAR09-T87",
            "count": 88,
            "created_time": "2024-03-08T18:03:44.691027Z",
            "yes_price": 31,
            "no_price": 69,
            "taker_side": "no"
        },
        {
            "trade_id": "5f1304e3-3435-4ae9-9a57-2f8e320553c5",
            "ticker": "HIGHMIA-24MAR09-T87",
            "count": 10,
            "created_time": "2024-03-08T15:36:39.408583Z",
            "yes_price": 21,
            "no_price": 79,
            "taker_side": "yes"
        },
        {
            "trade_id": "c891178a-8794-4bcf-8e91-59395c9d5cc3",
            "ticker": "HIGHMIA-24MAR09-T87",
            "count": 40,
            "created_time": "2024-03-08T15:14:05.779503Z",
            "yes_price": 19,
            "no_price": 81,
            "taker_side": "yes"
        },
        {
            "trade_id": "c30465c3-d76b-49c6-a501-035b43c0be3b",
            "ticker": "HIGHMIA-24MAR09-T87",
            "count": 40,
            "created_time": "2024-03-08T15:14:05.779503Z",
            "yes_price": 18,
            "no_price": 82,
            "taker_side": "yes"
        },
        {
            "trade_id": "7669b525-de1a-4e88-bf71-833db030bb33",
            "ticker": "HIGHMIA-24MAR09-T87",
            "count": 24,
            "created_time": "2024-03-08T15:14:05.779503Z",
            "yes_price": 16,
            "no_price": 84,
            "taker_side": "yes"
        }
    ]
}