{
    "KXHIGHMIA-24NOV11-T81": [
        {
            "trade_id": "5fc390f1-7bb1-4ecf-90b4-70caa85957d2",
            "ticker": "KXHIGHMIA-24NOV11-T81",
            "count": 118,
            "created_time": "2024-11-10T16:09:16.114793Z",
            "yes_price": 1,
            "no_price": 99,
            "taker_side": "no"
        },
        {
            "trade_id": "141f4851-b835-44e7-869e-2d3c9df163a1",
            "ticker": "KXHIGHMIA-24NOV11-T81",
            "count": 2,
            "created_time": "2024-11-10T15:56:31.147474Z",
            "yes_price": 1,
            "no_price": 99,
            "taker_side": "no"
        },
        {
            "trade_id": "27d0ab6e-075d-43a4-98ab-ed6c68e9475d",
            "ticker": "KXHIGHMIA-24NOV11-T81",
            "count": 2,
            "created_time": "2024-11-10T15:45:25.028904Z",
            "yes_price": 9,
            "no_price": 91,
            "taker_side": "yes"
        }
    ],
    "KXHIGHMIA-24NOV11-B81.5": [
        {
            "trade_id": "eae975ad-5b2f-4c53-bf7b-365cc7bb15b7",
            "ticker": "KXHIGHMIA-24NOV11-B81.5",
            "count": 100,
            "created_time": "2024-11-12T04:52:14.133778Z",
            "yes_price": 1,
            "no_price": 99,
            "taker_side": "yes"
        },
        {
            "trade_id": "cad18711-e244-4839-8dcf-2675055791af",
            "ticker": "KXHIGHMIA-24NOV11-B81.5",
            "count": 37,
            "created_time": "2024-11-12T04:52:14.133778Z",
            "yes_price": 1,
            "no_price": 99,
            "taker_side": "yes"
        },
        {
            "trade_id": "5d04f11a-94b5-4d93-94e6-d3dbb1081629",
            "ticker": "KXHIGHMIA-24NOV11-B81.5",
            "count": 23,
            "created_time": "2024-11-12T04:52:14.133778Z",
            "yes_price": 1,
            "no_price": 99,
            "taker_side": "yes"
        },
        {
            "trade_id": "412a2f4e-980f-48e9-9b5e-5e0f59a7ee18",
            "ticker": "KXHIGHMIA-24NOV11-B81.5",
            "count": 200,
            "created_time": "2024-11-12T04:52:14.133778Z",
            "yes_price": 1,
            "no_price": 99,
            "taker_side": "yes"
        },
        {
            "trade_id": "3987b3c7-3fd6-4312-8eed-0951ff1f524b",
            "ticker": "KXHIGHMIA-24NOV11-B81.5",
            "count": 106,
            "created_time": "2024-11-12T04:52:14.133778Z",
            "yes_price": 1,
            "no_price": 99,
            "taker_side": "yes"
        },
        {
            "trade_id": "5023ee57-dab5-44fe-b613-c5b4ed3087c7",
            "ticker": "KXHIGHMIA-24NOV11-B81.5",
            "count": 93,
            "created_time": "2024-11-11T22:51:18.438652Z",
            "yes_price": 1,
            "no_price": 99,
            "taker_side": "yes"
        },
        {
            "trade_id": "298a6768-c5d9-4920-847c-2169f0651afd",
            "ticker": "KXHIGHMIA-24NOV11-B81.5",
            "count": 1,
            "created_time": "2024-11-11T20:00:28.413441Z",
            "yes_price": 1,
            "no_price": 99,
            "taker_side": "yes"
        },
        {
            "trade_id": "e1e03dac-65a0-4d62-a8db-cd136fdce8d6",
            "ticker": "KXHIGHMIA-24NOV11-B81.5",
            "count": 120,
            "created_time": "2024-11-10T16:10:25.112622Z",
            "yes_price": 1,
            "no_price": 99,
            "taker_side": "no"
        }
    ],
    "KXHIGHMIA-24NOV11-B83.5": [
        {
            "trade_id": "8bfd30f9-07a9-4d43-b880-094a6c3fe335",
            "ticker": "KXHIGHMIA-24NOV11-B83.5",
            "count": 274,
            "created_time": "2024-11-12T04:41:50.260208Z",
            "yes_price": 1,
            "no_price": 99,
            "taker_side": "yes"
        },
        {
            "trade_id": "3dd0ee31-fdf9-4690-9f07-36af9ca6cdd8",
            "ticker": "KXHIGHMIA-24NOV11-B83.5",
            "count": 567,
            "created_time": "2024-11-12T04:41:50.260208Z",
            "yes_price": 1,
            "no_price": 99,
            "taker_side": "yes"
        },
        {
            "trade_id": "2220cb53-3298-435f-8ea8-1c11628c0188",
            "ticker": "KXHIGHMIA-24NOV11-B83.5",
            "count": 208,
            "created_time": "2024-11-12T01:19:13.169002Z",
            "yes_price": 1,
            "no_price": 99,
            "taker_side": "yes"
        },
        {
            "trade_id": "d46df817-bcad-4a55-9087-46cdf0767385",
            "ticker": "KXHIGHMIA-24NOV11-B83.5",
            "count": 48,
            "created_time": "2024-11-12T00:31:43.493466Z",
            "yes_price": 1,
            "no_price": 99,
            "taker_side": "yes"
        },
        {
            "trade_id": "efb3d6b7-b25f-41a4-870a-358a743e5426",
            "ticker": "KXHIGHMIA-24NOV11-B83.5",
            "count": 187,
            "created_time": "2024-11-12T00:05:06.92565Z",
            "yes_price": 1,
            "no_price": 99,
            "taker_side": "yes"
        },
        {
            "trade_id": "bf47fc54-fb6f-4414-bde5-4652c2adc93e",
            "ticker": "KXHIGHMIA-24NOV11-B83.5",
            "count": 5000,
            "created_time": "2024-11-11T22:24:36.416568Z",
            "yes_price": 1,
            "no_price": 99,
            "taker_side": "yes"
        },
        {
            "trade_id": "9edc706a-f1e7-4d27-9bb7-841272149fd5",
            "ticker": "KXHIGHMIA-24NOV11-B83.5",
            "count": 1500,
            "created_time": "2024-11-11T22:24:36.416568Z",
            "yes_price": 1,
            "no_price": 99,
            "taker_side": "yes"
        },
        {
            "trade_id": "51e0e6ca-def9-4ac2-bda4-586e2d67ef7e",
            "ticker": "KXHIGHMIA-24NOV11-B83.5",
            "count": 283,
            "created_time": "2024-11-11T22:24:36.416568Z",
            "yes_price": 1,
            "no_price": 99,
            "taker_side": "yes"
        },
        {
            "trade_id": "19eff6a1-8b71-4ded-a553-8eec72aa8953",
            "ticker": "KXHIGHMIA-24NOV11-B83.5",
            "count": 2568,
            "created_time": "2024-11-11T22:24:36.416568Z",
            "yes_price": 1,
            "no_price": 99,
            "taker_side": "yes"
        },
        {
            "trade_id": "c63f7d78-9687-49f4-a907-c469ad245b40",
            "ticker": "KXHIGHMIA-24NOV11-B83.5",
            "count": 935,
            "created_time": "2024-11-11T22:19:18.233912Z",
            "yes_price": 1,
            "no_price": 99,
            "taker_side": "yes"
        },
        {
            "trade_id": "a405cb1f-07bf-4d95-98f5-d7b45123472e",
            "ticker": "KXHIGHMIA-24NOV11-B83.5",
            "count": 2,
            "created_time": "2024-11-11T22:12:39.735088Z",
            "yes_price": 1,
            "no_price": 99,
            "taker_side": "yes"
        },
        {
            "trade_id": "bd95aa7d-aef6-4bc9-891b-4e2de7843ae1",
            "ticker": "KXHIGHMIA-24NOV11-B83.5",
            "count": 1495,
            "created_time": "2024-11-11T21:22:23.107083Z",
            "yes_price": 1,
            "no_price": 99,
            "taker_side": "no"
        },
        {
            "trade_id": "bb23eff2-9c38-48d4-98df-3e1504198f2a",
            "ticker": "KXHIGHMIA-24NOV11-B83.5",
            "count": 5,
            "created_time": "2024-11-11T21:17:34.449805Z",
            "yes_price": 1,
            "no_price": 99,
            "taker_side": "no"
        },
        {
            "trade_id": "c68d19da-33f1-46ab-b99c-ca393121441a",
            "ticker": "KXHIGHMIA-24NOV11-B83.5",
            "count": 233,
            "created_time": "2024-11-11T21:13:16.583088Z",
            "yes_price": 2,
            "no_price": 98,
            "taker_side": "yes"
        },
        {
            "trade_id": "cee7854c-20b3-4cd5-aae9-76d450a28216",
            "ticker": "KXHIGHMIA-24NOV11-B83.5",
            "count": 46,
            "created_time": "2024-11-11T21:06:36.254099Z",
            "yes_price": 2,
            "no_price": 98,
            "taker_side": "yes"
        },
        {
            "trade_id": "e6a4704a-b839-4545-a250-35f86c9ab6e9",
            "ticker": "KXHIGHMIA-24NOV11-B83.5",
            "count": 93,
            "created_time": "2024-11-11T21:04:19.388919Z",
            "yes_price": 2,
            "no_price": 98,
            "taker_side": "yes"
        },
        {
            "trade_id": "cecaf83c-a83a-4b4f-a016-ab8fc0e6776f",
            "ticker": "KXHIGHMIA-24NOV11-B83.5",
            "count": 208,
            "created_time": "2024-11-11T21:00:20.165037Z",
            "yes_price": 2,
            "no_price": 98,
            "taker_side": "yes"
        },
        {
            "trade_id": "57b1697d-8c06-420c-9901-32785c70a304",
            "ticker": "KXHIGHMIA-24NOV11-B83.5",
            "count": 400,
            "created_time": "2024-11-11T21:00:20.165037Z",
            "yes_price": 2,
            "no_price": 98,
            "taker_side": "yes"
        },
        {
            "trade_id": "b206d820-86e4-4ebf-af35-f18d8eabf8fb",
            "ticker": "KXHIGHMIA-24NOV11-B83.5",
            "count": 93,
            "created_time": "2024-11-11T20:50:25.559918Z",
            "yes_price": 2,
            "no_price": 98,
            "taker_side": "yes"
        },
        {
            "trade_id": "38b606e4-22d8-4207-b74e-931a40f0b725",
            "ticker": "KXHIGHMIA-24NOV11-B83.5",
            "count": 46,
            "created_time": "2024-11-11T20:47:50.076424Z",
            "yes_price": 2,
            "no_price": 98,
            "taker_side": "yes"
        },
        {
            "trade_id": "dd8cb6cb-5053-40b7-a61b-08411f87e6f4",
            "ticker": "KXHIGHMIA-24NOV11-B83.5",
            "count": 46,
            "created_time": "2024-11-11T20:29:58.398175Z",
            "yes_price": 2,
            "no_price": 98,
            "taker_side": "yes"
        },
        {
            "trade_id": "3c484007-d15a-4234-b35f-729b042ff7b0",
            "ticker": "KXHIGHMIA-24NOV11-B83.5",
            "count": 467,
            "created_time": "2024-11-11T20:07:03.863467Z",
            "yes_price": 2,
            "no_price": 98,
            "taker_side": "yes"
        },
        {
            "trade_id": "596de82c-fc0a-42ab-aa07-688d2991f48b",
            "ticker": "KXHIGHMIA-24NOV11-B83.5",
            "count": 1,
            "created_time": "2024-11-11T20:03:37.996495Z",
            "yes_price": 2,
            "no_price": 98,
            "taker_side": "yes"
        },
        {
            "trade_id": "eec13e61-afb3-48ff-8933-ee8f04683874",
            "ticker": "KXHIGHMIA-24NOV11-B83.5",
            "count": 208,
            "created_time": "2024-11-11T19:44:36.864529Z",
            "yes_price": 2,
            "no_price": 98,
            "taker_side": "yes"
        },
        {
            "trade_id": "917e2d73-2eb3-42c1-b246-36aa56c8f117",
            "ticker": "KXHIGHMIA-24NOV11-B83.5",
            "count": 419,
            "created_time": "2024-11-11T19:44:36.864529Z",
            "yes_price": 1,
            "no_price": 99,
            "taker_side": "yes"
        },
        {
            "trade_id": "5a6b4e95-762c-42e3-8f53-e52a42a73301",
            "ticker": "KXHIGHMIA-24NOV11-B83.5",
            "count": 100,
            "created_time": "2024-11-11T19:44:36.864529Z",
            "yes_price": 2,
            "no_price": 98,
            "taker_side": "yes"
        },
        {
            "trade_id": "3ae367e2-138a-4bf5-9eb3-9796f3fb1e44",
            "ticker": "KXHIGHMIA-24NOV11-B83.5",
            "count": 2808,
            "created_time": "2024-11-11T19:44:36.864529Z",
            "yes_price": 2,
            "no_price": 98,
            "taker_side": "yes"
        },
        {
            "trade_id": "32568f9c-ca50-4890-a93f-def7aeefa939",
            "ticker": "KXHIGHMIA-24NOV11-B83.5",
            "count": 1352,
            "created_time": "2024-11-11T19:44:36.864529Z",
            "yes_price": 2,
            "no_price": 98,
            "taker_side": "yes"
        },
        {
            "trade_id": "38cf960b-8d43-4be1-a544-9d214da6129b",
            "ticker": "KXHIGHMIA-24NOV11-B83.5",
            "count": 192,
            "created_time": "2024-11-11T19:41:38.925766Z",
            "yes_price": 2,
            "no_price": 98,
            "taker_side": "yes"
        },
        {
            "trade_id": "32400625-5e15-42fa-87dd-cadc7261174c",
            "ticker": "KXHIGHMIA-24NOV11-B83.5",
            "count": 54,
            "created_time": "2024-11-11T19:41:38.925766Z",
            "yes_price": 2,
            "no_price": 98,
            "taker_side": "yes"
        },
        {
            "trade_id": "9e0a673e-9574-4b74-b6d3-f556ccfab9b4",
            "ticker": "KXHIGHMIA-24NOV11-B83.5",
            "count": 46,
            "created_time": "2024-11-11T19:28:15.814275Z",
            "yes_price": 2,
            "no_price": 98,
            "taker_side": "yes"
        },
        {
            "trade_id": "80e8dba5-56f2-497a-a101-6d7bf599d041",
            "ticker": "KXHIGHMIA-24NOV11-B83.5",
            "count": 75,
            "created_time": "2024-11-11T18:49:38.284474Z",
            "yes_price": 1,
            "no_price": 99,
            "taker_side": "yes"
        },
        {
            "trade_id": "305ff669-d0bd-4e01-b57b-b0a4e5cb95d0",
            "ticker": "KXHIGHMIA-24NOV11-B83.5",
            "count": 108,
            "created_time": "2024-11-11T18:38:13.395355Z",
            "yes_price": 1,
            "no_price": 99,
            "taker_side": "no"
        },
        {
            "trade_id": "86b34c26-d864-447b-8674-109a2a9fe3d1",
            "ticker": "KXHIGHMIA-24NOV11-B83.5",
            "count": 100,
            "created_time": "2024-11-11T18:37:04.907329Z",
            "yes_price": 1,
            "no_price": 99,
            "taker_side": "yes"
        },
        {
            "trade_id": "8854179c-e54e-4c03-b112-49be2f0e3905",
            "ticker": "KXHIGHMIA-24NOV11-B83.5",
            "count": 106,
            "created_time": "2024-11-11T18:33:33.582443Z",
            "yes_price": 2,
            "no_price": 98,
            "taker_side": "yes"
        },
        {
            "trade_id": "207828b2-7ef6-4bc7-babf-2f8835e23873",
            "ticker": "KXHIGHMIA-24NOV11-B83.5",
            "count": 241,
            "created_time": "2024-11-11T18:33:33.582443Z",
            "yes_price": 3,
            "no_price": 97,
            "taker_side": "yes"
        },
        {
            "trade_id": "fd64d357-93e9-4451-9606-28310e023f92",
            "ticker": "KXHIGHMIA-24NOV11-B83.5",
            "count": 100,
            "created_time": "2024-11-11T18:31:15.505388Z",
            "yes_price": 1,
            "no_price": 99,
            "taker_side": "yes"
        },
        {
            "trade_id": "e52c62a9-6e1c-44b3-bcfd-4c5e6c558608",
            "ticker": "KXHIGHMIA-24NOV11-B83.5",
            "count": 110,
            "created_time": "2024-11-11T18:31:15.505388Z",
            "yes_price": 2,
            "no_price": 98,
            "taker_side": "yes"
        },
        {
            "trade_id": "daf30a06-9e86-4c85-8859-4c6b732aeb8c",
            "ticker": "KXHIGHMIA-24NOV11-B83.5",
            "count": 100,
            "created_time": "2024-11-11T18:31:15.505388Z",
            "yes_price": 2,
            "no_price": 98,
            "taker_side": "yes"
        },
        {
            "trade_id": "c6b6dbf1-8539-4944-aa58-50c372eb28fc",
            "ticker": "KXHIGHMIA-24NOV11-B83.5",
            "count": 200,
            "created_time": "2024-11-11T18:31:15.505388Z",
            "yes_price": 3,
            "no_price": 97,
            "taker_side": "yes"
        },
        {
            "trade_id": "b11e397a-bf4c-43e0-a092-41a4721d1428",
            "ticker": "KXHIGHMIA-24NOV11-B83.5",
            "count": 366,
            "created_time": "2024-11-11T18:31:15.505388Z",
            "yes_price": 3,
            "no_price": 97,
            "taker_side": "yes"
        },
        {
            "trade_id": "ad97a7eb-6bcb-4cca-a5d0-f4b645801485",
            "ticker": "KXHIGHMIA-24NOV11-B83.5",
            "count": 200,
            "created_time": "2024-11-11T18:31:15.505388Z",
            "yes_price": 1,
            "no_price": 99,
            "taker_side": "yes"
        },
        {
            "trade_id": "a1f82724-3aaa-4f11-ba35-c09a8923d1a4",
            "ticker": "KXHIGHMIA-24NOV11-B83.5",
            "count": 422,
            "created_time": "2024-11-11T18:31:15.505388Z",
            "yes_price": 1,
            "no_price": 99,
            "taker_side": "yes"
        },
        {
            "trade_id": "9e76914e-6022-4c2a-b682-bbe1ff89646c",
            "ticker": "KXHIGHMIA-24NOV11-B83.5",
            "count": 300,
            "created_time": "2024-11-11T18:31:15.505388Z",
            "yes_price": 3,
            "no_price": 97,
            "taker_side": "yes"
        },
        {
            "trade_id": "808bb27e-f227-42ab-8152-b6494fd18dc2",
            "ticker": "KXHIGHMIA-24NOV11-B83.5",
            "count": 5,
            "created_time": "2024-11-11T18:31:15.505388Z",
            "yes_price": 1,
            "no_price": 99,
            "taker_side": "yes"
        },
        {
            "trade_id": "76375ae1-a902-4396-a8b1-07aabb214003",
            "ticker": "KXHIGHMIA-24NOV11-B83.5",
            "count": 3047,
            "created_time": "2024-11-11T18:31:15.505388Z",
            "yes_price": 1,
            "no_price": 99,
            "taker_side": "yes"
        },
        {
            "trade_id": "6dc9be7d-591f-4cb5-893a-96dd214f431b",
            "ticker": "KXHIGHMIA-24NOV11-B83.5",
            "count": 117,
            "created_time": "2024-11-11T18:31:15.505388Z",
            "yes_price": 3,
            "no_price": 97,
            "taker_side": "yes"
        },
        {
            "trade_id": "677a6293-9af0-4f47-861e-fc4ebd3ad6e4",
            "ticker": "KXHIGHMIA-24NOV11-B83.5",
            "count": 200,
            "created_time": "2024-11-11T18:31:15.505388Z",
            "yes_price": 1,
            "no_price": 99,
            "taker_side": "yes"
        },
        {
            "trade_id": "5a6940e5-d3de-4108-b725-fceda551d1f6",
            "ticker": "KXHIGHMIA-24NOV11-B83.5",
            "count": 404,
            "created_time": "2024-11-11T18:31:15.505388Z",
            "yes_price": 1,
            "no_price": 99,
            "taker_side": "yes"
        },
        {
            "trade_id": "2310343f-7e4d-482a-9e2d-bcf2c3dda38e",
            "ticker": "KXHIGHMIA-24NOV11-B83.5",
            "count": 100,
            "created_time": "2024-11-11T18:31:15.505388Z",
            "yes_price": 1,
            "no_price": 99,
            "taker_side": "yes"
        },
        {
            "trade_id": "1a5ff8a4-3ace-42a9-8008-1f53d57a14dc",
            "ticker": "KXHIGHMIA-24NOV11-B83.5",
            "count": 1500,
            "created_time": "2024-11-11T18:31:15.505388Z",
            "yes_price": 1,
            "no_price": 99,
            "taker_side": "yes"
        },
        {
            "trade_id": "6b8e4189-6aa6-4920-8aea-0638d425cbf3",
            "ticker": "KXHIGHMIA-24NOV11-B83.5",
            "count": 500,
            "created_time": "2024-11-11T18:30:30.028539Z",
            "yes_price": 1,
            "no_price": 99,
            "taker_side": "yes"
        },
        {
            "trade_id": "d8b4a96b-800c-4c4b-9e2d-b1cfeed6fd32",
            "ticker": "KXHIGHMIA-24NOV11-B83.5",
            "count": 6546,
            "created_time": "2024-11-11T18:19:33.323506Z",
            "yes_price": 1,
            "no_price": 99,
            "taker_side": "yes"
        },
        {
            "trade_id": "055fc118-298a-41cf-9093-13db5eceb05d",
            "ticker": "KXHIGHMIA-24NOV11-B83.5",
            "count": 935,
            "created_time": "2024-11-11T18:17:21.505294Z",
            "yes_price": 1,
            "no_price": 99,
            "taker_side": "yes"
        },
        {
            "trade_id": "aedd20d4-8996-458a-ac21-4938c19362eb",
            "ticker": "KXHIGHMIA-24NOV11-B83.5",
            "count": 4,
            "created_time": "2024-11-11T18:14:57.629662Z",
            "yes_price": 1,
            "no_price": 99,
            "taker_side": "yes"
        },
        {
            "trade_id": "f0a11617-f8b1-4f2e-a8e9-fb9a1aca1ff0",
            "ticker": "KXHIGHMIA-24NOV11-B83.5",
            "count": 467,
            "created_time": "2024-11-11T18:01:24.982736Z",
            "yes_price": 1,
            "no_price": 99,
            "taker_side": "yes"
        },
        {
            "trade_id": "06795412-f941-40a5-9e62-77718cd3dd92",
            "ticker": "KXHIGHMIA-24NOV11-B83.5",
            "count": 9351,
            "created_time": "2024-11-11T17:55:55.038057Z",
            "yes_price": 1,
            "no_price": 99,
            "taker_side": "yes"
        },
        {
            "trade_id": "6c04debe-6ff2-4df9-8625-72300022b03f",
            "ticker": "KXHIGHMIA-24NOV11-B83.5",
            "count": 481,
            "created_time": "2024-11-11T17:45:15.989438Z",
            "yes_price": 1,
            "no_price": 99,
            "taker_side": "yes"
        },
        {
            "trade_id": "47eea3ed-c1b2-47ba-81e1-7cc2b9fb2c63",
            "ticker": "KXHIGHMIA-24NOV11-B83.5",
            "count": 93,
            "created_time": "2024-11-11T16:42:49.507441Z",
            "yes_price": 1,
            "no_price": 99,
            "taker_side": "yes"
        },
        {
            "trade_id": "2a5f0cec-e188-4a0e-b40c-43ad78a8c306",
            "ticker": "KXHIGHMIA-24NOV11-B83.5",
            "count": 80,
            "created_time": "2024-11-11T15:55:58.399135Z",
            "yes_price": 1,
            "no_price": 99,
            "taker_side": "yes"
        },
        {
            "trade_id": "d0124a5e-7792-4a81-aa12-1267ad925bf3",
            "ticker": "KXHIGHMIA-24NOV11-B83.5",
            "count": 69,
            "created_time": "2024-11-11T15:55:38.279282Z",
            "yes_price": 1,
            "no_price": 99,
            "taker_side": "no"
        },
        {
            "trade_id": "c7e56233-0124-4b08-803d-04f43ab34667",
            "ticker": "KXHIGHMIA-24NOV11-B83.5",
            "count": 66,
            "created_time": "2024-11-11T15:55:38.279282Z",
            "yes_price": 1,
            "no_price": 99,
            "taker_side": "no"
        },
        {
            "trade_id": "c417b19e-6d27-4e62-9712-88fec0905c9b",
            "ticker": "KXHIGHMIA-24NOV11-B83.5",
            "count": 69,
            "created_time": "2024-11-11T15:55:38.279282Z",
            "yes_price": 1,
            "no_price": 99,
            "taker_side": "no"
        },
        {
            "trade_id": "b618b92d-aa2e-4898-8061-672b5550edaa",
            "ticker": "KXHIGHMIA-24NOV11-B83.5",
            "count": 2084,
            "created_time": "2024-11-11T15:55:38.279282Z",
            "yes_price": 2,
            "no_price": 98,
            "taker_side": "no"
        },
        {
            "trade_id": "87f433ca-d5ce-47f9-8ec2-8ffe99b0e512",
            "ticker": "KXHIGHMIA-24NOV11-B83.5",
            "count": 70,
            "created_time": "2024-11-11T15:55:38.279282Z",
            "yes_price": 1,
            "no_price": 99,
            "taker_side": "no"
        },
        {
            "trade_id": "0e70759d-df23-4295-a29f-a34c79122491",
            "ticker": "KXHIGHMIA-24NOV11-B83.5",
            "count": 120,
            "created_time": "2024-11-11T15:55:38.279282Z",
            "yes_price": 1,
            "no_price": 99,
            "taker_side": "no"
        },
        {
            "trade_id": "09acef23-d736-42b0-9dbd-4db57052b5f0",
            "ticker": "KXHIGHMIA-24NOV11-B83.5",
            "count": 70,
            "created_time": "2024-11-11T15:55:38.279282Z",
            "yes_price": 1,
            "no_price": 99,
            "taker_side": "no"
        },
        {
            "trade_id": "01d0e02a-0f1e-49c2-bf70-17a9813a66cc",
            "ticker": "KXHIGHMIA-24NOV11-B83.5",
            "count": 80,
            "created_time": "2024-11-11T15:55:38.279282Z",
            "yes_price": 1,
            "no_price": 99,
            "taker_side": "no"
        },
        {
            "trade_id": "c23b3253-326d-402a-ba78-e34a22e8dc15",
            "ticker": "KXHIGHMIA-24NOV11-B83.5",
            "count": 100,
            "created_time": "2024-11-11T15:50:49.433714Z",
            "yes_price": 5,
            "no_price": 95,
            "taker_side": "yes"
        },
        {
            "trade_id": "a432a164-fbe0-4c05-af8b-140e9e77e97f",
            "ticker": "KXHIGHMIA-24NOV11-B83.5",
            "count": 200,
            "created_time": "2024-11-11T15:50:49.433714Z",
            "yes_price": 3,
            "no_price": 97,
            "taker_side": "yes"
        },
        {
            "trade_id": "93b1d7f2-8973-4aee-94fb-dd942e4d280d",
            "ticker": "KXHIGHMIA-24NOV11-B83.5",
            "count": 58,
            "created_time": "2024-11-11T15:50:49.433714Z",
            "yes_price": 6,
            "no_price": 94,
            "taker_side": "yes"
        },
        {
            "trade_id": "3ca18a4a-f34e-4621-97ff-471a7eeca0bf",
            "ticker": "KXHIGHMIA-24NOV11-B83.5",
            "count": 100,
            "created_time": "2024-11-11T15:50:49.433714Z",
            "yes_price": 4,
            "no_price": 96,
            "taker_side": "yes"
        },
        {
            "trade_id": "1483804f-aa59-4679-88fd-6a29b380cd70",
            "ticker": "KXHIGHMIA-24NOV11-B83.5",
            "count": 21,
            "created_time": "2024-11-11T15:50:49.433714Z",
            "yes_price": 4,
            "no_price": 96,
            "taker_side": "yes"
        },
        {
            "trade_id": "13211412-b6aa-4d14-a48c-753785b597a7",
            "ticker": "KXHIGHMIA-24NOV11-B83.5",
            "count": 105,
            "created_time": "2024-11-11T15:50:49.433714Z",
            "yes_price": 3,
            "no_price": 97,
            "taker_side": "yes"
        },
        {
            "trade_id": "dde21240-251a-4c0e-89e0-9c550c51a179",
            "ticker": "KXHIGHMIA-24NOV11-B83.5",
            "count": 10,
            "created_time": "2024-11-11T15:12:16.081392Z",
            "yes_price": 2,
            "no_price": 98,
            "taker_side": "no"
        },
        {
            "trade_id": "7fd4412b-6445-47b1-9f1a-7f1e3452ca29",
            "ticker": "KXHIGHMIA-24NOV11-B83.5",
            "count": 6,
            "created_time": "2024-11-11T14:15:39.103845Z",
            "yes_price": 2,
            "no_price": 98,
            "taker_side": "no"
        },
        {
            "trade_id": "da71d1f1-d76f-495f-a66b-306a4f5bca20",
            "ticker": "KXHIGHMIA-24NOV11-B83.5",
            "count": 700,
            "created_time": "2024-11-11T14:11:33.073026Z",
            "yes_price": 2,
            "no_price": 98,
            "taker_side": "no"
        },
        {
            "trade_id": "c21e3e63-bb07-4516-9c0a-fcd2b32ba713",
            "ticker": "KXHIGHMIA-24NOV11-B83.5",
            "count": 200,
            "created_time": "2024-11-11T14:10:46.686462Z",
            "yes_price": 2,
            "no_price": 98,
            "taker_side": "no"
        },
        {
            "trade_id": "79c5d3e8-aa53-45ac-8993-5d1134fee245",
            "ticker": "KXHIGHMIA-24NOV11-B83.5",
            "count": 20,
            "created_time": "2024-11-11T14:03:21.814662Z",
            "yes_price": 4,
            "no_price": 96,
            "taker_side": "yes"
        },
        {
            "trade_id": "e2a15a06-4c48-4ac2-8f18-ac868c1aea1a",
            "ticker": "KXHIGHMIA-24NOV11-B83.5",
            "count": 77,
            "created_time": "2024-11-11T13:20:11.646767Z",
            "yes_price": 3,
            "no_price": 97,
            "taker_side": "yes"
        },
        {
            "trade_id": "88a36cc8-5bae-4325-a66b-7e1f7e1599b0",
            "ticker": "KXHIGHMIA-24NOV11-B83.5",
            "count": 59,
            "created_time": "2024-11-11T13:20:11.646767Z",
            "yes_price": 4,
            "no_price": 96,
            "taker_side": "yes"
        },
        {
            "trade_id": "27cee0db-c072-4fbd-8374-61a0644f7d65",
            "ticker": "KXHIGHMIA-24NOV11-B83.5",
            "count": 23,
            "created_time": "2024-11-11T13:11:00.611893Z",
            "yes_price": 3,
            "no_price": 97,
            "taker_side": "yes"
        },
        {
            "trade_id": "71392dea-ac4a-464c-ad9b-cdffbf3d0bac",
            "ticker": "KXHIGHMIA-24NOV11-B83.5",
            "count": 17,
            "created_time": "2024-11-11T13:07:48.422133Z",
            "yes_price": 3,
            "no_price": 97,
            "taker_side": "no"
        },
        {
            "trade_id": "b12e406e-66b8-434b-8d75-749f64ab171e",
            "ticker": "KXHIGHMIA-24NOV11-B83.5",
            "count": 133,
            "created_time": "2024-11-11T13:05:58.890559Z",
            "yes_price": 3,
            "no_price": 97,
            "taker_side": "no"
        },
        {
            "trade_id": "145282db-a9d0-405d-8c61-5660f3c3c7b2",
            "ticker": "KXHIGHMIA-24NOV11-B83.5",
            "count": 5,
            "created_time": "2024-11-11T13:05:42.395792Z",
            "yes_price": 3,
            "no_price": 97,
            "taker_side": "no"
        },
        {
            "trade_id": "ad230776-ca7f-477d-8977-35633ff99bdd",
            "ticker": "KXHIGHMIA-24NOV11-B83.5",
            "count": 63,
            "created_time": "2024-11-11T13:05:35.494684Z",
            "yes_price": 3,
            "no_price": 97,
            "taker_side": "no"
        },
        {
            "trade_id": "363b9f96-2eec-4214-93ac-e413516dd52a",
            "ticker": "KXHIGHMIA-24NOV11-B83.5",
            "count": 9,
            "created_time": "2024-11-11T13:05:32.19939Z",
            "yes_price": 3,
            "no_price": 97,
            "taker_side": "no"
        },
        {
            "trade_id": "8de4f6e2-dafa-4783-a1b5-12776a5a6fc7",
            "ticker": "KXHIGHMIA-24NOV11-B83.5",
            "count": 1,
            "created_time": "2024-11-11T13:05:08.632323Z",
            "yes_price": 3,
            "no_price": 97,
            "taker_side": "no"
        },
        {
            "trade_id": "bb1be264-ad5f-4354-9c05-5c387a782907",
            "ticker": "KXHIGHMIA-24NOV11-B83.5",
            "count": 98,
            "created_time": "2024-11-11T13:04:39.665142Z",
            "yes_price": 3,
            "no_price": 97,
            "taker_side": "no"
        },
        {
            "trade_id": "bc3671be-1de9-4df3-a962-d7fdbbdf84f2",
            "ticker": "KXHIGHMIA-24NOV11-B83.5",
            "count": 1,
            "created_time": "2024-11-11T13:04:24.22983Z",
            "yes_price": 3,
            "no_price": 97,
            "taker_side": "no"
        },
        {
            "trade_id": "92b69db9-43f6-4cfb-b0ac-77366afb36b2",
            "ticker": "KXHIGHMIA-24NOV11-B83.5",
            "count": 89,
            "created_time": "2024-11-11T13:03:37.310597Z",
            "yes_price": 3,
            "no_price": 97,
            "taker_side": "no"
        },
        {
            "trade_id": "4f2305ff-bec9-4f95-858e-83da666745e6",
            "ticker": "KXHIGHMIA-24NOV11-B83.5",
            "count": 3,
            "created_time": "2024-11-11T07:58:56.976326Z",
            "yes_price": 3,
            "no_price": 97,
            "taker_side": "no"
        },
        {
            "trade_id": "c23ac652-0046-4b0e-9544-64d477c7f17c",
            "ticker": "KXHIGHMIA-24NOV11-B83.5",
            "count": 9,
            "created_time": "2024-11-11T07:41:10.210054Z",
            "yes_price": 5,
            "no_price": 95,
            "taker_side": "no"
        },
        {
            "trade_id": "d619256a-c533-457a-b14b-d02ddb61107a",
            "ticker": "KXHIGHMIA-24NOV11-B83.5",
            "count": 9,
            "created_time": "2024-11-11T07:41:05.885487Z",
            "yes_price": 5,
            "no_price": 95,
            "taker_side": "no"
        },
        {
            "trade_id": "79000f55-be1d-4e82-980e-297073d4db3f",
            "ticker": "KXHIGHMIA-24NOV11-B83.5",
            "count": 5,
            "created_time": "2024-11-11T07:25:38.213564Z",
            "yes_price": 5,
            "no_price": 95,
            "taker_side": "no"
        },
        {
            "trade_id": "c7248ac4-20cb-49e7-a3de-8539089c4a21",
            "ticker": "KXHIGHMIA-24NOV11-B83.5",
            "count": 9,
            "created_time": "2024-11-11T07:18:18.693287Z",
            "yes_price": 6,
            "no_price": 94,
            "taker_side": "no"
        },
        {
            "trade_id": "e1d6d8b2-348f-48a7-b650-5a91529b469c",
            "ticker": "KXHIGHMIA-24NOV11-B83.5",
            "count": 9,
            "created_time": "2024-11-11T07:16:44.31166Z",
            "yes_price": 6,
            "no_price": 94,
            "taker_side": "no"
        },
        {
            "trade_id": "edd52f63-bb2d-4ff1-9ba6-241bc66fa501",
            "ticker": "KXHIGHMIA-24NOV11-B83.5",
            "count": 4,
            "created_time": "2024-11-11T06:48:29.652822Z",
            "yes_price": 6,
            "no_price": 94,
            "taker_side": "no"
        },
        {
            "trade_id": "f2050f49-0ce7-4eaf-bc71-c24d6b3b85f6",
            "ticker": "KXHIGHMIA-24NOV11-B83.5",
            "count": 13,
            "created_time": "2024-11-11T06:35:03.899788Z",
            "yes_price": 17,
            "no_price": 83,
            "taker_side": "yes"
        },
        {
            "trade_id": "7f9ea508-56b0-46ec-883b-7fd150cda2c4",
            "ticker": "KXHIGHMIA-24NOV11-B83.5",
            "count": 3,
            "created_time": "2024-11-11T06:35:03.899788Z",
            "yes_price": 18,
            "no_price": 82,
            "taker_side": "yes"
        },
        {
            "trade_id": "572413a7-06bb-4e4d-a9fb-25e7b28e659d",
            "ticker": "KXHIGHMIA-24NOV11-B83.5",
            "count": 13,
            "created_time": "2024-11-11T06:27:43.385261Z",
            "yes_price": 4,
            "no_price": 96,
            "taker_side": "no"
        },
        {
            "trade_id": "beeee038-1e8a-4cbb-b704-c976aed982bf",
            "ticker": "KXHIGHMIA-24NOV11-B83.5",
            "count": 7,
            "created_time": "2024-11-11T06:23:21.273228Z",
            "yes_price": 4,
            "no_price": 96,
            "taker_side": "no"
        },
        {
            "trade_id": "fc4c2e9f-1544-4f32-a013-0b6150cab42e",
            "ticker": "KXHIGHMIA-24NOV11-B83.5",
            "count": 3,
            "created_time": "2024-11-11T06:23:08.031485Z",
            "yes_price": 18,
            "no_price": 82,
            "taker_side": "yes"
        },
        {
            "trade_id": "faf8915c-2c9e-4ac5-94d4-52747273fe04",
            "ticker": "KXHIGHMIA-24NOV11-B83.5",
            "count": 7,
            "created_time": "2024-11-11T06:23:08.031485Z",
            "yes_price": 17,
            "no_price": 83,
            "taker_side": "yes"
        },
        {
            "trade_id": "daa57c37-393d-4327-9d55-e7f1f18dbde1",
            "ticker": "KXHIGHMIA-24NOV11-B83.5",
            "count": 5,
            "created_time": "2024-11-11T06:12:39.908867Z",
            "yes_price": 4,
            "no_price": 96,
            "taker_side": "no"
        },
        {
            "trade_id": "fe9c988c-f225-4c12-93d8-930179621286",
            "ticker": "KXHIGHMIA-24NOV11-B83.5",
            "count": 20,
            "created_time": "2024-11-11T06:12:04.262757Z",
            "yes_price": 4,
            "no_price": 96,
            "taker_side": "no"
        },
        {
            "trade_id": "52a2f2f1-5213-4a93-a579-abbf9fdaea91",
            "ticker": "KXHIGHMIA-24NOV11-B83.5",
            "count": 20,
            "created_time": "2024-11-11T05:55:05.114486Z",
            "yes_price": 4,
            "no_price": 96,
            "taker_side": "no"
        },
        {
            "trade_id": "8e3e310b-3488-4e49-a27a-ac1df530447b",
            "ticker": "KXHIGHMIA-24NOV11-B83.5",
            "count": 20,
            "created_time": "2024-11-11T05:54:20.81596Z",
            "yes_price": 4,
            "no_price": 96,
            "taker_side": "no"
        },
        {
            "trade_id": "2c648b7e-a44e-4a39-bcf7-2248ba79366b",
            "ticker": "KXHIGHMIA-24NOV11-B83.5",
            "count": 45,
            "created_time": "2024-11-11T05:47:23.258018Z",
            "yes_price": 16,
            "no_price": 84,
            "taker_side": "no"
        },
        {
            "trade_id": "35bf1eda-5774-4eca-a299-56468d9107f5",
            "ticker": "KXHIGHMIA-24NOV11-B83.5",
            "count": 30,
            "created_time": "2024-11-11T05:42:51.933598Z",
            "yes_price": 16,
            "no_price": 84,
            "taker_side": "no"
        },
        {
            "trade_id": "1706ccf9-7ce4-45d2-b384-a972e0a722b5",
            "ticker": "KXHIGHMIA-24NOV11-B83.5",
            "count": 117,
            "created_time": "2024-11-11T05:42:21.268879Z",
            "yes_price": 16,
            "no_price": 84,
            "taker_side": "no"
        },
        {
            "trade_id": "cd748b7e-3ec6-406c-a91b-a302452385b5",
            "ticker": "KXHIGHMIA-24NOV11-B83.5",
            "count": 23,
            "created_time": "2024-11-11T05:42:12.057369Z",
            "yes_price": 16,
            "no_price": 84,
            "taker_side": "no"
        },
        {
            "trade_id": "667cb7f9-704c-492b-a411-16a0b44d131c",
            "ticker": "KXHIGHMIA-24NOV11-B83.5",
            "count": 51,
            "created_time": "2024-11-11T05:20:47.689029Z",
            "yes_price": 16,
            "no_price": 84,
            "taker_side": "no"
        },
        {
            "trade_id": "c603bcd3-e7ad-4fd4-ae45-423790a81cd5",
            "ticker": "KXHIGHMIA-24NOV11-B83.5",
            "count": 1000,
            "created_time": "2024-11-11T05:18:39.39647Z",
            "yes_price": 16,
            "no_price": 84,
            "taker_side": "no"
        },
        {
            "trade_id": "747ef0db-4ae6-4db0-a87b-e5ff45c55d45",
            "ticker": "KXHIGHMIA-24NOV11-B83.5",
            "count": 1497,
            "created_time": "2024-11-11T05:16:51.307963Z",
            "yes_price": 16,
            "no_price": 84,
            "taker_side": "no"
        },
        {
            "trade_id": "16021f17-1f35-40f1-bf21-806efb6a95b9",
            "ticker": "KXHIGHMIA-24NOV11-B83.5",
            "count": 20,
            "created_time": "2024-11-11T05:11:27.509748Z",
            "yes_price": 16,
            "no_price": 84,
            "taker_side": "no"
        },
        {
            "trade_id": "911bc965-cb1f-41dc-833b-b0de06fb7ad9",
            "ticker": "KXHIGHMIA-24NOV11-B83.5",
            "count": 22,
            "created_time": "2024-11-11T05:11:27.186432Z",
            "yes_price": 16,
            "no_price": 84,
            "taker_side": "no"
        },
        {
            "trade_id": "5d6f831f-b2a0-42c5-a96d-51242c7dcf77",
            "ticker": "KXHIGHMIA-24NOV11-B83.5",
            "count": 50,
            "created_time": "2024-11-11T05:11:27.180474Z",
            "yes_price": 16,
            "no_price": 84,
            "taker_side": "no"
        },
        {
            "trade_id": "bb4f456b-f1cf-4758-8e51-f592aaa2e09c",
            "ticker": "KXHIGHMIA-24NOV11-B83.5",
            "count": 20,
            "created_time": "2024-11-11T05:04:29.982729Z",
            "yes_price": 16,
            "no_price": 84,
            "taker_side": "no"
        },
        {
            "trade_id": "96a76d3d-1697-4c27-a710-7dfa926a0159",
            "ticker": "KXHIGHMIA-24NOV11-B83.5",
            "count": 42,
            "created_time": "2024-11-11T05:04:29.827727Z",
            "yes_price": 16,
            "no_price": 84,
            "taker_side": "no"
        },
        {
            "trade_id": "c3604b2b-546d-4739-a3ae-a6eaa7819b2a",
            "ticker": "KXHIGHMIA-24NOV11-B83.5",
            "count": 58,
            "created_time": "2024-11-11T05:04:29.801971Z",
            "yes_price": 16,
            "no_price": 84,
            "taker_side": "no"
        },
        {
            "trade_id": "358e8358-cc61-4e55-8fda-0d36cbcfb6f9",
            "ticker": "KXHIGHMIA-24NOV11-B83.5",
            "count": 58,
            "created_time": "2024-11-11T05:04:29.698045Z",
            "yes_price": 16,
            "no_price": 84,
            "taker_side": "yes"
        },
        {
            "trade_id": "451df4bf-2cad-4f20-8589-06a1d609c96d",
            "ticker": "KXHIGHMIA-24NOV11-B83.5",
            "count": 12,
            "created_time": "2024-11-11T03:35:23.046582Z",
            "yes_price": 15,
            "no_price": 85,
            "taker_side": "yes"
        },
        {
            "trade_id": "b0a5407b-eb34-41a5-9668-5d2da2420e95",
            "ticker": "KXHIGHMIA-24NOV11-B83.5",
            "count": 500,
            "created_time": "2024-11-10T23:48:25.625531Z",
            "yes_price": 11,
            "no_price": 89,
            "taker_side": "yes"
        },
        {
            "trade_id": "8e2448e9-d10e-463a-b628-d4e692a514f4",
            "ticker": "KXHIGHMIA-24NOV11-B83.5",
            "count": 116,
            "created_time": "2024-11-10T23:48:25.625531Z",
            "yes_price": 19,
            "no_price": 81,
            "taker_side": "yes"
        },
        {
            "trade_id": "69027b37-cc46-4494-9b55-f95a5855b202",
            "ticker": "KXHIGHMIA-24NOV11-B83.5",
            "count": 8,
            "created_time": "2024-11-10T23:48:25.625531Z",
            "yes_price": 14,
            "no_price": 86,
            "taker_side": "yes"
        },
        {
            "trade_id": "4307689c-b7b3-407e-ae63-8d41a3dbcb48",
            "ticker": "KXHIGHMIA-24NOV11-B83.5",
            "count": 3,
            "created_time": "2024-11-10T23:48:25.625531Z",
            "yes_price": 11,
            "no_price": 89,
            "taker_side": "yes"
        },
        {
            "trade_id": "38f490f0-12e8-4d91-a6c6-b64231903f04",
            "ticker": "KXHIGHMIA-24NOV11-B83.5",
            "count": 8,
            "created_time": "2024-11-10T23:48:25.625531Z",
            "yes_price": 13,
            "no_price": 87,
            "taker_side": "yes"
        },
        {
            "trade_id": "0bc76542-c123-4085-87ac-59c10af7a480",
            "ticker": "KXHIGHMIA-24NOV11-B83.5",
            "count": 5,
            "created_time": "2024-11-10T23:48:25.625531Z",
            "yes_price": 9,
            "no_price": 91,
            "taker_side": "yes"
        },
        {
            "trade_id": "6d9b674c-c53f-4658-8526-7e4fee3601a0",
            "ticker": "KXHIGHMIA-24NOV11-B83.5",
            "count": 5,
            "created_time": "2024-11-10T23:08:30.759321Z",
            "yes_price": 2,
            "no_price": 98,
            "taker_side": "no"
        },
        {
            "trade_id": "3bfb5aa8-dca7-40be-8483-c7ae3656cc8b",
            "ticker": "KXHIGHMIA-24NOV11-B83.5",
            "count": 3,
            "created_time": "2024-11-10T18:50:11.54769Z",
            "yes_price": 5,
            "no_price": 95,
            "taker_side": "yes"
        }
    ],
    "KXHIGHMIA-24NOV11-B85.5": [
        {
            "trade_id": "de790916-2ad4-4c53-b047-ecd94806ce14",
            "ticker": "KXHIGHMIA-24NOV11-B85.5",
            "count": 935,
            "created_time": "2024-11-12T03:40:40.932096Z",
            "yes_price": 1,
            "no_price": 99,
            "taker_side": "yes"
        },
        {
            "trade_id": "639f5abf-bfc1-41a0-a2e8-423cea98c9c5",
            "ticker": "KXHIGHMIA-24NOV11-B85.5",
            "count": 1870,
            "created_time": "2024-11-12T02:45:24.119766Z",
            "yes_price": 1,
            "no_price": 99,
            "taker_side": "yes"
        },
        {
            "trade_id": "c1b969cf-0c86-468a-8aae-c21dee7bfc12",
            "ticker": "KXHIGHMIA-24NOV11-B85.5",
            "count": 935,
            "created_time": "2024-11-12T02:32:53.328436Z",
            "yes_price": 1,
            "no_price": 99,
            "taker_side": "yes"
        },
        {
            "trade_id": "9699db19-2d3a-49a8-a13d-9293649ca6ff",
            "ticker": "KXHIGHMIA-24NOV11-B85.5",
            "count": 93,
            "created_time": "2024-11-12T02:26:00.910021Z",
            "yes_price": 1,
            "no_price": 99,
            "taker_side": "yes"
        },
        {
            "trade_id": "c2512141-63dd-4aaa-8d70-4521e5ef2ea9",
            "ticker": "KXHIGHMIA-24NOV11-B85.5",
            "count": 93,
            "created_time": "2024-11-12T02:25:12.54383Z",
            "yes_price": 1,
            "no_price": 99,
            "taker_side": "yes"
        },
        {
            "trade_id": "834324ef-1026-4888-a522-6b2c55e70a3c",
            "ticker": "KXHIGHMIA-24NOV11-B85.5",
            "count": 93,
            "created_time": "2024-11-12T02:24:42.973914Z",
            "yes_price": 1,
            "no_price": 99,
            "taker_side": "yes"
        },
        {
            "trade_id": "0b8added-2c10-4624-bb1e-350878bd2094",
            "ticker": "KXHIGHMIA-24NOV11-B85.5",
            "count": 7,
            "created_time": "2024-11-12T02:17:04.669408Z",
            "yes_price": 2,
            "no_price": 98,
            "taker_side": "yes"
        },
        {
            "trade_id": "a2923e2f-56f2-4af3-bed0-e1cc6d77e144",
            "ticker": "KXHIGHMIA-24NOV11-B85.5",
            "count": 879,
            "created_time": "2024-11-12T02:13:28.743007Z",
            "yes_price": 1,
            "no_price": 99,
            "taker_side": "no"
        },
        {
            "trade_id": "c0155461-915a-4dfe-a28e-f9d18648ff8f",
            "ticker": "KXHIGHMIA-24NOV11-B85.5",
            "count": 76,
            "created_time": "2024-11-12T02:12:40.6577Z",
            "yes_price": 1,
            "no_price": 99,
            "taker_side": "no"
        },
        {
            "trade_id": "98fd2f0f-9107-48b5-811b-8786433f7651",
            "ticker": "KXHIGHMIA-24NOV11-B85.5",
            "count": 400,
            "created_time": "2024-11-12T02:07:51.285913Z",
            "yes_price": 2,
            "no_price": 98,
            "taker_side": "yes"
        },
        {
            "trade_id": "77ee938c-d0de-4218-b941-6042830bdadb",
            "ticker": "KXHIGHMIA-24NOV11-B85.5",
            "count": 498,
            "created_time": "2024-11-12T02:07:51.285913Z",
            "yes_price": 2,
            "no_price": 98,
            "taker_side": "yes"
        },
        {
            "trade_id": "23f8f1ef-b7e8-42c9-a54f-e32c8420cec4",
            "ticker": "KXHIGHMIA-24NOV11-B85.5",
            "count": 36,
            "created_time": "2024-11-12T02:07:51.285913Z",
            "yes_price": 2,
            "no_price": 98,
            "taker_side": "yes"
        },
        {
            "trade_id": "bdd594b6-1072-4857-81d3-fcaec03240c1",
            "ticker": "KXHIGHMIA-24NOV11-B85.5",
            "count": 36,
            "created_time": "2024-11-12T01:05:51.016317Z",
            "yes_price": 1,
            "no_price": 99,
            "taker_side": "yes"
        },
        {
            "trade_id": "99b72e24-01c4-42e8-9484-2196f0c03b7b",
            "ticker": "KXHIGHMIA-24NOV11-B85.5",
            "count": 64,
            "created_time": "2024-11-12T01:05:51.016317Z",
            "yes_price": 2,
            "no_price": 98,
            "taker_side": "yes"
        },
        {
            "trade_id": "82ca3e24-af69-446a-b078-a084344cfc51",
            "ticker": "KXHIGHMIA-24NOV11-B85.5",
            "count": 935,
            "created_time": "2024-11-12T00:06:27.571548Z",
            "yes_price": 2,
            "no_price": 98,
            "taker_side": "yes"
        },
        {
            "trade_id": "ff58db24-f591-44be-bb6b-ba33bd95221a",
            "ticker": "KXHIGHMIA-24NOV11-B85.5",
            "count": 20,
            "created_time": "2024-11-12T00:06:06.776242Z",
            "yes_price": 2,
            "no_price": 98,
            "taker_side": "yes"
        },
        {
            "trade_id": "d42e2a55-54ec-43dc-ba56-0c42d0e48a72",
            "ticker": "KXHIGHMIA-24NOV11-B85.5",
            "count": 73,
            "created_time": "2024-11-12T00:06:06.776242Z",
            "yes_price": 2,
            "no_price": 98,
            "taker_side": "yes"
        },
        {
            "trade_id": "e6b47994-928a-4333-b33a-e1a45c1191ad",
            "ticker": "KXHIGHMIA-24NOV11-B85.5",
            "count": 700,
            "created_time": "2024-11-11T23:44:41.355754Z",
            "yes_price": 2,
            "no_price": 98,
            "taker_side": "yes"
        },
        {
            "trade_id": "e16b54f1-9a70-4bbe-996b-171213bc612c",
            "ticker": "KXHIGHMIA-24NOV11-B85.5",
            "count": 100,
            "created_time": "2024-11-11T23:44:41.355754Z",
            "yes_price": 1,
            "no_price": 99,
            "taker_side": "yes"
        },
        {
            "trade_id": "d19f4981-97fe-4e96-8a8b-a4b738c72063",
            "ticker": "KXHIGHMIA-24NOV11-B85.5",
            "count": 1,
            "created_time": "2024-11-11T23:44:41.355754Z",
            "yes_price": 2,
            "no_price": 98,
            "taker_side": "yes"
        },
        {
            "trade_id": "c764ee83-0126-46bf-acd2-3b19840f7291",
            "ticker": "KXHIGHMIA-24NOV11-B85.5",
            "count": 127,
            "created_time": "2024-11-11T23:44:41.355754Z",
            "yes_price": 2,
            "no_price": 98,
            "taker_side": "yes"
        },
        {
            "trade_id": "b6161a2d-0529-4deb-a2fa-e114af856bfc",
            "ticker": "KXHIGHMIA-24NOV11-B85.5",
            "count": 160,
            "created_time": "2024-11-11T23:44:41.355754Z",
            "yes_price": 2,
            "no_price": 98,
            "taker_side": "yes"
        },
        {
            "trade_id": "8e125c5a-7db7-4eb1-81e0-8e795a5c120a",
            "ticker": "KXHIGHMIA-24NOV11-B85.5",
            "count": 100,
            "created_time": "2024-11-11T23:44:41.355754Z",
            "yes_price": 2,
            "no_price": 98,
            "taker_side": "yes"
        },
        {
            "trade_id": "0061c4c6-21d0-4d8c-8d21-805b2567ea80",
            "ticker": "KXHIGHMIA-24NOV11-B85.5",
            "count": 498,
            "created_time": "2024-11-11T23:44:41.355754Z",
            "yes_price": 2,
            "no_price": 98,
            "taker_side": "yes"
        },
        {
            "trade_id": "cdb9007e-9082-4cce-923b-df6ba62571dc",
            "ticker": "KXHIGHMIA-24NOV11-B85.5",
            "count": 9,
            "created_time": "2024-11-11T23:37:32.759486Z",
            "yes_price": 1,
            "no_price": 99,
            "taker_side": "yes"
        },
        {
            "trade_id": "91a5d97f-7249-4fbd-b672-b9d988603bc4",
            "ticker": "KXHIGHMIA-24NOV11-B85.5",
            "count": 376,
            "created_time": "2024-11-11T23:37:32.759486Z",
            "yes_price": 2,
            "no_price": 98,
            "taker_side": "yes"
        },
        {
            "trade_id": "4857f10f-7e9b-4dc5-a2da-63bc0a1b2ecd",
            "ticker": "KXHIGHMIA-24NOV11-B85.5",
            "count": 9,
            "created_time": "2024-11-11T23:37:32.759486Z",
            "yes_price": 1,
            "no_price": 99,
            "taker_side": "yes"
        },
        {
            "trade_id": "1929c78c-ea44-4ecf-8bae-a8c1d11a52a7",
            "ticker": "KXHIGHMIA-24NOV11-B85.5",
            "count": 1099,
            "created_time": "2024-11-11T23:37:32.759486Z",
            "yes_price": 1,
            "no_price": 99,
            "taker_side": "yes"
        },
        {
            "trade_id": "fa405d25-7345-475b-bb8d-4d9760ed90e3",
            "ticker": "KXHIGHMIA-24NOV11-B85.5",
            "count": 100,
            "created_time": "2024-11-11T23:26:39.254903Z",
            "yes_price": 1,
            "no_price": 99,
            "taker_side": "yes"
        },
        {
            "trade_id": "d685e5c4-6d65-4d85-94be-d15772c0fac4",
            "ticker": "KXHIGHMIA-24NOV11-B85.5",
            "count": 2000,
            "created_time": "2024-11-11T23:09:12.303198Z",
            "yes_price": 1,
            "no_price": 99,
            "taker_side": "yes"
        },
        {
            "trade_id": "a1c3a20a-985d-4704-af0d-17238cc5b439",
            "ticker": "KXHIGHMIA-24NOV11-B85.5",
            "count": 1,
            "created_time": "2024-11-11T23:09:12.303198Z",
            "yes_price": 1,
            "no_price": 99,
            "taker_side": "yes"
        },
        {
            "trade_id": "88e68bc5-97a2-4a19-9f12-4d489565594b",
            "ticker": "KXHIGHMIA-24NOV11-B85.5",
            "count": 140,
            "created_time": "2024-11-11T23:09:12.303198Z",
            "yes_price": 2,
            "no_price": 98,
            "taker_side": "yes"
        },
        {
            "trade_id": "3ae4fdee-9bc2-47cf-99e6-b3b3c9dbdb04",
            "ticker": "KXHIGHMIA-24NOV11-B85.5",
            "count": 1312,
            "created_time": "2024-11-11T23:09:12.303198Z",
            "yes_price": 1,
            "no_price": 99,
            "taker_side": "yes"
        },
        {
            "trade_id": "1295a584-b43a-4b65-aea3-a58e6e93bf8f",
            "ticker": "KXHIGHMIA-24NOV11-B85.5",
            "count": 540,
            "created_time": "2024-11-11T23:09:12.303198Z",
            "yes_price": 2,
            "no_price": 98,
            "taker_side": "yes"
        },
        {
            "trade_id": "7d34f2b1-752c-49d3-addb-85be644574c9",
            "ticker": "KXHIGHMIA-24NOV11-B85.5",
            "count": 100,
            "created_time": "2024-11-11T23:09:06.205211Z",
            "yes_price": 1,
            "no_price": 99,
            "taker_side": "yes"
        },
        {
            "trade_id": "47c334ce-7d65-48ed-ba05-af68141ca9bc",
            "ticker": "KXHIGHMIA-24NOV11-B85.5",
            "count": 187,
            "created_time": "2024-11-11T23:06:53.188469Z",
            "yes_price": 1,
            "no_price": 99,
            "taker_side": "yes"
        },
        {
            "trade_id": "913cdae6-784c-4eb4-ab6d-f00ff41f792e",
            "ticker": "KXHIGHMIA-24NOV11-B85.5",
            "count": 478,
            "created_time": "2024-11-11T23:01:06.438555Z",
            "yes_price": 1,
            "no_price": 99,
            "taker_side": "yes"
        },
        {
            "trade_id": "fb7e6d46-5a2d-412f-836d-051595ae158f",
            "ticker": "KXHIGHMIA-24NOV11-B85.5",
            "count": 3252,
            "created_time": "2024-11-11T22:42:13.424503Z",
            "yes_price": 1,
            "no_price": 99,
            "taker_side": "yes"
        },
        {
            "trade_id": "1d11db99-ca91-4ef4-9e45-1f0c0987bae4",
            "ticker": "KXHIGHMIA-24NOV11-B85.5",
            "count": 1423,
            "created_time": "2024-11-11T22:42:13.424503Z",
            "yes_price": 1,
            "no_price": 99,
            "taker_side": "yes"
        },
        {
            "trade_id": "decca55e-8208-48db-8c39-3418d996b0b7",
            "ticker": "KXHIGHMIA-24NOV11-B85.5",
            "count": 467,
            "created_time": "2024-11-11T22:28:43.900713Z",
            "yes_price": 1,
            "no_price": 99,
            "taker_side": "yes"
        },
        {
            "trade_id": "4798e89c-3f5b-40e3-9f05-eef15f4f674f",
            "ticker": "KXHIGHMIA-24NOV11-B85.5",
            "count": 93,
            "created_time": "2024-11-11T22:28:20.538191Z",
            "yes_price": 1,
            "no_price": 99,
            "taker_side": "yes"
        },
        {
            "trade_id": "4c9ddb9e-8067-4108-ab72-47a5abfe8a17",
            "ticker": "KXHIGHMIA-24NOV11-B85.5",
            "count": 2313,
            "created_time": "2024-11-11T22:27:40.699888Z",
            "yes_price": 1,
            "no_price": 99,
            "taker_side": "yes"
        },
        {
            "trade_id": "d226be54-dff5-4679-9bfc-bd8128a55ead",
            "ticker": "KXHIGHMIA-24NOV11-B85.5",
            "count": 742,
            "created_time": "2024-11-11T22:26:08.191023Z",
            "yes_price": 1,
            "no_price": 99,
            "taker_side": "yes"
        },
        {
            "trade_id": "7168c509-f5b1-4f4b-b38b-e2f0cb387d73",
            "ticker": "KXHIGHMIA-24NOV11-B85.5",
            "count": 2000,
            "created_time": "2024-11-11T22:26:08.191023Z",
            "yes_price": 1,
            "no_price": 99,
            "taker_side": "yes"
        },
        {
            "trade_id": "6c2018f6-3a34-43ff-a3cb-f05daae208e9",
            "ticker": "KXHIGHMIA-24NOV11-B85.5",
            "count": 875,
            "created_time": "2024-11-11T22:26:08.191023Z",
            "yes_price": 1,
            "no_price": 99,
            "taker_side": "yes"
        },
        {
            "trade_id": "e121da85-fd61-4943-9c65-6f08c715658f",
            "ticker": "KXHIGHMIA-24NOV11-B85.5",
            "count": 469,
            "created_time": "2024-11-11T22:13:49.569864Z",
            "yes_price": 1,
            "no_price": 99,
            "taker_side": "yes"
        },
        {
            "trade_id": "d57f981d-3594-40bc-94c2-7bfbb7731d05",
            "ticker": "KXHIGHMIA-24NOV11-B85.5",
            "count": 200,
            "created_time": "2024-11-11T22:13:49.569864Z",
            "yes_price": 1,
            "no_price": 99,
            "taker_side": "yes"
        },
        {
            "trade_id": "c0ec3b12-2f43-42d5-94a2-e510aa86ace9",
            "ticker": "KXHIGHMIA-24NOV11-B85.5",
            "count": 154,
            "created_time": "2024-11-11T22:13:49.569864Z",
            "yes_price": 1,
            "no_price": 99,
            "taker_side": "yes"
        },
        {
            "trade_id": "af2bd259-5071-4b53-b950-8b4438eee6b1",
            "ticker": "KXHIGHMIA-24NOV11-B85.5",
            "count": 10,
            "created_time": "2024-11-11T22:13:49.569864Z",
            "yes_price": 1,
            "no_price": 99,
            "taker_side": "yes"
        },
        {
            "trade_id": "574f7056-15bf-4576-9546-aa797fe57cc9",
            "ticker": "KXHIGHMIA-24NOV11-B85.5",
            "count": 101,
            "created_time": "2024-11-11T22:13:49.569864Z",
            "yes_price": 1,
            "no_price": 99,
            "taker_side": "yes"
        },
        {
            "trade_id": "fef6618a-7832-4c40-94a6-2b54d31f2d69",
            "ticker": "KXHIGHMIA-24NOV11-B85.5",
            "count": 450,
            "created_time": "2024-11-11T21:46:28.955622Z",
            "yes_price": 1,
            "no_price": 99,
            "taker_side": "yes"
        },
        {
            "trade_id": "c8ae74d0-87f9-49c9-ac66-370e49f46ef2",
            "ticker": "KXHIGHMIA-24NOV11-B85.5",
            "count": 4495,
            "created_time": "2024-11-11T21:46:28.955622Z",
            "yes_price": 1,
            "no_price": 99,
            "taker_side": "yes"
        },
        {
            "trade_id": "95e170d6-b774-4384-9ba2-cff3a87f8c6b",
            "ticker": "KXHIGHMIA-24NOV11-B85.5",
            "count": 1000,
            "created_time": "2024-11-11T21:46:28.955622Z",
            "yes_price": 2,
            "no_price": 98,
            "taker_side": "yes"
        },
        {
            "trade_id": "788775c4-9588-4525-b74a-7415973a5d4f",
            "ticker": "KXHIGHMIA-24NOV11-B85.5",
            "count": 648,
            "created_time": "2024-11-11T21:46:28.955622Z",
            "yes_price": 1,
            "no_price": 99,
            "taker_side": "yes"
        },
        {
            "trade_id": "74234c3f-e4d2-4674-ab42-e6a088c2e4c3",
            "ticker": "KXHIGHMIA-24NOV11-B85.5",
            "count": 190,
            "created_time": "2024-11-11T21:40:13.723912Z",
            "yes_price": 1,
            "no_price": 99,
            "taker_side": "yes"
        },
        {
            "trade_id": "f96592b4-7154-4ca0-bccc-5bd6c9558478",
            "ticker": "KXHIGHMIA-24NOV11-B85.5",
            "count": 162,
            "created_time": "2024-11-11T21:39:37.078425Z",
            "yes_price": 1,
            "no_price": 99,
            "taker_side": "yes"
        },
        {
            "trade_id": "5f96bb30-187e-4d9b-81d5-c75978ca82fa",
            "ticker": "KXHIGHMIA-24NOV11-B85.5",
            "count": 1200,
            "created_time": "2024-11-11T21:39:37.078425Z",
            "yes_price": 1,
            "no_price": 99,
            "taker_side": "yes"
        },
        {
            "trade_id": "1ebe550c-e825-494a-89cb-62a80a8f27f6",
            "ticker": "KXHIGHMIA-24NOV11-B85.5",
            "count": 600,
            "created_time": "2024-11-11T21:39:37.078425Z",
            "yes_price": 1,
            "no_price": 99,
            "taker_side": "yes"
        },
        {
            "trade_id": "8b9a2ae8-1c46-4bc5-8024-c62f757e2018",
            "ticker": "KXHIGHMIA-24NOV11-B85.5",
            "count": 100,
            "created_time": "2024-11-11T21:37:48.440297Z",
            "yes_price": 1,
            "no_price": 99,
            "taker_side": "yes"
        },
        {
            "trade_id": "9dddb351-d350-4d40-8266-c4d632e744d3",
            "ticker": "KXHIGHMIA-24NOV11-B85.5",
            "count": 5,
            "created_time": "2024-11-11T21:36:16.848107Z",
            "yes_price": 2,
            "no_price": 98,
            "taker_side": "yes"
        },
        {
            "trade_id": "f7b35772-f593-43a8-8b74-50b29ba46388",
            "ticker": "KXHIGHMIA-24NOV11-B85.5",
            "count": 100,
            "created_time": "2024-11-11T21:34:51.514187Z",
            "yes_price": 1,
            "no_price": 99,
            "taker_side": "no"
        },
        {
            "trade_id": "ebf0f5e2-1958-4853-a5bd-4ddf19da5897",
            "ticker": "KXHIGHMIA-24NOV11-B85.5",
            "count": 100,
            "created_time": "2024-11-11T21:34:51.514187Z",
            "yes_price": 1,
            "no_price": 99,
            "taker_side": "no"
        },
        {
            "trade_id": "ea59e240-53f4-47d0-905b-459c4ef3f197",
            "ticker": "KXHIGHMIA-24NOV11-B85.5",
            "count": 154,
            "created_time": "2024-11-11T21:34:51.514187Z",
            "yes_price": 1,
            "no_price": 99,
            "taker_side": "no"
        },
        {
            "trade_id": "dd262b9d-e926-4f44-987b-bb0ab2a2a810",
            "ticker": "KXHIGHMIA-24NOV11-B85.5",
            "count": 100,
            "created_time": "2024-11-11T21:34:51.514187Z",
            "yes_price": 1,
            "no_price": 99,
            "taker_side": "no"
        },
        {
            "trade_id": "da246d9d-1675-48cc-a3d1-4f9195303875",
            "ticker": "KXHIGHMIA-24NOV11-B85.5",
            "count": 100,
            "created_time": "2024-11-11T21:34:51.514187Z",
            "yes_price": 1,
            "no_price": 99,
            "taker_side": "no"
        },
        {
            "trade_id": "d3f68cf7-387a-4392-a426-f8de8838e939",
            "ticker": "KXHIGHMIA-24NOV11-B85.5",
            "count": 100,
            "created_time": "2024-11-11T21:34:51.514187Z",
            "yes_price": 1,
            "no_price": 99,
            "taker_side": "no"
        },
        {
            "trade_id": "cbdbf3cc-4874-46fc-b38f-baadd1ba8fff",
            "ticker": "KXHIGHMIA-24NOV11-B85.5",
            "count": 100,
            "created_time": "2024-11-11T21:34:51.514187Z",
            "yes_price": 1,
            "no_price": 99,
            "taker_side": "no"
        },
        {
            "trade_id": "c4ff4dd2-80f3-4590-8704-a87f81efcc81",
            "ticker": "KXHIGHMIA-24NOV11-B85.5",
            "count": 35,
            "created_time": "2024-11-11T21:34:51.514187Z",
            "yes_price": 1,
            "no_price": 99,
            "taker_side": "no"
        },
        {
            "trade_id": "bdb1588f-b0ee-4f73-8185-7f1e6b7d5291",
            "ticker": "KXHIGHMIA-24NOV11-B85.5",
            "count": 100,
            "created_time": "2024-11-11T21:34:51.514187Z",
            "yes_price": 1,
            "no_price": 99,
            "taker_side": "no"
        },
        {
            "trade_id": "995dd3d7-e5c8-42e1-a1d9-634b89b05571",
            "ticker": "KXHIGHMIA-24NOV11-B85.5",
            "count": 1000,
            "created_time": "2024-11-11T21:34:51.514187Z",
            "yes_price": 1,
            "no_price": 99,
            "taker_side": "no"
        },
        {
            "trade_id": "7478e02f-96c8-47f2-b749-46ec8e033761",
            "ticker": "KXHIGHMIA-24NOV11-B85.5",
            "count": 100,
            "created_time": "2024-11-11T21:34:51.514187Z",
            "yes_price": 1,
            "no_price": 99,
            "taker_side": "no"
        },
        {
            "trade_id": "68fc7596-9c2f-453d-b751-fd6ae0787713",
            "ticker": "KXHIGHMIA-24NOV11-B85.5",
            "count": 100,
            "created_time": "2024-11-11T21:34:51.514187Z",
            "yes_price": 1,
            "no_price": 99,
            "taker_side": "no"
        },
        {
            "trade_id": "63383c4c-91e2-46a7-9542-43ff97a2d8be",
            "ticker": "KXHIGHMIA-24NOV11-B85.5",
            "count": 100,
            "created_time": "2024-11-11T21:34:51.514187Z",
            "yes_price": 1,
            "no_price": 99,
            "taker_side": "no"
        },
        {
            "trade_id": "61d5b67e-ba1d-4644-8ea5-58631cdfcea6",
            "ticker": "KXHIGHMIA-24NOV11-B85.5",
            "count": 100,
            "created_time": "2024-11-11T21:34:51.514187Z",
            "yes_price": 1,
            "no_price": 99,
            "taker_side": "no"
        },
        {
            "trade_id": "58b10e98-ea2f-42b5-a39c-dce99048577d",
            "ticker": "KXHIGHMIA-24NOV11-B85.5",
            "count": 100,
            "created_time": "2024-11-11T21:34:51.514187Z",
            "yes_price": 1,
            "no_price": 99,
            "taker_side": "no"
        },
        {
            "trade_id": "4fcfed01-1534-4adf-a925-35621a403dc9",
            "ticker": "KXHIGHMIA-24NOV11-B85.5",
            "count": 100,
            "created_time": "2024-11-11T21:34:51.514187Z",
            "yes_price": 1,
            "no_price": 99,
            "taker_side": "no"
        },
        {
            "trade_id": "47b048dd-56dd-4ed8-b9d4-e810047dd7ca",
            "ticker": "KXHIGHMIA-24NOV11-B85.5",
            "count": 100,
            "created_time": "2024-11-11T21:34:51.514187Z",
            "yes_price": 1,
            "no_price": 99,
            "taker_side": "no"
        },
        {
            "trade_id": "40c2061f-cf76-4699-b92d-b94bb931380a",
            "ticker": "KXHIGHMIA-24NOV11-B85.5",
            "count": 100,
            "created_time": "2024-11-11T21:34:51.514187Z",
            "yes_price": 1,
            "no_price": 99,
            "taker_side": "no"
        },
        {
            "trade_id": "1f540b6d-19b8-4533-9e07-5e5c17296465",
            "ticker": "KXHIGHMIA-24NOV11-B85.5",
            "count": 100,
            "created_time": "2024-11-11T21:34:51.514187Z",
            "yes_price": 1,
            "no_price": 99,
            "taker_side": "no"
        },
        {
            "trade_id": "0661cf78-4be8-4e92-bb48-b53043b989b5",
            "ticker": "KXHIGHMIA-24NOV11-B85.5",
            "count": 100,
            "created_time": "2024-11-11T21:34:51.514187Z",
            "yes_price": 1,
            "no_price": 99,
            "taker_side": "no"
        },
        {
            "trade_id": "03f48308-6085-4e6a-bb5d-76b7e635405c",
            "ticker": "KXHIGHMIA-24NOV11-B85.5",
            "count": 100,
            "created_time": "2024-11-11T21:34:51.514187Z",
            "yes_price": 1,
            "no_price": 99,
            "taker_side": "no"
        },
        {
            "trade_id": "ab1a34dd-0f4c-4834-bf0d-209c4b302dd8",
            "ticker": "KXHIGHMIA-24NOV11-B85.5",
            "count": 708,
            "created_time": "2024-11-11T21:33:25.104748Z",
            "yes_price": 2,
            "no_price": 98,
            "taker_side": "no"
        },
        {
            "trade_id": "2289f9a1-943f-444b-a826-4e5a48d1bfe7",
            "ticker": "KXHIGHMIA-24NOV11-B85.5",
            "count": 100,
            "created_time": "2024-11-11T21:33:25.104748Z",
            "yes_price": 2,
            "no_price": 98,
            "taker_side": "no"
        },
        {
            "trade_id": "ec31bdec-803f-46a8-9ce0-b7d3c5314979",
            "ticker": "KXHIGHMIA-24NOV11-B85.5",
            "count": 1292,
            "created_time": "2024-11-11T21:32:54.669134Z",
            "yes_price": 2,
            "no_price": 98,
            "taker_side": "no"
        },
        {
            "trade_id": "dc97bbfb-42da-4265-b2c5-79a3d7329466",
            "ticker": "KXHIGHMIA-24NOV11-B85.5",
            "count": 335,
            "created_time": "2024-11-11T21:32:54.669134Z",
            "yes_price": 2,
            "no_price": 98,
            "taker_side": "no"
        },
        {
            "trade_id": "257a8369-778a-44bb-8497-19a9804d8e27",
            "ticker": "KXHIGHMIA-24NOV11-B85.5",
            "count": 1500,
            "created_time": "2024-11-11T21:32:52.474805Z",
            "yes_price": 2,
            "no_price": 98,
            "taker_side": "no"
        },
        {
            "trade_id": "b01664f6-7c9b-4442-9ed0-1d2dce2924f0",
            "ticker": "KXHIGHMIA-24NOV11-B85.5",
            "count": 1689,
            "created_time": "2024-11-11T21:32:41.845817Z",
            "yes_price": 2,
            "no_price": 98,
            "taker_side": "no"
        },
        {
            "trade_id": "fb1ed2f4-990d-4548-a53c-fb35a97d270b",
            "ticker": "KXHIGHMIA-24NOV11-B85.5",
            "count": 874,
            "created_time": "2024-11-11T21:32:26.539744Z",
            "yes_price": 2,
            "no_price": 98,
            "taker_side": "no"
        },
        {
            "trade_id": "343738ef-0dc4-4863-a48e-54165e5f8df3",
            "ticker": "KXHIGHMIA-24NOV11-B85.5",
            "count": 50,
            "created_time": "2024-11-11T21:32:24.690132Z",
            "yes_price": 3,
            "no_price": 97,
            "taker_side": "yes"
        },
        {
            "trade_id": "ad71bfaa-0422-4ea1-b69c-b2e9609e9c9c",
            "ticker": "KXHIGHMIA-24NOV11-B85.5",
            "count": 300,
            "created_time": "2024-11-11T21:32:18.639455Z",
            "yes_price": 2,
            "no_price": 98,
            "taker_side": "no"
        },
        {
            "trade_id": "1a0d3139-a27d-41f4-8524-635b6f073a52",
            "ticker": "KXHIGHMIA-24NOV11-B85.5",
            "count": 102,
            "created_time": "2024-11-11T21:32:07.904105Z",
            "yes_price": 2,
            "no_price": 98,
            "taker_side": "no"
        },
        {
            "trade_id": "509e35a0-12ce-433c-bbec-7546cd00eab5",
            "ticker": "KXHIGHMIA-24NOV11-B85.5",
            "count": 100,
            "created_time": "2024-11-11T21:31:39.020818Z",
            "yes_price": 2,
            "no_price": 98,
            "taker_side": "yes"
        },
        {
            "trade_id": "fbf454a7-8eb8-4fe9-9978-1573c352989d",
            "ticker": "KXHIGHMIA-24NOV11-B85.5",
            "count": 100,
            "created_time": "2024-11-11T21:30:08.029193Z",
            "yes_price": 1,
            "no_price": 99,
            "taker_side": "no"
        },
        {
            "trade_id": "f8c64d92-9d0a-404a-b7d8-d5c0d9ca1061",
            "ticker": "KXHIGHMIA-24NOV11-B85.5",
            "count": 100,
            "created_time": "2024-11-11T21:30:08.029193Z",
            "yes_price": 1,
            "no_price": 99,
            "taker_side": "no"
        },
        {
            "trade_id": "f666763b-2244-4572-b02d-2f01ebca3f50",
            "ticker": "KXHIGHMIA-24NOV11-B85.5",
            "count": 100,
            "created_time": "2024-11-11T21:30:08.029193Z",
            "yes_price": 1,
            "no_price": 99,
            "taker_side": "no"
        },
        {
            "trade_id": "d1842781-30fb-4d49-86be-024185a5e82e",
            "ticker": "KXHIGHMIA-24NOV11-B85.5",
            "count": 100,
            "created_time": "2024-11-11T21:30:08.029193Z",
            "yes_price": 1,
            "no_price": 99,
            "taker_side": "no"
        },
        {
            "trade_id": "c8ec5d1b-1b25-4041-9d65-6134331f6ac4",
            "ticker": "KXHIGHMIA-24NOV11-B85.5",
            "count": 100,
            "created_time": "2024-11-11T21:30:08.029193Z",
            "yes_price": 1,
            "no_price": 99,
            "taker_side": "no"
        },
        {
            "trade_id": "b9f4f915-e10f-4da8-b33e-43fc96b411db",
            "ticker": "KXHIGHMIA-24NOV11-B85.5",
            "count": 100,
            "created_time": "2024-11-11T21:30:08.029193Z",
            "yes_price": 1,
            "no_price": 99,
            "taker_side": "no"
        },
        {
            "trade_id": "a7c39bd3-dc98-4651-a032-3ed640a5c0e6",
            "ticker": "KXHIGHMIA-24NOV11-B85.5",
            "count": 100,
            "created_time": "2024-11-11T21:30:08.029193Z",
            "yes_price": 1,
            "no_price": 99,
            "taker_side": "no"
        },
        {
            "trade_id": "a011ec23-d0db-4fdf-b5de-c3b16e1080e6",
            "ticker": "KXHIGHMIA-24NOV11-B85.5",
            "count": 100,
            "created_time": "2024-11-11T21:30:08.029193Z",
            "yes_price": 1,
            "no_price": 99,
            "taker_side": "no"
        },
        {
            "trade_id": "9df3b38b-c233-4521-9d0b-9ea22bd739d2",
            "ticker": "KXHIGHMIA-24NOV11-B85.5",
            "count": 100,
            "created_time": "2024-11-11T21:30:08.029193Z",
            "yes_price": 1,
            "no_price": 99,
            "taker_side": "no"
        },
        {
            "trade_id": "8703f587-0ae1-486d-ae01-c2d97f69007c",
            "ticker": "KXHIGHMIA-24NOV11-B85.5",
            "count": 100,
            "created_time": "2024-11-11T21:30:08.029193Z",
            "yes_price": 1,
            "no_price": 99,
            "taker_side": "no"
        },
        {
            "trade_id": "7f5ed59a-c24e-4495-bc62-610b21e9c054",
            "ticker": "KXHIGHMIA-24NOV11-B85.5",
            "count": 100,
            "created_time": "2024-11-11T21:30:08.029193Z",
            "yes_price": 1,
            "no_price": 99,
            "taker_side": "no"
        },
        {
            "trade_id": "53e03b06-ba02-4da7-9072-8c4fbbcf032a",
            "ticker": "KXHIGHMIA-24NOV11-B85.5",
            "count": 100,
            "created_time": "2024-11-11T21:30:08.029193Z",
            "yes_price": 1,
            "no_price": 99,
            "taker_side": "no"
        },
        {
            "trade_id": "4c284d4c-f9c6-48bc-887b-bb1dce0f00dc",
            "ticker": "KXHIGHMIA-24NOV11-B85.5",
            "count": 100,
            "created_time": "2024-11-11T21:30:08.029193Z",
            "yes_price": 1,
            "no_price": 99,
            "taker_side": "no"
        },
        {
            "trade_id": "403e6ad3-98e1-40ab-b349-6f268e77cb04",
            "ticker": "KXHIGHMIA-24NOV11-B85.5",
            "count": 35,
            "created_time": "2024-11-11T21:30:08.029193Z",
            "yes_price": 1,
            "no_price": 99,
            "taker_side": "no"
        },
        {
            "trade_id": "39bc581d-9c5c-4867-b5ff-8ecbfed60d14",
            "ticker": "KXHIGHMIA-24NOV11-B85.5",
            "count": 65,
            "created_time": "2024-11-11T21:30:08.029193Z",
            "yes_price": 1,
            "no_price": 99,
            "taker_side": "no"
        },
        {
            "trade_id": "33146db5-bc63-470a-8079-91da47a1cfcc",
            "ticker": "KXHIGHMIA-24NOV11-B85.5",
            "count": 100,
            "created_time": "2024-11-11T21:30:08.029193Z",
            "yes_price": 1,
            "no_price": 99,
            "taker_side": "no"
        },
        {
            "trade_id": "3272d68b-e820-41c7-a17d-673091d05b8c",
            "ticker": "KXHIGHMIA-24NOV11-B85.5",
            "count": 100,
            "created_time": "2024-11-11T21:30:08.029193Z",
            "yes_price": 1,
            "no_price": 99,
            "taker_side": "no"
        },
        {
            "trade_id": "2e555806-b241-410e-abed-11b9a8ed8aef",
            "ticker": "KXHIGHMIA-24NOV11-B85.5",
            "count": 100,
            "created_time": "2024-11-11T21:30:08.029193Z",
            "yes_price": 1,
            "no_price": 99,
            "taker_side": "no"
        },
        {
            "trade_id": "29599d5f-fe13-4909-8ae1-1d681fc1493f",
            "ticker": "KXHIGHMIA-24NOV11-B85.5",
            "count": 100,
            "created_time": "2024-11-11T21:30:08.029193Z",
            "yes_price": 1,
            "no_price": 99,
            "taker_side": "no"
        },
        {
            "trade_id": "19334b79-f364-4609-8f3d-1c8d0e792525",
            "ticker": "KXHIGHMIA-24NOV11-B85.5",
            "count": 100,
            "created_time": "2024-11-11T21:30:08.029193Z",
            "yes_price": 1,
            "no_price": 99,
            "taker_side": "no"
        },
        {
            "trade_id": "16c7e2a8-f72c-490d-bc9a-7b5b305bb21d",
            "ticker": "KXHIGHMIA-24NOV11-B85.5",
            "count": 100,
            "created_time": "2024-11-11T21:30:08.029193Z",
            "yes_price": 1,
            "no_price": 99,
            "taker_side": "no"
        },
        {
            "trade_id": "bddda020-90b0-4ad9-a4e0-151109100c8d",
            "ticker": "KXHIGHMIA-24NOV11-B85.5",
            "count": 3,
            "created_time": "2024-11-11T21:29:29.044773Z",
            "yes_price": 1,
            "no_price": 99,
            "taker_side": "no"
        },
        {
            "trade_id": "5707cf61-3996-482c-b7b4-94f0254c09b7",
            "ticker": "KXHIGHMIA-24NOV11-B85.5",
            "count": 65,
            "created_time": "2024-11-11T21:29:29.044773Z",
            "yes_price": 1,
            "no_price": 99,
            "taker_side": "no"
        },
        {
            "trade_id": "34a3bd92-55d7-4ca3-9672-396dfa3ad9b2",
            "ticker": "KXHIGHMIA-24NOV11-B85.5",
            "count": 100,
            "created_time": "2024-11-11T21:29:29.044773Z",
            "yes_price": 1,
            "no_price": 99,
            "taker_side": "no"
        },
        {
            "trade_id": "e941649a-49b0-4616-993e-f373fb0c03e8",
            "ticker": "KXHIGHMIA-24NOV11-B85.5",
            "count": 97,
            "created_time": "2024-11-11T21:29:12.676549Z",
            "yes_price": 1,
            "no_price": 99,
            "taker_side": "no"
        },
        {
            "trade_id": "aea8bd47-aab1-4fdc-8ef2-b6b70fc84cc9",
            "ticker": "KXHIGHMIA-24NOV11-B85.5",
            "count": 451,
            "created_time": "2024-11-11T21:29:12.676549Z",
            "yes_price": 2,
            "no_price": 98,
            "taker_side": "no"
        },
        {
            "trade_id": "aa3b8eef-521b-49c7-b7ae-b229532bd764",
            "ticker": "KXHIGHMIA-24NOV11-B85.5",
            "count": 15,
            "created_time": "2024-11-11T21:29:12.676549Z",
            "yes_price": 1,
            "no_price": 99,
            "taker_side": "no"
        },
        {
            "trade_id": "9517a00a-c5e2-4c48-adfa-e9011b50a3cc",
            "ticker": "KXHIGHMIA-24NOV11-B85.5",
            "count": 20,
            "created_time": "2024-11-11T21:28:45.995108Z",
            "yes_price": 2,
            "no_price": 98,
            "taker_side": "no"
        },
        {
            "trade_id": "ac983d58-1077-4fd3-8f5f-e4fa8112b444",
            "ticker": "KXHIGHMIA-24NOV11-B85.5",
            "count": 400,
            "created_time": "2024-11-11T21:28:45.194301Z",
            "yes_price": 3,
            "no_price": 97,
            "taker_side": "yes"
        },
        {
            "trade_id": "7514509a-fd16-479a-8543-46c77d07f742",
            "ticker": "KXHIGHMIA-24NOV11-B85.5",
            "count": 100,
            "created_time": "2024-11-11T21:28:45.194301Z",
            "yes_price": 3,
            "no_price": 97,
            "taker_side": "yes"
        },
        {
            "trade_id": "5f008ffa-cb27-4b02-83f8-58d14868763f",
            "ticker": "KXHIGHMIA-24NOV11-B85.5",
            "count": 100,
            "created_time": "2024-11-11T21:28:45.194301Z",
            "yes_price": 3,
            "no_price": 97,
            "taker_side": "yes"
        },
        {
            "trade_id": "a4094997-8e5f-40f3-9549-269f5bbf220e",
            "ticker": "KXHIGHMIA-24NOV11-B85.5",
            "count": 100,
            "created_time": "2024-11-11T21:28:01.736887Z",
            "yes_price": 2,
            "no_price": 98,
            "taker_side": "yes"
        },
        {
            "trade_id": "9bded7b1-5c5f-41ab-b851-59882fba1fd2",
            "ticker": "KXHIGHMIA-24NOV11-B85.5",
            "count": 100,
            "created_time": "2024-11-11T21:28:01.736887Z",
            "yes_price": 2,
            "no_price": 98,
            "taker_side": "yes"
        },
        {
            "trade_id": "6c9044bb-dbe9-48f3-81de-0843513cffcf",
            "ticker": "KXHIGHMIA-24NOV11-B85.5",
            "count": 29,
            "created_time": "2024-11-11T21:28:01.736887Z",
            "yes_price": 2,
            "no_price": 98,
            "taker_side": "yes"
        },
        {
            "trade_id": "a751265f-b135-4413-83d0-77b16f82b958",
            "ticker": "KXHIGHMIA-24NOV11-B85.5",
            "count": 71,
            "created_time": "2024-11-11T21:27:59.488467Z",
            "yes_price": 2,
            "no_price": 98,
            "taker_side": "yes"
        },
        {
            "trade_id": "963f81db-42d4-497f-baaa-70be6710f6af",
            "ticker": "KXHIGHMIA-24NOV11-B85.5",
            "count": 100,
            "created_time": "2024-11-11T21:27:59.488467Z",
            "yes_price": 2,
            "no_price": 98,
            "taker_side": "yes"
        },
        {
            "trade_id": "62d3f40e-0930-45e6-8d9b-c5aa525f636d",
            "ticker": "KXHIGHMIA-24NOV11-B85.5",
            "count": 829,
            "created_time": "2024-11-11T21:27:59.488467Z",
            "yes_price": 2,
            "no_price": 98,
            "taker_side": "yes"
        },
        {
            "trade_id": "fc539819-4e6c-4629-88bb-5d293e58363d",
            "ticker": "KXHIGHMIA-24NOV11-B85.5",
            "count": 85,
            "created_time": "2024-11-11T21:27:49.653367Z",
            "yes_price": 1,
            "no_price": 99,
            "taker_side": "no"
        },
        {
            "trade_id": "472a9f66-4878-441e-8251-b00712d69399",
            "ticker": "KXHIGHMIA-24NOV11-B85.5",
            "count": 100,
            "created_time": "2024-11-11T21:27:49.653367Z",
            "yes_price": 1,
            "no_price": 99,
            "taker_side": "no"
        },
        {
            "trade_id": "0b776022-d70c-432c-af19-750ac8c8d498",
            "ticker": "KXHIGHMIA-24NOV11-B85.5",
            "count": 387,
            "created_time": "2024-11-11T21:27:39.599971Z",
            "yes_price": 1,
            "no_price": 99,
            "taker_side": "yes"
        },
        {
            "trade_id": "ffb857a7-dbf8-470f-8ffb-b776884ccd20",
            "ticker": "KXHIGHMIA-24NOV11-B85.5",
            "count": 100,
            "created_time": "2024-11-11T21:27:27.191058Z",
            "yes_price": 1,
            "no_price": 99,
            "taker_side": "no"
        },
        {
            "trade_id": "df56977a-f1f5-4e8d-b928-871e5a16d487",
            "ticker": "KXHIGHMIA-24NOV11-B85.5",
            "count": 100,
            "created_time": "2024-11-11T21:27:27.191058Z",
            "yes_price": 1,
            "no_price": 99,
            "taker_side": "no"
        },
        {
            "trade_id": "d6f5de38-16c2-4018-ad1f-be099aff6067",
            "ticker": "KXHIGHMIA-24NOV11-B85.5",
            "count": 100,
            "created_time": "2024-11-11T21:27:27.191058Z",
            "yes_price": 1,
            "no_price": 99,
            "taker_side": "no"
        },
        {
            "trade_id": "b0706dc6-ff0b-4b75-9293-8ec8dda419df",
            "ticker": "KXHIGHMIA-24NOV11-B85.5",
            "count": 100,
            "created_time": "2024-11-11T21:27:27.191058Z",
            "yes_price": 1,
            "no_price": 99,
            "taker_side": "no"
        },
        {
            "trade_id": "ae57569c-6544-48e9-a0b5-b181e2a07904",
            "ticker": "KXHIGHMIA-24NOV11-B85.5",
            "count": 100,
            "created_time": "2024-11-11T21:27:27.191058Z",
            "yes_price": 1,
            "no_price": 99,
            "taker_side": "no"
        },
        {
            "trade_id": "9a1398e2-99db-492b-8c13-f528366b44e8",
            "ticker": "KXHIGHMIA-24NOV11-B85.5",
            "count": 100,
            "created_time": "2024-11-11T21:27:27.191058Z",
            "yes_price": 1,
            "no_price": 99,
            "taker_side": "no"
        },
        {
            "trade_id": "94099c6f-6e61-4dca-86c6-4f617f1f2766",
            "ticker": "KXHIGHMIA-24NOV11-B85.5",
            "count": 100,
            "created_time": "2024-11-11T21:27:27.191058Z",
            "yes_price": 1,
            "no_price": 99,
            "taker_side": "no"
        },
        {
            "trade_id": "7a5799df-0fe5-476f-b0ea-220f503fe9c0",
            "ticker": "KXHIGHMIA-24NOV11-B85.5",
            "count": 100,
            "created_time": "2024-11-11T21:27:27.191058Z",
            "yes_price": 1,
            "no_price": 99,
            "taker_side": "no"
        },
        {
            "trade_id": "6ba0766c-53dc-4a23-9901-4001de00d26e",
            "ticker": "KXHIGHMIA-24NOV11-B85.5",
            "count": 100,
            "created_time": "2024-11-11T21:27:27.191058Z",
            "yes_price": 1,
            "no_price": 99,
            "taker_side": "no"
        },
        {
            "trade_id": "4ebd0fd2-b611-426c-b692-1d22aaad1258",
            "ticker": "KXHIGHMIA-24NOV11-B85.5",
            "count": 100,
            "created_time": "2024-11-11T21:27:27.191058Z",
            "yes_price": 1,
            "no_price": 99,
            "taker_side": "no"
        },
        {
            "trade_id": "47f8e704-3fc9-41a8-888a-06e8dbe0ffb1",
            "ticker": "KXHIGHMIA-24NOV11-B85.5",
            "count": 100,
            "created_time": "2024-11-11T21:27:27.191058Z",
            "yes_price": 1,
            "no_price": 99,
            "taker_side": "no"
        },
        {
            "trade_id": "3fe96a46-17d6-4250-b74c-db4b6e97593f",
            "ticker": "KXHIGHMIA-24NOV11-B85.5",
            "count": 100,
            "created_time": "2024-11-11T21:27:27.191058Z",
            "yes_price": 1,
            "no_price": 99,
            "taker_side": "no"
        },
        {
            "trade_id": "3b967020-6c40-4eff-9630-1fe4badd7a5d",
            "ticker": "KXHIGHMIA-24NOV11-B85.5",
            "count": 100,
            "created_time": "2024-11-11T21:27:27.191058Z",
            "yes_price": 1,
            "no_price": 99,
            "taker_side": "no"
        },
        {
            "trade_id": "36c76e07-b6e3-423b-9510-ee3cb573462b",
            "ticker": "KXHIGHMIA-24NOV11-B85.5",
            "count": 6,
            "created_time": "2024-11-11T21:27:27.191058Z",
            "yes_price": 1,
            "no_price": 99,
            "taker_side": "no"
        },
        {
            "trade_id": "c506f74e-8823-4114-8471-a02a0fd5e842",
            "ticker": "KXHIGHMIA-24NOV11-B85.5",
            "count": 78,
            "created_time": "2024-11-11T21:27:22.98364Z",
            "yes_price": 1,
            "no_price": 99,
            "taker_side": "no"
        },
        {
            "trade_id": "29e62f7b-5d99-4aa7-9c8b-f4fb48ac61ea",
            "ticker": "KXHIGHMIA-24NOV11-B85.5",
            "count": 507,
            "created_time": "2024-11-11T21:27:22.152095Z",
            "yes_price": 2,
            "no_price": 98,
            "taker_side": "yes"
        },
        {
            "trade_id": "e7e381db-2a5b-437d-99f2-972b5ac934f8",
            "ticker": "KXHIGHMIA-24NOV11-B85.5",
            "count": 92,
            "created_time": "2024-11-11T21:27:18.946486Z",
            "yes_price": 2,
            "no_price": 98,
            "taker_side": "yes"
        },
        {
            "trade_id": "a49a0679-eb26-4a5d-9200-906eef24094c",
            "ticker": "KXHIGHMIA-24NOV11-B85.5",
            "count": 8,
            "created_time": "2024-11-11T21:27:18.946486Z",
            "yes_price": 2,
            "no_price": 98,
            "taker_side": "yes"
        },
        {
            "trade_id": "16d9b7a8-9055-4493-902a-10617823620c",
            "ticker": "KXHIGHMIA-24NOV11-B85.5",
            "count": 46,
            "created_time": "2024-11-11T21:27:17.08768Z",
            "yes_price": 2,
            "no_price": 98,
            "taker_side": "yes"
        },
        {
            "trade_id": "fcca0f00-dfc8-495c-a549-368c52849fe9",
            "ticker": "KXHIGHMIA-24NOV11-B85.5",
            "count": 100,
            "created_time": "2024-11-11T21:27:03.582184Z",
            "yes_price": 1,
            "no_price": 99,
            "taker_side": "no"
        },
        {
            "trade_id": "f8f7de7e-c82f-4088-87b6-7037b06c7b20",
            "ticker": "KXHIGHMIA-24NOV11-B85.5",
            "count": 100,
            "created_time": "2024-11-11T21:27:03.582184Z",
            "yes_price": 1,
            "no_price": 99,
            "taker_side": "no"
        },
        {
            "trade_id": "cea12515-95f6-4205-a887-f354ed3225f6",
            "ticker": "KXHIGHMIA-24NOV11-B85.5",
            "count": 100,
            "created_time": "2024-11-11T21:27:03.582184Z",
            "yes_price": 1,
            "no_price": 99,
            "taker_side": "no"
        },
        {
            "trade_id": "6581331f-f2df-46cf-bbf3-8ba5f158fe22",
            "ticker": "KXHIGHMIA-24NOV11-B85.5",
            "count": 100,
            "created_time": "2024-11-11T21:27:03.582184Z",
            "yes_price": 1,
            "no_price": 99,
            "taker_side": "no"
        },
        {
            "trade_id": "64b53a27-c6fa-4578-be81-b5d5a1803fd8",
            "ticker": "KXHIGHMIA-24NOV11-B85.5",
            "count": 100,
            "created_time": "2024-11-11T21:27:03.582184Z",
            "yes_price": 1,
            "no_price": 99,
            "taker_side": "no"
        },
        {
            "trade_id": "58fcfc6b-6bb2-486e-bd90-b52838c85505",
            "ticker": "KXHIGHMIA-24NOV11-B85.5",
            "count": 100,
            "created_time": "2024-11-11T21:27:03.582184Z",
            "yes_price": 1,
            "no_price": 99,
            "taker_side": "no"
        },
        {
            "trade_id": "53e9b387-a098-4dab-99ca-c3bae32c407b",
            "ticker": "KXHIGHMIA-24NOV11-B85.5",
            "count": 100,
            "created_time": "2024-11-11T21:27:03.582184Z",
            "yes_price": 1,
            "no_price": 99,
            "taker_side": "no"
        },
        {
            "trade_id": "4951f918-9333-4f8d-afa6-a9baccceb090",
            "ticker": "KXHIGHMIA-24NOV11-B85.5",
            "count": 100,
            "created_time": "2024-11-11T21:27:03.582184Z",
            "yes_price": 1,
            "no_price": 99,
            "taker_side": "no"
        },
        {
            "trade_id": "2f79335f-f6d1-4a5f-8f42-acd4bf9722ec",
            "ticker": "KXHIGHMIA-24NOV11-B85.5",
            "count": 100,
            "created_time": "2024-11-11T21:27:03.582184Z",
            "yes_price": 1,
            "no_price": 99,
            "taker_side": "no"
        },
        {
            "trade_id": "286f8f69-7cfa-44fb-a70e-59034e1d5194",
            "ticker": "KXHIGHMIA-24NOV11-B85.5",
            "count": 27,
            "created_time": "2024-11-11T21:27:03.582184Z",
            "yes_price": 1,
            "no_price": 99,
            "taker_side": "no"
        },
        {
            "trade_id": "0c4f93b9-e36f-45f1-895b-cbbd6313b9c6",
            "ticker": "KXHIGHMIA-24NOV11-B85.5",
            "count": 16,
            "created_time": "2024-11-11T21:27:03.582184Z",
            "yes_price": 1,
            "no_price": 99,
            "taker_side": "no"
        },
        {
            "trade_id": "099f471a-2ae4-4c13-993d-b17a97d03b52",
            "ticker": "KXHIGHMIA-24NOV11-B85.5",
            "count": 100,
            "created_time": "2024-11-11T21:27:03.582184Z",
            "yes_price": 1,
            "no_price": 99,
            "taker_side": "no"
        },
        {
            "trade_id": "038ecd86-937d-475e-946b-3a4a90a8a229",
            "ticker": "KXHIGHMIA-24NOV11-B85.5",
            "count": 100,
            "created_time": "2024-11-11T21:27:03.582184Z",
            "yes_price": 1,
            "no_price": 99,
            "taker_side": "no"
        },
        {
            "trade_id": "0085c544-d759-45d8-953a-5fbb41e57d89",
            "ticker": "KXHIGHMIA-24NOV11-B85.5",
            "count": 100,
            "created_time": "2024-11-11T21:27:03.582184Z",
            "yes_price": 1,
            "no_price": 99,
            "taker_side": "no"
        },
        {
            "trade_id": "e9030193-aa99-4531-a4e5-c041736fd821",
            "ticker": "KXHIGHMIA-24NOV11-B85.5",
            "count": 73,
            "created_time": "2024-11-11T21:27:00.647435Z",
            "yes_price": 1,
            "no_price": 99,
            "taker_side": "no"
        },
        {
            "trade_id": "e53ef854-8a4f-4733-9074-904eac39008b",
            "ticker": "KXHIGHMIA-24NOV11-B85.5",
            "count": 100,
            "created_time": "2024-11-11T21:27:00.647435Z",
            "yes_price": 1,
            "no_price": 99,
            "taker_side": "no"
        },
        {
            "trade_id": "d959549d-c3aa-406d-b1a2-1ebc8b2c21e2",
            "ticker": "KXHIGHMIA-24NOV11-B85.5",
            "count": 100,
            "created_time": "2024-11-11T21:27:00.647435Z",
            "yes_price": 1,
            "no_price": 99,
            "taker_side": "no"
        },
        {
            "trade_id": "7cd8669b-74ff-4f58-9e6e-e746bb01c11c",
            "ticker": "KXHIGHMIA-24NOV11-B85.5",
            "count": 1000,
            "created_time": "2024-11-11T21:27:00.647435Z",
            "yes_price": 1,
            "no_price": 99,
            "taker_side": "no"
        },
        {
            "trade_id": "73dec6e4-c69f-4d05-8a04-fafa48c2679d",
            "ticker": "KXHIGHMIA-24NOV11-B85.5",
            "count": 100,
            "created_time": "2024-11-11T21:27:00.647435Z",
            "yes_price": 1,
            "no_price": 99,
            "taker_side": "no"
        },
        {
            "trade_id": "519c13ac-b4e0-440e-8a6e-fb5f943eeb82",
            "ticker": "KXHIGHMIA-24NOV11-B85.5",
            "count": 100,
            "created_time": "2024-11-11T21:27:00.647435Z",
            "yes_price": 1,
            "no_price": 99,
            "taker_side": "no"
        },
        {
            "trade_id": "4a37e6d6-6ef3-4ad8-b55b-54904fcdbded",
            "ticker": "KXHIGHMIA-24NOV11-B85.5",
            "count": 100,
            "created_time": "2024-11-11T21:27:00.647435Z",
            "yes_price": 1,
            "no_price": 99,
            "taker_side": "no"
        },
        {
            "trade_id": "02323869-ea55-40ea-8477-301d80ab0fa1",
            "ticker": "KXHIGHMIA-24NOV11-B85.5",
            "count": 180,
            "created_time": "2024-11-11T21:27:00.647435Z",
            "yes_price": 1,
            "no_price": 99,
            "taker_side": "no"
        },
        {
            "trade_id": "d5eb03d4-b164-4873-9e96-0a6ac591e7a6",
            "ticker": "KXHIGHMIA-24NOV11-B85.5",
            "count": 628,
            "created_time": "2024-11-11T21:26:49.525685Z",
            "yes_price": 1,
            "no_price": 99,
            "taker_side": "no"
        },
        {
            "trade_id": "b2c3acd6-c150-4159-ba24-102342811397",
            "ticker": "KXHIGHMIA-24NOV11-B85.5",
            "count": 100,
            "created_time": "2024-11-11T21:26:30.155197Z",
            "yes_price": 2,
            "no_price": 98,
            "taker_side": "no"
        },
        {
            "trade_id": "32a64743-1653-4332-b9bf-185178968edf",
            "ticker": "KXHIGHMIA-24NOV11-B85.5",
            "count": 147,
            "created_time": "2024-11-11T21:26:30.155197Z",
            "yes_price": 2,
            "no_price": 98,
            "taker_side": "no"
        },
        {
            "trade_id": "beaf37d3-5f52-4402-9dc8-940c931e5afc",
            "ticker": "KXHIGHMIA-24NOV11-B85.5",
            "count": 50,
            "created_time": "2024-11-11T21:26:14.978717Z",
            "yes_price": 4,
            "no_price": 96,
            "taker_side": "yes"
        },
        {
            "trade_id": "35f18a69-b6b0-4447-82b8-3fe57c442e13",
            "ticker": "KXHIGHMIA-24NOV11-B85.5",
            "count": 50,
            "created_time": "2024-11-11T21:26:14.978717Z",
            "yes_price": 3,
            "no_price": 97,
            "taker_side": "yes"
        },
        {
            "trade_id": "5f96bcf9-2cf5-41ff-b8f5-b64ce76477c1",
            "ticker": "KXHIGHMIA-24NOV11-B85.5",
            "count": 192,
            "created_time": "2024-11-11T21:25:48.469626Z",
            "yes_price": 1,
            "no_price": 99,
            "taker_side": "no"
        },
        {
            "trade_id": "4df72f41-d74d-4a33-8db0-c2942ecdbadb",
            "ticker": "KXHIGHMIA-24NOV11-B85.5",
            "count": 7,
            "created_time": "2024-11-11T21:25:48.469626Z",
            "yes_price": 1,
            "no_price": 99,
            "taker_side": "no"
        },
        {
            "trade_id": "20bf63f3-4f1d-4447-844f-849f0d10320b",
            "ticker": "KXHIGHMIA-24NOV11-B85.5",
            "count": 120,
            "created_time": "2024-11-11T21:25:48.469626Z",
            "yes_price": 1,
            "no_price": 99,
            "taker_side": "no"
        },
        {
            "trade_id": "18b6528d-4800-4df2-9eb8-434e83d52f64",
            "ticker": "KXHIGHMIA-24NOV11-B85.5",
            "count": 50,
            "created_time": "2024-11-11T21:25:40.755756Z",
            "yes_price": 3,
            "no_price": 97,
            "taker_side": "yes"
        },
        {
            "trade_id": "e1af7f3e-f3aa-44f4-8289-7ded4a87bdb5",
            "ticker": "KXHIGHMIA-24NOV11-B85.5",
            "count": 380,
            "created_time": "2024-11-11T21:25:40.024155Z",
            "yes_price": 1,
            "no_price": 99,
            "taker_side": "no"
        },
        {
            "trade_id": "52b818bc-3a94-4bf4-82e4-a1402e9d8994",
            "ticker": "KXHIGHMIA-24NOV11-B85.5",
            "count": 120,
            "created_time": "2024-11-11T21:25:40.024155Z",
            "yes_price": 1,
            "no_price": 99,
            "taker_side": "no"
        },
        {
