{
    "HIGHMIA-24APR28-T76": [],
    "HIGHMIA-24APR28-B76.5": [
        {
            "trade_id": "ba203fd4-05be-4edb-861f-ee7aca377ed3",
            "ticker": "HIGHMIA-24APR28-B76.5",
            "count": 2,
            "created_time": "2024-04-28T12:08:48.995003Z",
            "yes_price": 13,
            "no_price": 87,
            "taker_side": "yes"
        },
        {
            "trade_id": "1021756c-f031-411d-857f-496dd7442f68",
            "ticker": "HIGHMIA-24APR28-B76.5",
            "count": 1,
            "created_time": "2024-04-28T12:08:48.995003Z",
            "yes_price": 12,
            "no_price": 88,
            "taker_side": "yes"
        }
    ],
    "HIGHMIA-24APR28-B78.5": [
        {
            "trade_id": "249f57e3-8691-46a5-91af-45d9f84b0765",
            "ticker": "HIGHMIA-24APR28-B78.5",
            "count": 19,
            "created_time": "2024-04-28T16:01:07.644648Z",
            "yes_price": 1,
            "no_price": 99,
            "taker_side": "yes"
        },
        {
            "trade_id": "d0e1921f-c099-408f-8eeb-bef620188f59",
            "ticker": "HIGHMIA-24APR28-B78.5",
            "count": 1,
            "created_time": "2024-04-28T14:55:43.584951Z",
            "yes_price": 1,
            "no_price": 99,
            "taker_side": "no"
        },
        {
            "trade_id": "8c907d94-b5c4-4978-ba17-2ac2cc2f1584",
            "ticker": "HIGHMIA-24APR28-B78.5",
            "count": 6,
            "created_time": "2024-04-28T12:08:35.952284Z",
            "yes_price": 99,
            "no_price": 1,
            "taker_side": "yes"
        },
        {
            "trade_id": "749cccd0-fac4-4186-8c6a-e43acbefca89",
            "ticker": "HIGHMIA-24APR28-B78.5",
            "count": 1,
            "created_time": "2024-04-28T12:00:53.289502Z",
            "yes_price": 45,
            "no_price": 55,
            "taker_side": "no"
        },
        {
            "trade_id": "e29351ba-f43f-4f9b-852f-3fe017a23697",
            "ticker": "HIGHMIA-24APR28-B78.5",
            "count": 135,
            "created_time": "2024-04-28T01:39:47.732891Z",
            "yes_price": 16,
            "no_price": 84,
            "taker_side": "yes"
        },
        {
            "trade_id": "5f389a56-b8f2-4ade-92e5-e319eb8aea38",
            "ticker": "HIGHMIA-24APR28-B78.5",
            "count": 135,
            "created_time": "2024-04-28T01:39:41.623819Z",
            "yes_price": 15,
            "no_price": 85,
            "taker_side": "yes"
        },
        {
            "trade_id": "cba8dc19-5dfa-4e1c-9104-495e9775ea7f",
            "ticker": "HIGHMIA-24APR28-B78.5",
            "count": 90,
            "created_time": "2024-04-28T01:39:33.834722Z",
            "yes_price": 14,
            "no_price": 86,
            "taker_side": "yes"
        },
        {
            "trade_id": "67948d61-51e4-4a1e-a61e-f9162b79a3c6",
            "ticker": "HIGHMIA-24APR28-B78.5",
            "count": 3,
            "created_time": "2024-04-28T01:39:33.834722Z",
            "yes_price": 14,
            "no_price": 86,
            "taker_side": "yes"
        },
        {
            "trade_id": "73ed73fe-927c-4ee8-9701-040c1dc19b37",
            "ticker": "HIGHMIA-24APR28-B78.5",
            "count": 16,
            "created_time": "2024-04-27T14:22:08.206135Z",
            "yes_price": 5,
            "no_price": 95,
            "taker_side": "yes"
        },
        {
            "trade_id": "bb25b74f-2daa-4a1a-ad72-e2ec5978ce6f",
            "ticker": "HIGHMIA-24APR28-B78.5",
            "count": 50,
            "created_time": "2024-04-27T14:22:08.169084Z",
            "yes_price": 5,
            "no_price": 95,
            "taker_side": "yes"
        },
        {
            "trade_id": "f434f8a3-ee6c-400a-9595-4fbde8d5f19c",
            "ticker": "HIGHMIA-24APR28-B78.5",
            "count": 50,
            "created_time": "2024-04-27T14:22:03.826563Z",
            "yes_price": 8,
            "no_price": 92,
            "taker_side": "no"
        },
        {
            "trade_id": "bf91c77c-5151-4cf9-b14b-0695806d28e7",
            "ticker": "HIGHMIA-24APR28-B78.5",
            "count": 50,
            "created_time": "2024-04-27T14:22:03.826563Z",
            "yes_price": 7,
            "no_price": 93,
            "taker_side": "no"
        },
        {
            "trade_id": "7864d724-d834-42cb-9df3-b80dce9697c4",
            "ticker": "HIGHMIA-24APR28-B78.5",
            "count": 50,
            "created_time": "2024-04-27T14:22:03.826563Z",
            "yes_price": 6,
            "no_price": 94,
            "taker_side": "no"
        }
    ],
    "HIGHMIA-24APR28-B80.5": [
        {
            "trade_id": "73586e96-d1ef-4f3f-a589-30a95d0b0d81",
            "ticker": "HIGHMIA-24APR28-B80.5",
            "count": 935,
            "created_time": "2024-04-28T19:00:58.739142Z",
            "yes_price": 1,
            "no_price": 99,
            "taker_side": "yes"
        },
        {
            "trade_id": "cda87f26-4f15-4766-9541-ee0973a90d29",
            "ticker": "HIGHMIA-24APR28-B80.5",
            "count": 3,
            "created_time": "2024-04-28T15:45:09.370065Z",
            "yes_price": 1,
            "no_price": 99,
            "taker_side": "yes"
        },
        {
            "trade_id": "c1830aee-697e-4828-9ec9-c0357f9e7573",
            "ticker": "HIGHMIA-24APR28-B80.5",
            "count": 184,
            "created_time": "2024-04-28T15:42:19.975172Z",
            "yes_price": 3,
            "no_price": 97,
            "taker_side": "no"
        },
        {
            "trade_id": "8d722711-7973-4786-8977-ddb21f1cc4a3",
            "ticker": "HIGHMIA-24APR28-B80.5",
            "count": 45,
            "created_time": "2024-04-28T12:33:12.098961Z",
            "yes_price": 70,
            "no_price": 30,
            "taker_side": "yes"
        },
        {
            "trade_id": "418ecc9b-cc69-4a51-b092-9d6296fb0c07",
            "ticker": "HIGHMIA-24APR28-B80.5",
            "count": 27,
            "created_time": "2024-04-28T12:33:12.098961Z",
            "yes_price": 68,
            "no_price": 32,
            "taker_side": "yes"
        },
        {
            "trade_id": "e9cc3329-220d-47a9-8f4e-69a31618aed6",
            "ticker": "HIGHMIA-24APR28-B80.5",
            "count": 45,
            "created_time": "2024-04-28T12:32:35.075263Z",
            "yes_price": 65,
            "no_price": 35,
            "taker_side": "yes"
        },
        {
            "trade_id": "a5be981d-ba4e-4a13-8c15-a53847178403",
            "ticker": "HIGHMIA-24APR28-B80.5",
            "count": 45,
            "created_time": "2024-04-28T12:32:35.075263Z",
            "yes_price": 67,
            "no_price": 33,
            "taker_side": "yes"
        },
        {
            "trade_id": "32aa86f4-70d0-486d-8eb7-56be6ee1938f",
            "ticker": "HIGHMIA-24APR28-B80.5",
            "count": 13,
            "created_time": "2024-04-28T12:32:35.075263Z",
            "yes_price": 63,
            "no_price": 37,
            "taker_side": "yes"
        },
        {
            "trade_id": "f097ce62-5d12-41bb-bac4-948888e5309c",
            "ticker": "HIGHMIA-24APR28-B80.5",
            "count": 10,
            "created_time": "2024-04-28T12:09:10.458317Z",
            "yes_price": 3,
            "no_price": 97,
            "taker_side": "no"
        },
        {
            "trade_id": "2a227914-19a0-44bf-948b-db22781e6ef2",
            "ticker": "HIGHMIA-24APR28-B80.5",
            "count": 6,
            "created_time": "2024-04-28T12:08:36.017936Z",
            "yes_price": 3,
            "no_price": 97,
            "taker_side": "no"
        },
        {
            "trade_id": "15e4d5be-a630-4afc-b3eb-fe8e7d44639a",
            "ticker": "HIGHMIA-24APR28-B80.5",
            "count": 1,
            "created_time": "2024-04-27T23:35:14.293897Z",
            "yes_price": 44,
            "no_price": 56,
            "taker_side": "yes"
        },
        {
            "trade_id": "e5cb22fb-eabb-4d3f-86c6-6f6a4f32d775",
            "ticker": "HIGHMIA-24APR28-B80.5",
            "count": 1,
            "created_time": "2024-04-27T22:01:37.592961Z",
            "yes_price": 53,
            "no_price": 47,
            "taker_side": "yes"
        },
        {
            "trade_id": "e96805c1-9eee-4bf7-8e86-611adbaeb9bd",
            "ticker": "HIGHMIA-24APR28-B80.5",
            "count": 1,
            "created_time": "2024-04-27T18:35:26.112332Z",
            "yes_price": 47,
            "no_price": 53,
            "taker_side": "no"
        },
        {
            "trade_id": "734150ec-ffb0-4438-899a-bb36ad11601b",
            "ticker": "HIGHMIA-24APR28-B80.5",
            "count": 10,
            "created_time": "2024-04-27T15:36:22.572394Z",
            "yes_price": 51,
            "no_price": 49,
            "taker_side": "yes"
        },
        {
            "trade_id": "028137a0-7885-4863-86ad-cc87e0b62785",
            "ticker": "HIGHMIA-24APR28-B80.5",
            "count": 65,
            "created_time": "2024-04-27T14:56:28.24181Z",
            "yes_price": 51,
            "no_price": 49,
            "taker_side": "yes"
        },
        {
            "trade_id": "69f5ab9d-033e-42a5-be24-76ec30ad0ca8",
            "ticker": "HIGHMIA-24APR28-B80.5",
            "count": 65,
            "created_time": "2024-04-27T14:56:22.152172Z",
            "yes_price": 51,
            "no_price": 49,
            "taker_side": "yes"
        },
        {
            "trade_id": "b7e86122-17a6-4273-bd0f-b089cd298ed3",
            "ticker": "HIGHMIA-24APR28-B80.5",
            "count": 3,
            "created_time": "2024-04-27T14:52:28.427982Z",
            "yes_price": 49,
            "no_price": 51,
            "taker_side": "yes"
        },
        {
            "trade_id": "e28c90a2-60e4-4d13-8a77-71f50f67c474",
            "ticker": "HIGHMIA-24APR28-B80.5",
            "count": 25,
            "created_time": "2024-04-27T14:22:08.289021Z",
            "yes_price": 51,
            "no_price": 49,
            "taker_side": "yes"
        },
        {
            "trade_id": "1cd2a189-1910-4148-9abc-a4528ad3dc54",
            "ticker": "HIGHMIA-24APR28-B80.5",
            "count": 15,
            "created_time": "2024-04-27T14:22:04.08591Z",
            "yes_price": 52,
            "no_price": 48,
            "taker_side": "no"
        }
    ],
    "HIGHMIA-24APR28-B82.5": [
        {
            "trade_id": "b012d5b6-9835-4862-9907-7f2d7fd848c7",
            "ticker": "HIGHMIA-24APR28-B82.5",
            "count": 5,
            "created_time": "2024-04-28T15:42:19.974275Z",
            "yes_price": 80,
            "no_price": 20,
            "taker_side": "yes"
        },
        {
            "trade_id": "6e1383ed-4c4d-4a74-bc81-3de3bc711abd",
            "ticker": "HIGHMIA-24APR28-B82.5",
            "count": 10,
            "created_time": "2024-04-28T14:18:57.185694Z",
            "yes_price": 3,
            "no_price": 97,
            "taker_side": "no"
        },
        {
            "trade_id": "0c5a2fcb-a629-4372-acb9-0c109dc1bbb3",
            "ticker": "HIGHMIA-24APR28-B82.5",
            "count": 30,
            "created_time": "2024-04-28T13:44:02.013933Z",
            "yes_price": 3,
            "no_price": 97,
            "taker_side": "no"
        },
        {
            "trade_id": "93b571aa-c30e-41bc-8985-e10d1c504afd",
            "ticker": "HIGHMIA-24APR28-B82.5",
            "count": 3,
            "created_time": "2024-04-28T12:09:26.053031Z",
            "yes_price": 3,
            "no_price": 97,
            "taker_side": "no"
        },
        {
            "trade_id": "f7aa4b6d-efc4-4828-b406-8f1412c55f17",
            "ticker": "HIGHMIA-24APR28-B82.5",
            "count": 5,
            "created_time": "2024-04-28T12:08:36.014733Z",
            "yes_price": 3,
            "no_price": 97,
            "taker_side": "no"
        },
        {
            "trade_id": "2f4886ad-1170-4cf7-977d-a51e27cf0cbe",
            "ticker": "HIGHMIA-24APR28-B82.5",
            "count": 1,
            "created_time": "2024-04-28T12:08:36.014733Z",
            "yes_price": 4,
            "no_price": 96,
            "taker_side": "no"
        },
        {
            "trade_id": "a7623565-9ef2-4e14-9990-f496c62a8f9a",
            "ticker": "HIGHMIA-24APR28-B82.5",
            "count": 52,
            "created_time": "2024-04-27T22:17:26.046284Z",
            "yes_price": 34,
            "no_price": 66,
            "taker_side": "no"
        },
        {
            "trade_id": "9fdc45ec-1b32-41ee-b0a9-db8926c36b85",
            "ticker": "HIGHMIA-24APR28-B82.5",
            "count": 1,
            "created_time": "2024-04-27T22:01:39.244369Z",
            "yes_price": 37,
            "no_price": 63,
            "taker_side": "no"
        },
        {
            "trade_id": "a8197cda-669e-44e1-8f94-af33342df347",
            "ticker": "HIGHMIA-24APR28-B82.5",
            "count": 1,
            "created_time": "2024-04-27T18:35:26.740822Z",
            "yes_price": 37,
            "no_price": 63,
            "taker_side": "no"
        },
        {
            "trade_id": "162db5ad-7c67-4549-95b4-81e0a82d81f5",
            "ticker": "HIGHMIA-24APR28-B82.5",
            "count": 3,
            "created_time": "2024-04-27T15:04:23.967375Z",
            "yes_price": 38,
            "no_price": 62,
            "taker_side": "yes"
        }
    ],
    "HIGHMIA-24APR28-T83": [
        {
            "trade_id": "61e06e15-9f0d-47d4-8a0d-de179eabe00f",
            "ticker": "HIGHMIA-24APR28-T83",
            "count": 1,
            "created_time": "2024-04-28T22:56:18.719387Z",
            "yes_price": 3,
            "no_price": 97,
            "taker_side": "yes"
        },
        {
            "trade_id": "89fb3bf5-6c05-45b8-b1f6-cdcca22ed31e",
            "ticker": "HIGHMIA-24APR28-T83",
            "count": 4,
            "created_time": "2024-04-28T15:42:20.041538Z",
            "yes_price": 9,
            "no_price": 91,
            "taker_side": "yes"
        },
        {
            "trade_id": "17b91df8-1ff2-42cf-b50a-2e41793d6ea9",
            "ticker": "HIGHMIA-24APR28-T83",
            "count": 1,
            "created_time": "2024-04-28T15:42:20.041538Z",
            "yes_price": 8,
            "no_price": 92,
            "taker_side": "yes"
        }
    ]
}