{
    "KXHIGHMIA-24DEC01-T75": [
        {
            "trade_id": "d06b56cc-db75-4dd6-a04a-c797dbb733d2",
            "ticker": "KXHIGHMIA-24DEC01-T75",
            "count": 814,
            "created_time": "2024-12-02T04:46:47.203428Z",
            "yes_price": 1,
            "no_price": 99,
            "taker_side": "yes"
        },
        {
            "trade_id": "b6b37378-a08f-4853-b8cc-b64a8bd4d22b",
            "ticker": "KXHIGHMIA-24DEC01-T75",
            "count": 119,
            "created_time": "2024-12-02T04:46:47.203428Z",
            "yes_price": 1,
            "no_price": 99,
            "taker_side": "yes"
        },
        {
            "trade_id": "742f39e1-c287-42c2-8b48-c04c26f5145e",
            "ticker": "KXHIGHMIA-24DEC01-T75",
            "count": 881,
            "created_time": "2024-12-02T04:15:05.59506Z",
            "yes_price": 1,
            "no_price": 99,
            "taker_side": "yes"
        },
        {
            "trade_id": "21807ae5-e280-4ea8-86d5-e262c30f5d5c",
            "ticker": "KXHIGHMIA-24DEC01-T75",
            "count": 53,
            "created_time": "2024-12-02T04:15:05.59506Z",
            "yes_price": 1,
            "no_price": 99,
            "taker_side": "yes"
        },
        {
            "trade_id": "34400d96-e25e-4e62-bc27-44257c73f2cb",
            "ticker": "KXHIGHMIA-24DEC01-T75",
            "count": 935,
            "created_time": "2024-12-02T04:08:52.096153Z",
            "yes_price": 1,
            "no_price": 99,
            "taker_side": "yes"
        },
        {
            "trade_id": "4a8c96fb-36db-4b45-b52b-90bea1b19226",
            "ticker": "KXHIGHMIA-24DEC01-T75",
            "count": 46,
            "created_time": "2024-12-01T22:57:54.706496Z",
            "yes_price": 1,
            "no_price": 99,
            "taker_side": "yes"
        },
        {
            "trade_id": "c147b960-f48c-46a6-95c6-8dc09be72d4b",
            "ticker": "KXHIGHMIA-24DEC01-T75",
            "count": 425,
            "created_time": "2024-12-01T18:28:30.908752Z",
            "yes_price": 1,
            "no_price": 99,
            "taker_side": "yes"
        },
        {
            "trade_id": "8b550a63-eb1e-490a-ae7d-d8ff11625679",
            "ticker": "KXHIGHMIA-24DEC01-T75",
            "count": 206,
            "created_time": "2024-12-01T18:28:30.908752Z",
            "yes_price": 1,
            "no_price": 99,
            "taker_side": "yes"
        },
        {
            "trade_id": "6128d7ae-7479-4e7b-8427-8fafe75f97b1",
            "ticker": "KXHIGHMIA-24DEC01-T75",
            "count": 490,
            "created_time": "2024-12-01T18:28:30.908752Z",
            "yes_price": 1,
            "no_price": 99,
            "taker_side": "yes"
        },
        {
            "trade_id": "ba00d129-bca9-448d-b95b-3474836edde3",
            "ticker": "KXHIGHMIA-24DEC01-T75",
            "count": 187,
            "created_time": "2024-12-01T17:51:54.202795Z",
            "yes_price": 1,
            "no_price": 99,
            "taker_side": "yes"
        },
        {
            "trade_id": "cba22aea-5b96-4e6b-ade3-ff5a227d3c1a",
            "ticker": "KXHIGHMIA-24DEC01-T75",
            "count": 93,
            "created_time": "2024-12-01T17:48:41.340681Z",
            "yes_price": 1,
            "no_price": 99,
            "taker_side": "yes"
        },
        {
            "trade_id": "87251917-187f-46f4-aadb-e32befc84ea4",
            "ticker": "KXHIGHMIA-24DEC01-T75",
            "count": 190,
            "created_time": "2024-12-01T16:57:59.710118Z",
            "yes_price": 1,
            "no_price": 99,
            "taker_side": "yes"
        },
        {
            "trade_id": "26ef5f35-adc6-4905-b7dc-cb2635e0fa2f",
            "ticker": "KXHIGHMIA-24DEC01-T75",
            "count": 196,
            "created_time": "2024-12-01T15:01:11.355958Z",
            "yes_price": 1,
            "no_price": 99,
            "taker_side": "no"
        },
        {
            "trade_id": "db584e10-e826-49bd-b19c-7bd8c3985f47",
            "ticker": "KXHIGHMIA-24DEC01-T75",
            "count": 15,
            "created_time": "2024-12-01T14:32:49.546138Z",
            "yes_price": 1,
            "no_price": 99,
            "taker_side": "no"
        },
        {
            "trade_id": "93b8b3aa-5c0b-444a-8aa3-5923ae55361f",
            "ticker": "KXHIGHMIA-24DEC01-T75",
            "count": 3,
            "created_time": "2024-12-01T13:55:48.652954Z",
            "yes_price": 1,
            "no_price": 99,
            "taker_side": "no"
        },
        {
            "trade_id": "9049495d-8831-4f8b-ae19-1a36591d6bb2",
            "ticker": "KXHIGHMIA-24DEC01-T75",
            "count": 14,
            "created_time": "2024-12-01T13:52:37.875199Z",
            "yes_price": 1,
            "no_price": 99,
            "taker_side": "no"
        },
        {
            "trade_id": "b1cd5cfd-c56c-4329-8fe8-69be5af54243",
            "ticker": "KXHIGHMIA-24DEC01-T75",
            "count": 5,
            "created_time": "2024-12-01T13:52:16.486798Z",
            "yes_price": 1,
            "no_price": 99,
            "taker_side": "no"
        },
        {
            "trade_id": "5280f4a9-fcec-444d-8174-05250bb32667",
            "ticker": "KXHIGHMIA-24DEC01-T75",
            "count": 5,
            "created_time": "2024-12-01T13:50:36.100546Z",
            "yes_price": 1,
            "no_price": 99,
            "taker_side": "no"
        },
        {
            "trade_id": "546de1d5-01bb-48f8-8906-436ebbafd5e6",
            "ticker": "KXHIGHMIA-24DEC01-T75",
            "count": 26,
            "created_time": "2024-12-01T13:50:22.972847Z",
            "yes_price": 1,
            "no_price": 99,
            "taker_side": "no"
        },
        {
            "trade_id": "e4193613-52f0-40ab-9e06-f5f40909fe7b",
            "ticker": "KXHIGHMIA-24DEC01-T75",
            "count": 1,
            "created_time": "2024-12-01T13:48:44.76781Z",
            "yes_price": 1,
            "no_price": 99,
            "taker_side": "no"
        },
        {
            "trade_id": "6206b2d5-d7f4-4998-a729-5366edd4337a",
            "ticker": "KXHIGHMIA-24DEC01-T75",
            "count": 400,
            "created_time": "2024-12-01T13:07:33.532234Z",
            "yes_price": 1,
            "no_price": 99,
            "taker_side": "no"
        },
        {
            "trade_id": "e74bb9fa-2134-4be3-9a4b-be475868b558",
            "ticker": "KXHIGHMIA-24DEC01-T75",
            "count": 100,
            "created_time": "2024-12-01T13:01:58.399893Z",
            "yes_price": 1,
            "no_price": 99,
            "taker_side": "no"
        },
        {
            "trade_id": "fe148dfa-549e-4571-b9c5-0912a85992fe",
            "ticker": "KXHIGHMIA-24DEC01-T75",
            "count": 1,
            "created_time": "2024-12-01T13:00:25.677442Z",
            "yes_price": 6,
            "no_price": 94,
            "taker_side": "yes"
        },
        {
            "trade_id": "6982e5c2-7069-4b25-9b0f-d8cdb5d38b80",
            "ticker": "KXHIGHMIA-24DEC01-T75",
            "count": 225,
            "created_time": "2024-12-01T07:48:48.694827Z",
            "yes_price": 1,
            "no_price": 99,
            "taker_side": "no"
        },
        {
            "trade_id": "f79415ee-b8fc-413f-920d-40a055de6576",
            "ticker": "KXHIGHMIA-24DEC01-T75",
            "count": 24,
            "created_time": "2024-12-01T07:48:22.759881Z",
            "yes_price": 1,
            "no_price": 99,
            "taker_side": "no"
        },
        {
            "trade_id": "62008ad8-2004-4791-958a-01854bc0f1a2",
            "ticker": "KXHIGHMIA-24DEC01-T75",
            "count": 76,
            "created_time": "2024-12-01T07:48:22.642413Z",
            "yes_price": 1,
            "no_price": 99,
            "taker_side": "no"
        },
        {
            "trade_id": "a66028de-a919-4aec-977a-e8b4d8f47c98",
            "ticker": "KXHIGHMIA-24DEC01-T75",
            "count": 76,
            "created_time": "2024-12-01T07:48:22.537503Z",
            "yes_price": 1,
            "no_price": 99,
            "taker_side": "no"
        },
        {
            "trade_id": "d8db3e9a-e7de-4612-9ab0-b2a9c93df5c4",
            "ticker": "KXHIGHMIA-24DEC01-T75",
            "count": 12,
            "created_time": "2024-12-01T07:47:53.323461Z",
            "yes_price": 5,
            "no_price": 95,
            "taker_side": "yes"
        },
        {
            "trade_id": "291d7f01-7492-47e2-9cd0-139c6658d23a",
            "ticker": "KXHIGHMIA-24DEC01-T75",
            "count": 175,
            "created_time": "2024-12-01T07:47:53.323461Z",
            "yes_price": 5,
            "no_price": 95,
            "taker_side": "yes"
        },
        {
            "trade_id": "716274e5-3345-49f9-8849-98e0bded7992",
            "ticker": "KXHIGHMIA-24DEC01-T75",
            "count": 34,
            "created_time": "2024-12-01T07:14:11.541314Z",
            "yes_price": 1,
            "no_price": 99,
            "taker_side": "no"
        },
        {
            "trade_id": "96831e7f-a75c-419a-ace0-7835898060df",
            "ticker": "KXHIGHMIA-24DEC01-T75",
            "count": 187,
            "created_time": "2024-12-01T07:13:28.531991Z",
            "yes_price": 1,
            "no_price": 99,
            "taker_side": "yes"
        },
        {
            "trade_id": "a1f74bc4-c35a-4eaa-b642-1ad6bdbf0aca",
            "ticker": "KXHIGHMIA-24DEC01-T75",
            "count": 93,
            "created_time": "2024-11-30T16:46:36.016915Z",
            "yes_price": 1,
            "no_price": 99,
            "taker_side": "yes"
        },
        {
            "trade_id": "9a047817-227e-4b7c-8b98-3d9b5a3b1f1c",
            "ticker": "KXHIGHMIA-24DEC01-T75",
            "count": 120,
            "created_time": "2024-11-30T15:13:14.587404Z",
            "yes_price": 1,
            "no_price": 99,
            "taker_side": "no"
        }
    ],
    "KXHIGHMIA-24DEC01-B75.5": [
        {
            "trade_id": "335edd8d-9cbe-49d1-bd74-0b929565f6bd",
            "ticker": "KXHIGHMIA-24DEC01-B75.5",
            "count": 11,
            "created_time": "2024-12-02T03:27:25.845288Z",
            "yes_price": 99,
            "no_price": 1,
            "taker_side": "no"
        },
        {
            "trade_id": "8a471257-bd86-49a1-b98b-21b43e84d382",
            "ticker": "KXHIGHMIA-24DEC01-B75.5",
            "count": 80,
            "created_time": "2024-12-02T03:27:14.685589Z",
            "yes_price": 99,
            "no_price": 1,
            "taker_side": "no"
        },
        {
            "trade_id": "255fb069-d23a-4778-b117-078b4ad30b42",
            "ticker": "KXHIGHMIA-24DEC01-B75.5",
            "count": 243,
            "created_time": "2024-12-02T00:41:59.693395Z",
            "yes_price": 99,
            "no_price": 1,
            "taker_side": "no"
        },
        {
            "trade_id": "eb66a9f3-c0a8-491d-a85f-5e57d9305f55",
            "ticker": "KXHIGHMIA-24DEC01-B75.5",
            "count": 376,
            "created_time": "2024-12-02T00:40:21.178197Z",
            "yes_price": 99,
            "no_price": 1,
            "taker_side": "no"
        },
        {
            "trade_id": "c3707ec3-a23f-430d-9f93-ca46f71c4708",
            "ticker": "KXHIGHMIA-24DEC01-B75.5",
            "count": 61,
            "created_time": "2024-12-02T00:20:35.352401Z",
            "yes_price": 99,
            "no_price": 1,
            "taker_side": "no"
        },
        {
            "trade_id": "e42682e7-ba0b-4f84-bb40-b3d5ed2b9067",
            "ticker": "KXHIGHMIA-24DEC01-B75.5",
            "count": 467,
            "created_time": "2024-12-02T00:15:41.447562Z",
            "yes_price": 99,
            "no_price": 1,
            "taker_side": "no"
        },
        {
            "trade_id": "efe00552-d9f3-4b1e-9c36-a83ab7c7f077",
            "ticker": "KXHIGHMIA-24DEC01-B75.5",
            "count": 2996,
            "created_time": "2024-12-02T00:09:08.081193Z",
            "yes_price": 99,
            "no_price": 1,
            "taker_side": "no"
        },
        {
            "trade_id": "cec843a9-0c18-4ee2-85e4-ef7e21a8ca6a",
            "ticker": "KXHIGHMIA-24DEC01-B75.5",
            "count": 93,
            "created_time": "2024-12-02T00:02:55.101579Z",
            "yes_price": 99,
            "no_price": 1,
            "taker_side": "no"
        },
        {
            "trade_id": "591a5a32-7d5c-4704-ba27-0f0ca43bea95",
            "ticker": "KXHIGHMIA-24DEC01-B75.5",
            "count": 23,
            "created_time": "2024-12-01T23:54:14.968956Z",
            "yes_price": 99,
            "no_price": 1,
            "taker_side": "yes"
        },
        {
            "trade_id": "360a6255-28a3-46c0-a5be-4e570c300799",
            "ticker": "KXHIGHMIA-24DEC01-B75.5",
            "count": 16,
            "created_time": "2024-12-01T23:40:21.840347Z",
            "yes_price": 99,
            "no_price": 1,
            "taker_side": "yes"
        },
        {
            "trade_id": "b880b760-93cf-40a8-9216-bcd7f7832748",
            "ticker": "KXHIGHMIA-24DEC01-B75.5",
            "count": 61,
            "created_time": "2024-12-01T23:38:09.531092Z",
            "yes_price": 96,
            "no_price": 4,
            "taker_side": "no"
        },
        {
            "trade_id": "b6e222ef-ce52-4879-aab6-5e401e914ea5",
            "ticker": "KXHIGHMIA-24DEC01-B75.5",
            "count": 4,
            "created_time": "2024-12-01T23:38:09.531092Z",
            "yes_price": 98,
            "no_price": 2,
            "taker_side": "no"
        },
        {
            "trade_id": "9caefe9f-69ca-4231-a994-03de7c44cb24",
            "ticker": "KXHIGHMIA-24DEC01-B75.5",
            "count": 100,
            "created_time": "2024-12-01T23:38:09.531092Z",
            "yes_price": 94,
            "no_price": 6,
            "taker_side": "no"
        },
        {
            "trade_id": "39030e45-93c1-406b-96ae-f32de66b3189",
            "ticker": "KXHIGHMIA-24DEC01-B75.5",
            "count": 5,
            "created_time": "2024-12-01T23:38:09.531092Z",
            "yes_price": 98,
            "no_price": 2,
            "taker_side": "no"
        },
        {
            "trade_id": "29359124-4943-468a-b147-e2be75b52463",
            "ticker": "KXHIGHMIA-24DEC01-B75.5",
            "count": 100,
            "created_time": "2024-12-01T23:38:09.531092Z",
            "yes_price": 95,
            "no_price": 5,
            "taker_side": "no"
        },
        {
            "trade_id": "1c4156a8-7665-45c5-95c4-5b0bc184c04c",
            "ticker": "KXHIGHMIA-24DEC01-B75.5",
            "count": 76,
            "created_time": "2024-12-01T23:38:09.531092Z",
            "yes_price": 93,
            "no_price": 7,
            "taker_side": "no"
        },
        {
            "trade_id": "16c0025d-08c9-4733-8aab-27e5be34d616",
            "ticker": "KXHIGHMIA-24DEC01-B75.5",
            "count": 100,
            "created_time": "2024-12-01T23:38:09.531092Z",
            "yes_price": 96,
            "no_price": 4,
            "taker_side": "no"
        },
        {
            "trade_id": "e3474ba4-4927-4d3e-bb10-3a7ec3699b25",
            "ticker": "KXHIGHMIA-24DEC01-B75.5",
            "count": 14,
            "created_time": "2024-12-01T23:00:09.102537Z",
            "yes_price": 99,
            "no_price": 1,
            "taker_side": "yes"
        },
        {
            "trade_id": "8ad6751c-3a91-422a-a37f-c82639dfda60",
            "ticker": "KXHIGHMIA-24DEC01-B75.5",
            "count": 53,
            "created_time": "2024-12-01T22:55:38.722392Z",
            "yes_price": 99,
            "no_price": 1,
            "taker_side": "yes"
        },
        {
            "trade_id": "7c4a1d0b-a3de-4c5e-be1e-c36c434e73fe",
            "ticker": "KXHIGHMIA-24DEC01-B75.5",
            "count": 3,
            "created_time": "2024-12-01T22:55:38.722392Z",
            "yes_price": 99,
            "no_price": 1,
            "taker_side": "yes"
        },
        {
            "trade_id": "3731bf24-7de0-47a2-ba34-3f3b5ff1193f",
            "ticker": "KXHIGHMIA-24DEC01-B75.5",
            "count": 1,
            "created_time": "2024-12-01T22:50:40.220531Z",
            "yes_price": 99,
            "no_price": 1,
            "taker_side": "yes"
        },
        {
            "trade_id": "12cc555a-0d85-4678-8946-5bef9f375b4e",
            "ticker": "KXHIGHMIA-24DEC01-B75.5",
            "count": 1,
            "created_time": "2024-12-01T22:49:35.288935Z",
            "yes_price": 99,
            "no_price": 1,
            "taker_side": "yes"
        },
        {
            "trade_id": "ba1759d1-0938-44f0-bfb6-07159081e4fd",
            "ticker": "KXHIGHMIA-24DEC01-B75.5",
            "count": 58,
            "created_time": "2024-12-01T22:40:29.614053Z",
            "yes_price": 97,
            "no_price": 3,
            "taker_side": "no"
        },
        {
            "trade_id": "0b790b9b-187c-48d6-ac38-97fe052ac8c7",
            "ticker": "KXHIGHMIA-24DEC01-B75.5",
            "count": 66,
            "created_time": "2024-12-01T22:40:29.614053Z",
            "yes_price": 90,
            "no_price": 10,
            "taker_side": "no"
        },
        {
            "trade_id": "75ff11e2-f532-4224-98c2-d1973a696893",
            "ticker": "KXHIGHMIA-24DEC01-B75.5",
            "count": 9,
            "created_time": "2024-12-01T22:39:52.850346Z",
            "yes_price": 97,
            "no_price": 3,
            "taker_side": "no"
        },
        {
            "trade_id": "f7cfbfb8-bcba-4d3a-8f4f-1e660f14a071",
            "ticker": "KXHIGHMIA-24DEC01-B75.5",
            "count": 1,
            "created_time": "2024-12-01T22:39:42.586299Z",
            "yes_price": 99,
            "no_price": 1,
            "taker_side": "no"
        },
        {
            "trade_id": "181c181f-e790-47ce-a0d8-0aa6f795ce67",
            "ticker": "KXHIGHMIA-24DEC01-B75.5",
            "count": 93,
            "created_time": "2024-12-01T22:18:49.634294Z",
            "yes_price": 99,
            "no_price": 1,
            "taker_side": "no"
        },
        {
            "trade_id": "9d1b8393-db46-4674-85c9-dd040c30a480",
            "ticker": "KXHIGHMIA-24DEC01-B75.5",
            "count": 18,
            "created_time": "2024-12-01T22:08:52.086794Z",
            "yes_price": 99,
            "no_price": 1,
            "taker_side": "no"
        },
        {
            "trade_id": "9a07300e-caeb-4760-9e25-51f11f27009a",
            "ticker": "KXHIGHMIA-24DEC01-B75.5",
            "count": 150,
            "created_time": "2024-12-01T22:04:50.671374Z",
            "yes_price": 99,
            "no_price": 1,
            "taker_side": "no"
        },
        {
            "trade_id": "468c57fa-f8f7-4f68-b77d-3057ddfe5bcd",
            "ticker": "KXHIGHMIA-24DEC01-B75.5",
            "count": 75,
            "created_time": "2024-12-01T21:44:29.151158Z",
            "yes_price": 99,
            "no_price": 1,
            "taker_side": "yes"
        },
        {
            "trade_id": "12900bc9-eef0-4240-aed5-f4dd64244d37",
            "ticker": "KXHIGHMIA-24DEC01-B75.5",
            "count": 311,
            "created_time": "2024-12-01T21:33:31.492584Z",
            "yes_price": 98,
            "no_price": 2,
            "taker_side": "no"
        },
        {
            "trade_id": "a3089444-df7c-4198-bec1-9d1c074a6636",
            "ticker": "KXHIGHMIA-24DEC01-B75.5",
            "count": 35,
            "created_time": "2024-12-01T21:27:14.085275Z",
            "yes_price": 99,
            "no_price": 1,
            "taker_side": "yes"
        },
        {
            "trade_id": "211517bd-b6dd-4884-aacc-6ed41096926c",
            "ticker": "KXHIGHMIA-24DEC01-B75.5",
            "count": 216,
            "created_time": "2024-12-01T21:27:14.085275Z",
            "yes_price": 99,
            "no_price": 1,
            "taker_side": "yes"
        },
        {
            "trade_id": "710eda10-0803-4f8b-bc57-eb70daf56360",
            "ticker": "KXHIGHMIA-24DEC01-B75.5",
            "count": 25,
            "created_time": "2024-12-01T21:27:04.163723Z",
            "yes_price": 98,
            "no_price": 2,
            "taker_side": "no"
        },
        {
            "trade_id": "0d2c4283-9526-4c34-82de-817860649ac6",
            "ticker": "KXHIGHMIA-24DEC01-B75.5",
            "count": 3,
            "created_time": "2024-12-01T21:24:34.81201Z",
            "yes_price": 91,
            "no_price": 9,
            "taker_side": "no"
        },
        {
            "trade_id": "2283984d-3526-42d3-980a-3dc51d258a60",
            "ticker": "KXHIGHMIA-24DEC01-B75.5",
            "count": 25,
            "created_time": "2024-12-01T21:24:34.519618Z",
            "yes_price": 99,
            "no_price": 1,
            "taker_side": "yes"
        },
        {
            "trade_id": "273754cf-c947-4b23-8ea8-85c77798a77f",
            "ticker": "KXHIGHMIA-24DEC01-B75.5",
            "count": 1,
            "created_time": "2024-12-01T21:22:22.848744Z",
            "yes_price": 98,
            "no_price": 2,
            "taker_side": "yes"
        },
        {
            "trade_id": "da3211cf-8fed-434c-bb49-f626b9fe350d",
            "ticker": "KXHIGHMIA-24DEC01-B75.5",
            "count": 60,
            "created_time": "2024-12-01T21:20:05.699984Z",
            "yes_price": 85,
            "no_price": 15,
            "taker_side": "no"
        },
        {
            "trade_id": "d27275aa-1c7e-48e0-b334-43ccc975f59a",
            "ticker": "KXHIGHMIA-24DEC01-B75.5",
            "count": 10,
            "created_time": "2024-12-01T21:20:05.699984Z",
            "yes_price": 88,
            "no_price": 12,
            "taker_side": "no"
        },
        {
            "trade_id": "cea0fdd6-6935-4d07-b4a0-30c97f1fe5d7",
            "ticker": "KXHIGHMIA-24DEC01-B75.5",
            "count": 1,
            "created_time": "2024-12-01T21:20:05.699984Z",
            "yes_price": 87,
            "no_price": 13,
            "taker_side": "no"
        },
        {
            "trade_id": "9b3db8a9-c45f-4934-b645-f7e4e64d8d4b",
            "ticker": "KXHIGHMIA-24DEC01-B75.5",
            "count": 20,
            "created_time": "2024-12-01T21:18:55.302055Z",
            "yes_price": 99,
            "no_price": 1,
            "taker_side": "yes"
        },
        {
            "trade_id": "d788f50d-ec07-44fd-87ba-f3e8845f39ac",
            "ticker": "KXHIGHMIA-24DEC01-B75.5",
            "count": 10,
            "created_time": "2024-12-01T21:16:09.445884Z",
            "yes_price": 97,
            "no_price": 3,
            "taker_side": "yes"
        },
        {
            "trade_id": "cd14ba72-7834-4d49-afbe-b70d715c655d",
            "ticker": "KXHIGHMIA-24DEC01-B75.5",
            "count": 40,
            "created_time": "2024-12-01T21:16:09.445884Z",
            "yes_price": 99,
            "no_price": 1,
            "taker_side": "yes"
        },
        {
            "trade_id": "431a3fb2-ff64-451e-a072-bfb8a787a1af",
            "ticker": "KXHIGHMIA-24DEC01-B75.5",
            "count": 81,
            "created_time": "2024-12-01T21:16:09.445884Z",
            "yes_price": 99,
            "no_price": 1,
            "taker_side": "yes"
        },
        {
            "trade_id": "260c1dae-50d7-4c8e-b034-492bb97e1f82",
            "ticker": "KXHIGHMIA-24DEC01-B75.5",
            "count": 89,
            "created_time": "2024-12-01T21:16:09.445884Z",
            "yes_price": 97,
            "no_price": 3,
            "taker_side": "yes"
        },
        {
            "trade_id": "79dcce06-c78b-4216-8cc0-a68075e3aa5e",
            "ticker": "KXHIGHMIA-24DEC01-B75.5",
            "count": 300,
            "created_time": "2024-12-01T21:15:27.906959Z",
            "yes_price": 96,
            "no_price": 4,
            "taker_side": "yes"
        },
        {
            "trade_id": "6bcbd829-b6a3-45e8-b2b9-cbd1faa0ba57",
            "ticker": "KXHIGHMIA-24DEC01-B75.5",
            "count": 11,
            "created_time": "2024-12-01T21:15:27.906959Z",
            "yes_price": 97,
            "no_price": 3,
            "taker_side": "yes"
        },
        {
            "trade_id": "a684b8a9-ef3c-4599-8ac1-a14b6d576498",
            "ticker": "KXHIGHMIA-24DEC01-B75.5",
            "count": 300,
            "created_time": "2024-12-01T21:13:04.142713Z",
            "yes_price": 95,
            "no_price": 5,
            "taker_side": "yes"
        },
        {
            "trade_id": "e68d884b-2bd2-4431-bc6b-94544d24a8d9",
            "ticker": "KXHIGHMIA-24DEC01-B75.5",
            "count": 20,
            "created_time": "2024-12-01T21:03:52.717197Z",
            "yes_price": 90,
            "no_price": 10,
            "taker_side": "yes"
        },
        {
            "trade_id": "2c6f0fef-0ece-45dc-9bbe-160d813ddfda",
            "ticker": "KXHIGHMIA-24DEC01-B75.5",
            "count": 4,
            "created_time": "2024-12-01T21:03:52.717197Z",
            "yes_price": 90,
            "no_price": 10,
            "taker_side": "yes"
        },
        {
            "trade_id": "8b7ddb46-bf69-4db9-9e18-8744eaa10c8b",
            "ticker": "KXHIGHMIA-24DEC01-B75.5",
            "count": 9,
            "created_time": "2024-12-01T20:58:28.165291Z",
            "yes_price": 89,
            "no_price": 11,
            "taker_side": "yes"
        },
        {
            "trade_id": "58272344-3bff-4939-be8f-19602702618d",
            "ticker": "KXHIGHMIA-24DEC01-B75.5",
            "count": 9,
            "created_time": "2024-12-01T20:57:45.779009Z",
            "yes_price": 89,
            "no_price": 11,
            "taker_side": "yes"
        },
        {
            "trade_id": "dedf933a-48c8-439a-b0b9-a9c46d48aea7",
            "ticker": "KXHIGHMIA-24DEC01-B75.5",
            "count": 10,
            "created_time": "2024-12-01T20:52:40.389266Z",
            "yes_price": 85,
            "no_price": 15,
            "taker_side": "no"
        },
        {
            "trade_id": "17430a70-6bff-45ed-aa80-50cacaf98693",
            "ticker": "KXHIGHMIA-24DEC01-B75.5",
            "count": 9,
            "created_time": "2024-12-01T20:44:45.284069Z",
            "yes_price": 83,
            "no_price": 17,
            "taker_side": "no"
        },
        {
            "trade_id": "f71a8259-bfc5-4b2f-a6cb-bcf131aea18b",
            "ticker": "KXHIGHMIA-24DEC01-B75.5",
            "count": 1,
            "created_time": "2024-12-01T20:44:35.203635Z",
            "yes_price": 83,
            "no_price": 17,
            "taker_side": "no"
        },
        {
            "trade_id": "6db69339-dfb9-408c-9e0d-cf7b03d36520",
            "ticker": "KXHIGHMIA-24DEC01-B75.5",
            "count": 55,
            "created_time": "2024-12-01T20:44:19.26496Z",
            "yes_price": 84,
            "no_price": 16,
            "taker_side": "no"
        },
        {
            "trade_id": "62d42f0e-85ea-45e7-abc7-6b07ae5058b1",
            "ticker": "KXHIGHMIA-24DEC01-B75.5",
            "count": 15,
            "created_time": "2024-12-01T20:43:51.367054Z",
            "yes_price": 86,
            "no_price": 14,
            "taker_side": "yes"
        },
        {
            "trade_id": "fb57e94d-8d98-4b16-ade1-945e1bd9ffb4",
            "ticker": "KXHIGHMIA-24DEC01-B75.5",
            "count": 1,
            "created_time": "2024-12-01T20:38:26.56558Z",
            "yes_price": 84,
            "no_price": 16,
            "taker_side": "no"
        },
        {
            "trade_id": "33016e5e-0d1a-47df-984b-7abad471f4e6",
            "ticker": "KXHIGHMIA-24DEC01-B75.5",
            "count": 4,
            "created_time": "2024-12-01T20:38:14.525391Z",
            "yes_price": 90,
            "no_price": 10,
            "taker_side": "no"
        },
        {
            "trade_id": "fd4ad028-630b-401f-827a-aab5d393cdd7",
            "ticker": "KXHIGHMIA-24DEC01-B75.5",
            "count": 25,
            "created_time": "2024-12-01T20:36:51.086714Z",
            "yes_price": 95,
            "no_price": 5,
            "taker_side": "yes"
        },
        {
            "trade_id": "7bda2bd2-8fcd-4017-b5c6-0147d9a8527a",
            "ticker": "KXHIGHMIA-24DEC01-B75.5",
            "count": 220,
            "created_time": "2024-12-01T20:36:51.086714Z",
            "yes_price": 96,
            "no_price": 4,
            "taker_side": "yes"
        },
        {
            "trade_id": "540c1a89-611d-465e-80c9-4da2f368ebe1",
            "ticker": "KXHIGHMIA-24DEC01-B75.5",
            "count": 25,
            "created_time": "2024-12-01T20:36:51.086714Z",
            "yes_price": 96,
            "no_price": 4,
            "taker_side": "yes"
        },
        {
            "trade_id": "dd939149-6ea5-4868-b489-4256982d269c",
            "ticker": "KXHIGHMIA-24DEC01-B75.5",
            "count": 14,
            "created_time": "2024-12-01T20:36:38.192395Z",
            "yes_price": 91,
            "no_price": 9,
            "taker_side": "no"
        },
        {
            "trade_id": "805869f2-5b1c-4db1-bbe7-0522a39a123a",
            "ticker": "KXHIGHMIA-24DEC01-B75.5",
            "count": 146,
            "created_time": "2024-12-01T20:36:38.192395Z",
            "yes_price": 90,
            "no_price": 10,
            "taker_side": "no"
        },
        {
            "trade_id": "c6ee656e-43c7-4ff5-9f1e-0fc7141f9854",
            "ticker": "KXHIGHMIA-24DEC01-B75.5",
            "count": 86,
            "created_time": "2024-12-01T20:34:11.649822Z",
            "yes_price": 91,
            "no_price": 9,
            "taker_side": "no"
        },
        {
            "trade_id": "9899a493-073b-4acc-af52-b0471fd2c35c",
            "ticker": "KXHIGHMIA-24DEC01-B75.5",
            "count": 14,
            "created_time": "2024-12-01T20:34:11.649822Z",
            "yes_price": 91,
            "no_price": 9,
            "taker_side": "no"
        },
        {
            "trade_id": "b72cdbda-8c43-4d31-8861-b3740e5d5d7b",
            "ticker": "KXHIGHMIA-24DEC01-B75.5",
            "count": 75,
            "created_time": "2024-12-01T20:33:32.404641Z",
            "yes_price": 96,
            "no_price": 4,
            "taker_side": "yes"
        },
        {
            "trade_id": "b41aa7a1-1e86-4fe5-91d7-783687e30998",
            "ticker": "KXHIGHMIA-24DEC01-B75.5",
            "count": 86,
            "created_time": "2024-12-01T20:30:58.513116Z",
            "yes_price": 91,
            "no_price": 9,
            "taker_side": "no"
        },
        {
            "trade_id": "96144e32-bb77-42a1-8819-348963f1c85e",
            "ticker": "KXHIGHMIA-24DEC01-B75.5",
            "count": 74,
            "created_time": "2024-12-01T20:30:58.513116Z",
            "yes_price": 91,
            "no_price": 9,
            "taker_side": "no"
        },
        {
            "trade_id": "65243ae9-ed77-42f2-a683-7ae5c8d9e8dc",
            "ticker": "KXHIGHMIA-24DEC01-B75.5",
            "count": 100,
            "created_time": "2024-12-01T20:30:58.513116Z",
            "yes_price": 92,
            "no_price": 8,
            "taker_side": "no"
        },
        {
            "trade_id": "3d5b9dfa-1574-449f-b829-14b07654e997",
            "ticker": "KXHIGHMIA-24DEC01-B75.5",
            "count": 256,
            "created_time": "2024-12-01T20:16:16.766024Z",
            "yes_price": 91,
            "no_price": 9,
            "taker_side": "no"
        },
        {
            "trade_id": "716807e5-ffdb-4da9-b424-56a52ec123f9",
            "ticker": "KXHIGHMIA-24DEC01-B75.5",
            "count": 80,
            "created_time": "2024-12-01T20:16:01.125461Z",
            "yes_price": 95,
            "no_price": 5,
            "taker_side": "no"
        },
        {
            "trade_id": "14e6c1e7-cc40-4c37-ab31-fca6a4af221c",
            "ticker": "KXHIGHMIA-24DEC01-B75.5",
            "count": 20,
            "created_time": "2024-12-01T20:15:31.896428Z",
            "yes_price": 95,
            "no_price": 5,
            "taker_side": "no"
        },
        {
            "trade_id": "294c20b1-100b-413f-a4fb-13fb51c96666",
            "ticker": "KXHIGHMIA-24DEC01-B75.5",
            "count": 40,
            "created_time": "2024-12-01T20:12:48.38826Z",
            "yes_price": 94,
            "no_price": 6,
            "taker_side": "no"
        },
        {
            "trade_id": "2b8ee405-b455-4288-8093-2a90164774dd",
            "ticker": "KXHIGHMIA-24DEC01-B75.5",
            "count": 100,
            "created_time": "2024-12-01T20:12:31.865331Z",
            "yes_price": 94,
            "no_price": 6,
            "taker_side": "no"
        },
        {
            "trade_id": "bdea5d07-12c0-406f-8277-fd2ec12e7c25",
            "ticker": "KXHIGHMIA-24DEC01-B75.5",
            "count": 30,
            "created_time": "2024-12-01T20:12:16.62756Z",
            "yes_price": 94,
            "no_price": 6,
            "taker_side": "no"
        },
        {
            "trade_id": "e292cd3e-77a4-4e33-a24f-5e20d6310357",
            "ticker": "KXHIGHMIA-24DEC01-B75.5",
            "count": 94,
            "created_time": "2024-12-01T20:08:01.975538Z",
            "yes_price": 97,
            "no_price": 3,
            "taker_side": "yes"
        },
        {
            "trade_id": "cda03358-c76b-4a67-88d1-5d4d32f90101",
            "ticker": "KXHIGHMIA-24DEC01-B75.5",
            "count": 10,
            "created_time": "2024-12-01T20:00:42.340467Z",
            "yes_price": 95,
            "no_price": 5,
            "taker_side": "yes"
        },
        {
            "trade_id": "e59e9b14-ac44-4048-bbc6-f3d1acb0eff0",
            "ticker": "KXHIGHMIA-24DEC01-B75.5",
            "count": 83,
            "created_time": "2024-12-01T19:59:38.33764Z",
            "yes_price": 95,
            "no_price": 5,
            "taker_side": "yes"
        },
        {
            "trade_id": "6938701c-9c46-4c31-a346-ea034481d415",
            "ticker": "KXHIGHMIA-24DEC01-B75.5",
            "count": 1,
            "created_time": "2024-12-01T19:59:38.33764Z",
            "yes_price": 95,
            "no_price": 5,
            "taker_side": "yes"
        },
        {
            "trade_id": "0994e106-7825-4832-8704-38df3a2edf67",
            "ticker": "KXHIGHMIA-24DEC01-B75.5",
            "count": 20,
            "created_time": "2024-12-01T19:59:38.33764Z",
            "yes_price": 95,
            "no_price": 5,
            "taker_side": "yes"
        },
        {
            "trade_id": "ea051c31-6fbd-4950-a6a3-876a95e54e6f",
            "ticker": "KXHIGHMIA-24DEC01-B75.5",
            "count": 200,
            "created_time": "2024-12-01T19:58:31.297988Z",
            "yes_price": 86,
            "no_price": 14,
            "taker_side": "no"
        },
        {
            "trade_id": "7cf03e9c-3027-45f2-8d03-1bd67d9e6f24",
            "ticker": "KXHIGHMIA-24DEC01-B75.5",
            "count": 20,
            "created_time": "2024-12-01T19:58:31.297988Z",
            "yes_price": 86,
            "no_price": 14,
            "taker_side": "no"
        },
        {
            "trade_id": "463faf33-f09d-4421-be63-b6ca460abb96",
            "ticker": "KXHIGHMIA-24DEC01-B75.5",
            "count": 2,
            "created_time": "2024-12-01T19:58:31.297988Z",
            "yes_price": 86,
            "no_price": 14,
            "taker_side": "no"
        },
        {
            "trade_id": "e4af8cf6-f0ee-43f6-a771-8b1a99815e90",
            "ticker": "KXHIGHMIA-24DEC01-B75.5",
            "count": 1,
            "created_time": "2024-12-01T19:54:17.078261Z",
            "yes_price": 94,
            "no_price": 6,
            "taker_side": "yes"
        },
        {
            "trade_id": "46a9eea6-7e2a-40dd-82e2-cb724eeaf937",
            "ticker": "KXHIGHMIA-24DEC01-B75.5",
            "count": 16,
            "created_time": "2024-12-01T19:49:25.440299Z",
            "yes_price": 83,
            "no_price": 17,
            "taker_side": "no"
        },
        {
            "trade_id": "bac7b06e-af44-4b71-9240-c26cf14661ac",
            "ticker": "KXHIGHMIA-24DEC01-B75.5",
            "count": 14,
            "created_time": "2024-12-01T19:47:06.537474Z",
            "yes_price": 81,
            "no_price": 19,
            "taker_side": "no"
        },
        {
            "trade_id": "4c4c6694-8f0b-43ad-b82a-6a97e4b6f615",
            "ticker": "KXHIGHMIA-24DEC01-B75.5",
            "count": 1,
            "created_time": "2024-12-01T19:47:06.537474Z",
            "yes_price": 82,
            "no_price": 18,
            "taker_side": "no"
        },
        {
            "trade_id": "1bdc8a52-cc38-4f46-afb8-89dba9f17821",
            "ticker": "KXHIGHMIA-24DEC01-B75.5",
            "count": 2,
            "created_time": "2024-12-01T19:46:44.469036Z",
            "yes_price": 90,
            "no_price": 10,
            "taker_side": "no"
        },
        {
            "trade_id": "083afe55-1161-4301-8cf3-5c7569759a9e",
            "ticker": "KXHIGHMIA-24DEC01-B75.5",
            "count": 3,
            "created_time": "2024-12-01T19:46:44.469036Z",
            "yes_price": 81,
            "no_price": 19,
            "taker_side": "no"
        },
        {
            "trade_id": "482a83eb-473a-479a-8b8e-0f6ba1252ad0",
            "ticker": "KXHIGHMIA-24DEC01-B75.5",
            "count": 3,
            "created_time": "2024-12-01T19:46:23.997841Z",
            "yes_price": 90,
            "no_price": 10,
            "taker_side": "no"
        },
        {
            "trade_id": "77506d94-dfea-4080-9a54-1897a8f94e57",
            "ticker": "KXHIGHMIA-24DEC01-B75.5",
            "count": 26,
            "created_time": "2024-12-01T19:45:51.143056Z",
            "yes_price": 92,
            "no_price": 8,
            "taker_side": "yes"
        },
        {
            "trade_id": "60530795-b239-4242-926c-116db163b71d",
            "ticker": "KXHIGHMIA-24DEC01-B75.5",
            "count": 177,
            "created_time": "2024-12-01T19:45:51.143056Z",
            "yes_price": 93,
            "no_price": 7,
            "taker_side": "yes"
        },
        {
            "trade_id": "f896f0dc-60b8-44fe-9fd5-b96738fb956a",
            "ticker": "KXHIGHMIA-24DEC01-B75.5",
            "count": 24,
            "created_time": "2024-12-01T19:42:36.724695Z",
            "yes_price": 93,
            "no_price": 7,
            "taker_side": "yes"
        },
        {
            "trade_id": "d3b23e40-c235-4420-8fb5-d9f88189c216",
            "ticker": "KXHIGHMIA-24DEC01-B75.5",
            "count": 35,
            "created_time": "2024-12-01T19:42:36.724695Z",
            "yes_price": 88,
            "no_price": 12,
            "taker_side": "yes"
        },
        {
            "trade_id": "3a24f9c4-c2b4-4f86-af06-8aa015ee0467",
            "ticker": "KXHIGHMIA-24DEC01-B75.5",
            "count": 1,
            "created_time": "2024-12-01T19:42:36.724695Z",
            "yes_price": 88,
            "no_price": 12,
            "taker_side": "yes"
        },
        {
            "trade_id": "16939b4f-fb03-48c1-9a5c-08582ae1aea8",
            "ticker": "KXHIGHMIA-24DEC01-B75.5",
            "count": 20,
            "created_time": "2024-12-01T19:42:36.724695Z",
            "yes_price": 90,
            "no_price": 10,
            "taker_side": "yes"
        },
        {
            "trade_id": "1525f44f-fbca-4542-b7a8-ff2c4d086e15",
            "ticker": "KXHIGHMIA-24DEC01-B75.5",
            "count": 14,
            "created_time": "2024-12-01T19:42:36.724695Z",
            "yes_price": 89,
            "no_price": 11,
            "taker_side": "yes"
        },
        {
            "trade_id": "ea4d3412-5393-40f3-8246-af09b1d9e99d",
            "ticker": "KXHIGHMIA-24DEC01-B75.5",
            "count": 2,
            "created_time": "2024-12-01T19:38:21.102834Z",
            "yes_price": 81,
            "no_price": 19,
            "taker_side": "no"
        },
        {
            "trade_id": "b476dae9-e2fe-4569-bd9f-a80dcc5be1f9",
            "ticker": "KXHIGHMIA-24DEC01-B75.5",
            "count": 91,
            "created_time": "2024-12-01T19:38:21.102834Z",
            "yes_price": 80,
            "no_price": 20,
            "taker_side": "no"
        },
        {
            "trade_id": "87e978c5-490c-42f6-9919-01f97ab662af",
            "ticker": "KXHIGHMIA-24DEC01-B75.5",
            "count": 1,
            "created_time": "2024-12-01T19:38:21.102834Z",
            "yes_price": 81,
            "no_price": 19,
            "taker_side": "no"
        },
        {
            "trade_id": "2ed54654-3d70-4669-b77e-f2904db5aafc",
            "ticker": "KXHIGHMIA-24DEC01-B75.5",
            "count": 696,
            "created_time": "2024-12-01T19:38:00.054432Z",
            "yes_price": 87,
            "no_price": 13,
            "taker_side": "yes"
        },
        {
            "trade_id": "f9790523-dd96-4093-b00d-eef20b44a479",
            "ticker": "KXHIGHMIA-24DEC01-B75.5",
            "count": 1,
            "created_time": "2024-12-01T19:34:23.708515Z",
            "yes_price": 86,
            "no_price": 14,
            "taker_side": "yes"
        },
        {
            "trade_id": "7c699873-9a45-4d1f-8b31-56ad0496d259",
            "ticker": "KXHIGHMIA-24DEC01-B75.5",
            "count": 2,
            "created_time": "2024-12-01T19:34:23.708515Z",
            "yes_price": 87,
            "no_price": 13,
            "taker_side": "yes"
        },
        {
            "trade_id": "21401eaa-a5ac-4199-a0bc-ab98b08f5c71",
            "ticker": "KXHIGHMIA-24DEC01-B75.5",
            "count": 20,
            "created_time": "2024-12-01T19:33:30.659088Z",
            "yes_price": 76,
            "no_price": 24,
            "taker_side": "no"
        },
        {
            "trade_id": "e674ccad-24e4-4f73-9e51-b1cdac876064",
            "ticker": "KXHIGHMIA-24DEC01-B75.5",
            "count": 6,
            "created_time": "2024-12-01T19:33:24.573834Z",
            "yes_price": 77,
            "no_price": 23,
            "taker_side": "no"
        },
        {
            "trade_id": "b2f0006a-7861-4bb0-b2e9-0e6ce5809a1c",
            "ticker": "KXHIGHMIA-24DEC01-B75.5",
            "count": 1,
            "created_time": "2024-12-01T19:33:23.469388Z",
            "yes_price": 78,
            "no_price": 22,
            "taker_side": "no"
        },
        {
            "trade_id": "605bed9e-bf07-4068-9519-6349cca7f7fe",
            "ticker": "KXHIGHMIA-24DEC01-B75.5",
            "count": 1,
            "created_time": "2024-12-01T19:31:29.125713Z",
            "yes_price": 85,
            "no_price": 15,
            "taker_side": "yes"
        },
        {
            "trade_id": "da1873c9-1b1e-4150-95db-69ce5f3d8cee",
            "ticker": "KXHIGHMIA-24DEC01-B75.5",
            "count": 60,
            "created_time": "2024-12-01T19:31:14.551137Z",
            "yes_price": 86,
            "no_price": 14,
            "taker_side": "no"
        },
        {
            "trade_id": "cd8f5870-9726-45ee-b4ff-d2bf1ad5497b",
            "ticker": "KXHIGHMIA-24DEC01-B75.5",
            "count": 20,
            "created_time": "2024-12-01T19:31:14.551137Z",
            "yes_price": 78,
            "no_price": 22,
            "taker_side": "no"
        },
        {
            "trade_id": "6e109c93-501e-495b-9fd4-f8f4740ed8b5",
            "ticker": "KXHIGHMIA-24DEC01-B75.5",
            "count": 14,
            "created_time": "2024-12-01T19:31:14.551137Z",
            "yes_price": 77,
            "no_price": 23,
            "taker_side": "no"
        },
        {
            "trade_id": "38607fe9-b690-440a-8ba4-d3c79689c123",
            "ticker": "KXHIGHMIA-24DEC01-B75.5",
            "count": 1,
            "created_time": "2024-12-01T19:31:14.551137Z",
            "yes_price": 78,
            "no_price": 22,
            "taker_side": "no"
        },
        {
            "trade_id": "e08b6af6-979c-4a5c-af61-5e27118c8049",
            "ticker": "KXHIGHMIA-24DEC01-B75.5",
            "count": 95,
            "created_time": "2024-12-01T19:31:14.500826Z",
            "yes_price": 86,
            "no_price": 14,
            "taker_side": "no"
        },
        {
            "trade_id": "08b4d46c-2625-4c04-9257-f2dc4a992620",
            "ticker": "KXHIGHMIA-24DEC01-B75.5",
            "count": 36,
            "created_time": "2024-12-01T19:31:14.430933Z",
            "yes_price": 86,
            "no_price": 14,
            "taker_side": "no"
        },
        {
            "trade_id": "b0b6ae7d-79fb-462f-937e-3056f83a291e",
            "ticker": "KXHIGHMIA-24DEC01-B75.5",
            "count": 36,
            "created_time": "2024-12-01T19:31:14.425274Z",
            "yes_price": 86,
            "no_price": 14,
            "taker_side": "no"
        },
        {
            "trade_id": "297c4045-b4e7-40c9-bee2-34ad8e02f2f0",
            "ticker": "KXHIGHMIA-24DEC01-B75.5",
            "count": 83,
            "created_time": "2024-12-01T19:31:14.345505Z",
            "yes_price": 86,
            "no_price": 14,
            "taker_side": "yes"
        },
        {
            "trade_id": "00bf4986-e09b-484e-b8df-db6fb0d81254",
            "ticker": "KXHIGHMIA-24DEC01-B75.5",
            "count": 36,
            "created_time": "2024-12-01T19:31:14.345505Z",
            "yes_price": 86,
            "no_price": 14,
            "taker_side": "yes"
        },
        {
            "trade_id": "61d3f864-ca1f-42be-8351-67ca4da50422",
            "ticker": "KXHIGHMIA-24DEC01-B75.5",
            "count": 83,
            "created_time": "2024-12-01T19:27:57.196243Z",
            "yes_price": 86,
            "no_price": 14,
            "taker_side": "yes"
        },
        {
            "trade_id": "1b85214b-f00c-4c01-bc44-34b922e2e085",
            "ticker": "KXHIGHMIA-24DEC01-B75.5",
            "count": 117,
            "created_time": "2024-12-01T19:27:57.196243Z",
            "yes_price": 86,
            "no_price": 14,
            "taker_side": "yes"
        },
        {
            "trade_id": "ca2e930b-6e04-41ab-a5d9-185df764a7a5",
            "ticker": "KXHIGHMIA-24DEC01-B75.5",
            "count": 58,
            "created_time": "2024-12-01T19:18:31.663667Z",
            "yes_price": 85,
            "no_price": 15,
            "taker_side": "yes"
        },
        {
            "trade_id": "9e2ae7b2-93fc-4990-9030-4f23e2a3a69d",
            "ticker": "KXHIGHMIA-24DEC01-B75.5",
            "count": 100,
            "created_time": "2024-12-01T19:16:51.554608Z",
            "yes_price": 85,
            "no_price": 15,
            "taker_side": "yes"
        },
        {
            "trade_id": "0a1ddec7-d1e5-471d-905d-e9aceb1817a4",
            "ticker": "KXHIGHMIA-24DEC01-B75.5",
            "count": 57,
            "created_time": "2024-12-01T19:10:38.384132Z",
            "yes_price": 86,
            "no_price": 14,
            "taker_side": "yes"
        },
        {
            "trade_id": "58f74055-7941-4637-8234-63b7b87529f7",
            "ticker": "KXHIGHMIA-24DEC01-B75.5",
            "count": 113,
            "created_time": "2024-12-01T19:08:27.952503Z",
            "yes_price": 87,
            "no_price": 13,
            "taker_side": "yes"
        },
        {
            "trade_id": "9546babe-0960-4344-8fa3-e684e77346b7",
            "ticker": "KXHIGHMIA-24DEC01-B75.5",
            "count": 1,
            "created_time": "2024-12-01T19:07:49.618258Z",
            "yes_price": 77,
            "no_price": 23,
            "taker_side": "no"
        },
        {
            "trade_id": "840a57bb-803a-48fd-91e6-7cf8c7248350",
            "ticker": "KXHIGHMIA-24DEC01-B75.5",
            "count": 89,
            "created_time": "2024-12-01T19:06:07.826987Z",
            "yes_price": 87,
            "no_price": 13,
            "taker_side": "yes"
        },
        {
            "trade_id": "f0788676-9498-47dc-9b25-eab66b794d4d",
            "ticker": "KXHIGHMIA-24DEC01-B75.5",
            "count": 3,
            "created_time": "2024-12-01T19:04:10.751573Z",
            "yes_price": 88,
            "no_price": 12,
            "taker_side": "yes"
        },
        {
            "trade_id": "4a18fd25-cf39-4bab-9a69-7815b7918306",
            "ticker": "KXHIGHMIA-24DEC01-B75.5",
            "count": 1,
            "created_time": "2024-12-01T19:03:05.463268Z",
            "yes_price": 90,
            "no_price": 10,
            "taker_side": "yes"
        },
        {
            "trade_id": "29d204d9-b824-4c40-8386-5d3737ed38fa",
            "ticker": "KXHIGHMIA-24DEC01-B75.5",
            "count": 23,
            "created_time": "2024-12-01T19:02:57.585387Z",
            "yes_price": 90,
            "no_price": 10,
            "taker_side": "yes"
        },
        {
            "trade_id": "b688134d-cdf3-4327-99fc-6aad5b4ff09a",
            "ticker": "KXHIGHMIA-24DEC01-B75.5",
            "count": 200,
            "created_time": "2024-12-01T19:01:09.616448Z",
            "yes_price": 91,
            "no_price": 9,
            "taker_side": "yes"
        },
        {
            "trade_id": "f61ca492-1111-41a7-9ecb-72db9d1644cd",
            "ticker": "KXHIGHMIA-24DEC01-B75.5",
            "count": 242,
            "created_time": "2024-12-01T19:00:55.886029Z",
            "yes_price": 90,
            "no_price": 10,
            "taker_side": "yes"
        },
        {
            "trade_id": "ed572c90-99f3-4e31-9ffb-94d5d2e97cad",
            "ticker": "KXHIGHMIA-24DEC01-B75.5",
            "count": 200,
            "created_time": "2024-12-01T19:00:36.958958Z",
            "yes_price": 94,
            "no_price": 6,
            "taker_side": "yes"
        },
        {
            "trade_id": "daa089f2-8fc1-4ed7-aa94-e173f6f9abf9",
            "ticker": "KXHIGHMIA-24DEC01-B75.5",
            "count": 200,
            "created_time": "2024-12-01T19:00:36.958958Z",
            "yes_price": 90,
            "no_price": 10,
            "taker_side": "yes"
        },
        {
            "trade_id": "9eda0f03-36bf-42c4-a978-1e27e3e3b0e0",
            "ticker": "KXHIGHMIA-24DEC01-B75.5",
            "count": 100,
            "created_time": "2024-12-01T19:00:36.958958Z",
            "yes_price": 98,
            "no_price": 2,
            "taker_side": "yes"
        },
        {
            "trade_id": "9e20ee96-71de-4753-b3aa-062ec7e52eb3",
            "ticker": "KXHIGHMIA-24DEC01-B75.5",
            "count": 45,
            "created_time": "2024-12-01T19:00:36.958958Z",
            "yes_price": 97,
            "no_price": 3,
            "taker_side": "yes"
        },
        {
            "trade_id": "7a4918b8-7373-40d2-9665-62afebb2a443",
            "ticker": "KXHIGHMIA-24DEC01-B75.5",
            "count": 947,
            "created_time": "2024-12-01T19:00:36.958958Z",
            "yes_price": 97,
            "no_price": 3,
            "taker_side": "yes"
        },
        {
            "trade_id": "6893ebbc-5344-4934-a5dd-b60ea0768da5",
            "ticker": "KXHIGHMIA-24DEC01-B75.5",
            "count": 200,
            "created_time": "2024-12-01T19:00:36.958958Z",
            "yes_price": 89,
            "no_price": 11,
            "taker_side": "yes"
        },
        {
            "trade_id": "5efb8ce0-c277-464e-a747-b20377497c27",
            "ticker": "KXHIGHMIA-24DEC01-B75.5",
            "count": 100,
            "created_time": "2024-12-01T19:00:36.958958Z",
            "yes_price": 97,
            "no_price": 3,
            "taker_side": "yes"
        },
        {
            "trade_id": "3732987c-9bc2-4480-97c1-1feef44dd32c",
            "ticker": "KXHIGHMIA-24DEC01-B75.5",
            "count": 100,
            "created_time": "2024-12-01T19:00:36.958958Z",
            "yes_price": 85,
            "no_price": 15,
            "taker_side": "yes"
        },
        {
            "trade_id": "350eb98c-1453-4eab-aef8-80150ccbbd48",
            "ticker": "KXHIGHMIA-24DEC01-B75.5",
            "count": 919,
            "created_time": "2024-12-01T19:00:36.958958Z",
            "yes_price": 99,
            "no_price": 1,
            "taker_side": "yes"
        },
        {
            "trade_id": "2493adb3-16bf-4422-aec2-4c2f891b7721",
            "ticker": "KXHIGHMIA-24DEC01-B75.5",
            "count": 50,
            "created_time": "2024-12-01T19:00:36.958958Z",
            "yes_price": 97,
            "no_price": 3,
            "taker_side": "yes"
        },
        {
            "trade_id": "0f6f4790-9a5c-49d6-8d05-3fe9c1175dc5",
            "ticker": "KXHIGHMIA-24DEC01-B75.5",
            "count": 35,
            "created_time": "2024-12-01T19:00:36.958958Z",
            "yes_price": 96,
            "no_price": 4,
            "taker_side": "yes"
        },
        {
            "trade_id": "09c93d82-0bca-482c-ac1d-97767189d8dc",
            "ticker": "KXHIGHMIA-24DEC01-B75.5",
            "count": 100,
            "created_time": "2024-12-01T19:00:36.958958Z",
            "yes_price": 95,
            "no_price": 5,
            "taker_side": "yes"
        },
        {
            "trade_id": "e924bc4f-7278-4c9c-b16b-2f1d0e114060",
            "ticker": "KXHIGHMIA-24DEC01-B75.5",
            "count": 97,
            "created_time": "2024-12-01T19:00:20.795252Z",
            "yes_price": 84,
            "no_price": 16,
            "taker_side": "yes"
        },
        {
            "trade_id": "c7a9c8a1-be1b-471c-acc1-4cae6e4ab3b1",
            "ticker": "KXHIGHMIA-24DEC01-B75.5",
            "count": 3,
            "created_time": "2024-12-01T18:59:51.719332Z",
            "yes_price": 84,
            "no_price": 16,
            "taker_side": "yes"
        },
        {
            "trade_id": "60f23bf1-de72-4360-9be0-7b2f7d6532a4",
            "ticker": "KXHIGHMIA-24DEC01-B75.5",
            "count": 170,
            "created_time": "2024-12-01T18:59:07.737315Z",
            "yes_price": 82,
            "no_price": 18,
            "taker_side": "yes"
        },
        {
            "trade_id": "d4087aa3-499c-4b3e-a4dd-5e54792e5ba4",
            "ticker": "KXHIGHMIA-24DEC01-B75.5",
            "count": 30,
            "created_time": "2024-12-01T18:58:58.688322Z",
            "yes_price": 82,
            "no_price": 18,
            "taker_side": "yes"
        },
        {
            "trade_id": "1b9ababe-140f-4b6f-9367-901b7bed871f",
            "ticker": "KXHIGHMIA-24DEC01-B75.5",
            "count": 19,
            "created_time": "2024-12-01T18:58:31.497338Z",
            "yes_price": 79,
            "no_price": 21,
            "taker_side": "yes"
        },
        {
            "trade_id": "02999439-fd64-43a2-ab63-b10f32f75b30",
            "ticker": "KXHIGHMIA-24DEC01-B75.5",
            "count": 47,
            "created_time": "2024-12-01T18:58:24.315668Z",
            "yes_price": 80,
            "no_price": 20,
            "taker_side": "no"
        },
        {
            "trade_id": "77e6c77e-bbb3-4442-b8fe-ca4005441fd3",
            "ticker": "KXHIGHMIA-24DEC01-B75.5",
            "count": 1,
            "created_time": "2024-12-01T18:58:17.18556Z",
            "yes_price": 80,
            "no_price": 20,
            "taker_side": "yes"
        },
        {
            "trade_id": "72351046-5089-4630-8034-8a9c21e1e815",
            "ticker": "KXHIGHMIA-24DEC01-B75.5",
            "count": 22,
            "created_time": "2024-12-01T18:58:17.18556Z",
            "yes_price": 80,
            "no_price": 20,
            "taker_side": "yes"
        },
        {
            "trade_id": "bbc978a4-035d-4f61-beae-a9ecb415f155",
            "ticker": "KXHIGHMIA-24DEC01-B75.5",
            "count": 7,
            "created_time": "2024-12-01T18:57:48.139835Z",
            "yes_price": 80,
            "no_price": 20,
            "taker_side": "yes"
        },
        {
            "trade_id": "45c8a030-4a55-4489-8620-ac5cc6ae017c",
            "ticker": "KXHIGHMIA-24DEC01-B75.5",
            "count": 1,
            "created_time": "2024-12-01T18:57:06.739947Z",
            "yes_price": 49,
            "no_price": 51,
            "taker_side": "no"
        },
        {
            "trade_id": "b3e8aa82-b916-4c74-b444-1b6de09d2754",
            "ticker": "KXHIGHMIA-24DEC01-B75.5",
            "count": 23,
            "created_time": "2024-12-01T18:56:55.168118Z",
            "yes_price": 73,
            "no_price": 27,
            "taker_side": "yes"
        },
        {
            "trade_id": "61b7f22e-e876-4e15-acea-6720f36bc38a",
            "ticker": "KXHIGHMIA-24DEC01-B75.5",
            "count": 107,
            "created_time": "2024-12-01T18:56:55.168118Z",
            "yes_price": 76,
            "no_price": 24,
            "taker_side": "yes"
        },
        {
            "trade_id": "fab0d8e9-a834-4abb-9d13-bce29cfc9e6a",
            "ticker": "KXHIGHMIA-24DEC01-B75.5",
            "count": 117,
            "created_time": "2024-12-01T18:56:04.410575Z",
            "yes_price": 73,
            "no_price": 27,
            "taker_side": "yes"
        },
        {
            "trade_id": "c9d080ff-a551-4c9a-bf81-5bfbbdc5f655",
            "ticker": "KXHIGHMIA-24DEC01-B75.5",
            "count": 1,
            "created_time": "2024-12-01T18:55:26.144067Z",
            "yes_price": 74,
            "no_price": 26,
            "taker_side": "yes"
        },
        {
            "trade_id": "aa56fc5c-f93e-498e-a3a2-09548dd6f67c",
            "ticker": "KXHIGHMIA-24DEC01-B75.5",
            "count": 36,
            "created_time": "2024-12-01T18:54:44.91059Z",
            "yes_price": 54,
            "no_price": 46,
            "taker_side": "no"
        },
        {
            "trade_id": "2398d025-a17e-4d0c-b031-7fdf06453b21",
            "ticker": "KXHIGHMIA-24DEC01-B75.5",
            "count": 33,
            "created_time": "2024-12-01T18:54:44.91059Z",
            "yes_price": 35,
            "no_price": 65,
            "taker_side": "no"
        },
        {
            "trade_id": "03f58567-22c8-4a9a-b37d-e2d35afbf867",
            "ticker": "KXHIGHMIA-24DEC01-B75.5",
            "count": 90,
            "created_time": "2024-12-01T18:54:44.91059Z",
            "yes_price": 34,
            "no_price": 66,
            "taker_side": "no"
        },
        {
            "trade_id": "dce7027f-c363-4c96-988c-9feae8b357e3",
            "ticker": "KXHIGHMIA-24DEC01-B75.5",
            "count": 112,
            "created_time": "2024-12-01T18:54:40.694928Z",
            "yes_price": 54,
            "no_price": 46,
            "taker_side": "no"
        },
        {
            "trade_id": "0c732381-d623-40f4-bef4-9592d8fa15d1",
            "ticker": "KXHIGHMIA-24DEC01-B75.5",
            "count": 174,
            "created_time": "2024-12-01T18:54:40.694928Z",
            "yes_price": 75,
            "no_price": 25,
            "taker_side": "no"
        },
        {
            "trade_id": "73b2b533-01b6-4006-8545-cdd087af698c",
            "ticker": "KXHIGHMIA-24DEC01-B75.5",
            "count": 150,
            "created_time": "2024-12-01T18:54:33.040671Z",
            "yes_price": 75,
            "no_price": 25,
            "taker_side": "no"
        },
        {
            "trade_id": "5687e78c-e3f3-4353-bb2f-fb1112f1662c",
            "ticker": "KXHIGHMIA-24DEC01-B75.5",
            "count": 70,
            "created_time": "2024-12-01T18:52:17.148224Z",
            "yes_price": 75,
            "no_price": 25,
            "taker_side": "no"
        },
        {
            "trade_id": "de1d46b9-5c7e-4fe7-801b-1f774f72a650",
            "ticker": "KXHIGHMIA-24DEC01-B75.5",
            "count": 100,
            "created_time": "2024-12-01T18:51:34.605686Z",
            "yes_price": 75,
            "no_price": 25,
            "taker_side": "no"
        },
        {
            "trade_id": "c3233f7a-7bf8-4979-9ce1-2b0dafa1858b",
            "ticker": "KXHIGHMIA-24DEC01-B75.5",
            "count": 6,
            "created_time": "2024-12-01T18:51:21.098608Z",
            "yes_price": 75,
            "no_price": 25,
            "taker_side": "no"
        },
        {
            "trade_id": "5bbabcb0-838f-41ce-84c0-678890ed91d5",
            "ticker": "KXHIGHMIA-24DEC01-B75.5",
            "count": 25,
            "created_time": "2024-12-01T18:49:07.622968Z",
            "yes_price": 69,
            "no_price": 31,
            "taker_side": "no"
        },
        {
            "trade_id": "99d45f88-46f4-46e1-a618-ac81337efae8",
            "ticker": "KXHIGHMIA-24DEC01-B75.5",
            "count": 43,
            "created_time": "2024-12-01T18:48:52.540334Z",
            "yes_price": 70,
            "no_price": 30,
            "taker_side": "no"
        },
        {
            "trade_id": "2c81521e-82a6-45cc-b8bf-7712357d5b48",
            "ticker": "KXHIGHMIA-24DEC01-B75.5",
            "count": 3,
            "created_time": "2024-12-01T18:47:22.311595Z",
            "yes_price": 69,
            "no_price": 31,
            "taker_side": "no"
        },
        {
            "trade_id": "99272171-d69c-411a-bf9d-3ea51616c212",
            "ticker": "KXHIGHMIA-24DEC01-B75.5",
            "count": 101,
            "created_time": "2024-12-01T18:47:20.478198Z",
            "yes_price": 73,
            "no_price": 27,
            "taker_side": "no"
        },
        {
            "trade_id": "61db13e5-da22-4fab-b18b-b0653132b4b4",
            "ticker": "KXHIGHMIA-24DEC01-B75.5",
            "count": 32,
            "created_time": "2024-12-01T18:46:57.250923Z",
            "yes_price": 73,
            "no_price": 27,
            "taker_side": "no"
        },
        {
            "trade_id": "2b385b63-2266-439d-8ebf-c09bf4ba8ec8",
            "ticker": "KXHIGHMIA-24DEC01-B75.5",
            "count": 26,
            "created_time": "2024-12-01T18:46:31.344548Z",
            "yes_price": 73,
            "no_price": 27,
            "taker_side": "no"
        },
        {
            "trade_id": "472feec6-7b38-4d8a-8b21-c1a146235a5f",
            "ticker": "KXHIGHMIA-24DEC01-B75.5",
            "count": 1,
            "created_time": "2024-12-01T18:46:18.827997Z",
            "yes_price": 79,
            "no_price": 21,
            "taker_side": "yes"
        },
        {
            "trade_id": "ee3e5a8b-65ea-48fc-82e8-97fbd0d85aff",
            "ticker": "KXHIGHMIA-24DEC01-B75.5",
            "count": 10,
            "created_time": "2024-12-01T18:44:53.242008Z",
            "yes_price": 73,
            "no_price": 27,
            "taker_side": "no"
        },
        {
            "trade_id": "c66a8ede-e88b-4fc2-a520-624d2ca9a589",
            "ticker": "KXHIGHMIA-24DEC01-B75.5",
            "count": 31,
            "created_time": "2024-12-01T18:44:39.596959Z",
            "yes_price": 73,
            "no_price": 27,
            "taker_side": "no"
        },
        {
            "trade_id": "004a1c90-4a3d-44dc-9f94-da151078efb4",
            "ticker": "KXHIGHMIA-24DEC01-B75.5",
            "count": 34,
            "created_time": "2024-12-01T18:44:29.631699Z",
            "yes_price": 70,
            "no_price": 30,
            "taker_side": "no"
        },
        {
            "trade_id": "8ba49ffb-2636-4a19-ba8d-5b89c23cb995",
            "ticker": "KXHIGHMIA-24DEC01-B75.5",
            "count": 28,
            "created_time": "2024-12-01T18:44:27.314973Z",
            "yes_price": 70,
            "no_price": 30,
            "taker_side": "no"
        },
        {
            "trade_id": "725e35cd-1a8a-44ba-aa08-5fcdc760ca53",
            "ticker": "KXHIGHMIA-24DEC01-B75.5",
            "count": 3,
            "created_time": "2024-12-01T18:43:15.684639Z",
            "yes_price": 75,
            "no_price": 25,
            "taker_side": "no"
        },
        {
            "trade_id": "423c3db0-3598-4fcf-bb8f-8629bfac4d7f",
            "ticker": "KXHIGHMIA-24DEC01-B75.5",
            "count": 100,
            "created_time": "2024-12-01T18:42:56.689089Z",
            "yes_price": 75,
            "no_price": 25,
            "taker_side": "no"
        },
        {
            "trade_id": "19ac82ac-5874-45f5-93d3-81720cdbbb48",
            "ticker": "KXHIGHMIA-24DEC01-B75.5",
            "count": 97,
            "created_time": "2024-12-01T18:42:56.689089Z",
            "yes_price": 75,
            "no_price": 25,
            "taker_side": "no"
        },
        {
            "trade_id": "7e8ab11e-0b96-4ed2-87ae-330f0f566eef",
            "ticker": "KXHIGHMIA-24DEC01-B75.5",
            "count": 1,
            "created_time": "2024-12-01T18:42:41.838269Z",
            "yes_price": 79,
            "no_price": 21,
            "taker_side": "no"
        },
        {
            "trade_id": "33b28368-bff0-4404-b01d-6b1d69ac2448",
            "ticker": "KXHIGHMIA-24DEC01-B75.5",
            "count": 1,
            "created_time": "2024-12-01T18:39:55.294907Z",
            "yes_price": 79,
            "no_price": 21,
            "taker_side": "yes"
        },
        {
            "trade_id": "d5d9036f-6490-4a3f-ba92-917532645e92",
            "ticker": "KXHIGHMIA-24DEC01-B75.5",
            "count": 11,
            "created_time": "2024-12-01T18:39:36.11468Z",
            "yes_price": 65,
            "no_price": 35,
            "taker_side": "no"
        },
        {
            "trade_id": "a6fd124a-28e1-42ab-8883-d1910d14c63f",
            "ticker": "KXHIGHMIA-24DEC01-B75.5",
            "count": 172,
            "created_time": "2024-12-01T18:39:36.11468Z",
            "yes_price": 75,
            "no_price": 25,
            "taker_side": "no"
        },
        {
            "trade_id": "9158a9d5-f9fe-4066-8698-cd5bd5c6ef9b",
            "ticker": "KXHIGHMIA-24DEC01-B75.5",
            "count": 200,
            "created_time": "2024-12-01T18:39:36.11468Z",
            "yes_price": 65,
            "no_price": 35,
            "taker_side": "no"
        },
        {
            "trade_id": "480f0a69-469d-4bf2-a449-940634c795a7",
            "ticker": "KXHIGHMIA-24DEC01-B75.5",
            "count": 22,
            "created_time": "2024-12-01T18:39:36.11468Z",
            "yes_price": 72,
            "no_price": 28,
            "taker_side": "no"
        },
        {
            "trade_id": "472811d9-553a-472f-aab2-0ec84be8448c",
            "ticker": "KXHIGHMIA-24DEC01-B75.5",
            "count": 100,
            "created_time": "2024-12-01T18:39:36.11468Z",
            "yes_price": 76,
            "no_price": 24,
            "taker_side": "no"
        },
        {
            "trade_id": "10c60051-8681-47b3-af76-5eb90c556342",
            "ticker": "KXHIGHMIA-24DEC01-B75.5",
            "count": 93,
            "created_time": "2024-12-01T18:39:36.11468Z",
            "yes_price": 76,
            "no_price": 24,
            "taker_side": "no"
        },
        {
            "trade_id": "31eb0eb9-ac31-4428-8d85-eb4eaa0792fb",
            "ticker": "KXHIGHMIA-24DEC01-B75.5",
            "count": 18,
            "created_time": "2024-12-01T18:38:55.131007Z",
            "yes_price": 80,
            "no_price": 20,
            "taker_side": "yes"
        },
        {
            "trade_id": "d7160c3b-cbe2-4c12-817a-e72f50c1dc01",
            "ticker": "KXHIGHMIA-24DEC01-B75.5",
            "count": 12,
            "created_time": "2024-12-01T18:38:32.301134Z",
            "yes_price": 80,
            "no_price": 20,
            "taker_side": "yes"
        },
        {
            "trade_id": "4edeb173-e550-4e65-a57c-1d251541c99c",
            "ticker": "KXHIGHMIA-24DEC01-B75.5",
            "count": 7,
            "created_time": "2024-12-01T18:38:18.644736Z",
            "yes_price": 79,
            "no_price": 21,
            "taker_side": "no"
        },
        {
            "trade_id": "c00b7226-0366-4244-99d5-608281a3bf47",
            "ticker": "KXHIGHMIA-24DEC01-B75.5",
            "count": 20,
            "created_time": "2024-12-01T18:36:43.011192Z",
            "yes_price": 71,
            "no_price": 29,
            "taker_side": "no"
        },
        {
            "trade_id": "13e2de2d-7b36-4b78-9af2-e415b477b0ee",
            "ticker": "KXHIGHMIA-24DEC01-B75.5",
            "count": 100,
            "created_time": "2024-12-01T18:36:21.658757Z",
            "yes_price": 67,
            "no_price": 33,
            "taker_side": "no"
        },
        {
            "trade_id": "b349663b-1294-4185-9477-12d88351932b",
            "ticker": "KXHIGHMIA-24DEC01-B75.5",
            "count": 7,
            "created_time": "2024-12-01T18:33:54.514168Z",
            "yes_price": 81,
            "no_price": 19,
            "taker_side": "yes"
        },
        {
            "trade_id": "1088efe9-2ddd-490f-9ba8-ac97dd42011e",
            "ticker": "KXHIGHMIA-24DEC01-B75.5",
            "count": 39,
            "created_time": "2024-12-01T18:28:38.994641Z",
            "yes_price": 59,
            "no_price": 41,
            "taker_side": "yes"
        },
        {
            "trade_id": "084d5f6c-68c6-43f4-a6ac-c433ba92700e",
            "ticker": "KXHIGHMIA-24DEC01-B75.5",
            "count": 35,
            "created_time": "2024-12-01T18:27:54.706818Z",
            "yes_price": 82,
            "no_price": 18,
            "taker_side": "yes"
        },
        {
            "trade_id": "083eef0a-6044-431f-a336-ebc67c0c3518",
            "ticker": "KXHIGHMIA-24DEC01-B75.5",
            "count": 23,
            "created_time": "2024-12-01T18:27:40.123405Z",
            "yes_price": 60,
            "no_price": 40,
            "taker_side": "yes"
        },
        {
            "trade_id": "d0de6247-a3ec-45c5-a269-cf102b6c0398",
            "ticker": "KXHIGHMIA-24DEC01-B75.5",
            "count": 143,
            "created_time": "2024-12-01T18:23:32.992135Z",
            "yes_price": 52,
            "no_price": 48,
            "taker_side": "yes"
        },
        {
            "trade_id": "33a6654f-d99e-4445-a930-e17436918c8d",
            "ticker": "KXHIGHMIA-24DEC01-B75.5",
            "count": 15,
            "created_time": "2024-12-01T18:17:42.512187Z",
            "yes_price": 62,
            "no_price": 38,
            "taker_side": "yes"
        },
        {
            "trade_id": "fecc755e-177e-4bf6-99a1-07c9f470daa8",
            "ticker": "KXHIGHMIA-24DEC01-B75.5",
            "count": 10,
            "created_time": "2024-12-01T18:14:46.281219Z",
            "yes_price": 45,
            "no_price": 55,
            "taker_side": "no"
        },
        {
            "trade_id": "6445c296-98f3-4079-9a25-58a1144bc922",
            "ticker": "KXHIGHMIA-24DEC01-B75.5",
            "count": 1,
            "created_time": "2024-12-01T18:14:03.114187Z",
            "yes_price": 56,
            "no_price": 44,
            "taker_side": "no"
        },
        {
            "trade_id": "4ee18c45-b3a3-4aa5-931d-b41c3bd42528",
            "ticker": "KXHIGHMIA-24DEC01-B75.5",
            "count": 15,
            "created_time": "2024-12-01T18:12:26.366203Z",
            "yes_price": 56,
            "no_price": 44,
            "taker_side": "no"
        },
        {
            "trade_id": "7cd34dd2-7190-4363-aad3-f71429e11805",
            "ticker": "KXHIGHMIA-24DEC01-B75.5",
            "count": 25,
            "created_time": "2024-12-01T18:12:05.427964Z",
            "yes_price": 60,
            "no_price": 40,
            "taker_side": "no"
        },
        {
            "trade_id": "1e512974-f65a-4d41-82ef-800f3fcb363a",
            "ticker": "KXHIGHMIA-24DEC01-B75.5",
            "count": 40,
            "created_time": "2024-12-01T18:11:58.346442Z",
            "yes_price": 60,
            "no_price": 40,
            "taker_side": "no"
        },
        {
            "trade_id": "653ec313-5569-46ef-b7ae-b27eeff045ca",
            "ticker": "KXHIGHMIA-24DEC01-B75.5",
            "count": 25,
            "created_time": "2024-12-01T18:11:46.896233Z",
            "yes_price": 61,
            "no_price": 39,
            "taker_side": "no"
        },
        {
            "trade_id": "501d36a1-30ee-4bdd-a326-b63c1ef84f45",
            "ticker": "KXHIGHMIA-24DEC01-B75.5",
            "count": 31,
            "created_time": "2024-12-01T18:10:37.117199Z",
            "yes_price": 70,
            "no_price": 30,
            "taker_side": "yes"
        },
        {
            "trade_id": "e4a77dd2-2697-4ac6-b191-b08d6b3048d8",
            "ticker": "KXHIGHMIA-24DEC01-B75.5",
            "count": 5,
            "created_time": "2024-12-01T18:10:20.627843Z",
            "yes_price": 70,
            "no_price": 30,
            "taker_side": "yes"
        },
        {
            "trade_id": "dec531a9-18bd-436d-9e4b-23e6eb2c71c3",
            "ticker": "KXHIGHMIA-24DEC01-B75.5",
            "count": 11,
            "created_time": "2024-12-01T18:10:20.627843Z",
            "yes_price": 71,
            "no_price": 29,
            "taker_side": "yes"
        },
        {
            "trade_id": "7009dd8b-71d8-4dce-82a7-980b4af1c221",
            "ticker": "KXHIGHMIA-24DEC01-B75.5",
            "count": 8,
            "created_time": "2024-12-01T18:10:20.627843Z",
            "yes_price": 69,
            "no_price": 31,
            "taker_side": "yes"
        },
        {
            "trade_id": "623926bb-02d8-4538-8f3b-0f8dfaa6aafa",
            "ticker": "KXHIGHMIA-24DEC01-B75.5",
            "count": 3,
            "created_time": "2024-12-01T18:10:20.627843Z",
            "yes_price": 69,
            "no_price": 31,
            "taker_side": "yes"
        },
        {
            "trade_id": "a3c306a1-192c-4738-af9e-594878b1416d",
            "ticker": "KXHIGHMIA-24DEC01-B75.5",
            "count": 12,
            "created_time": "2024-12-01T18:10:16.828638Z",
            "yes_price": 69,
            "no_price": 31,
            "taker_side": "yes"
        },
        {
            "trade_id": "69bd40a7-4bb9-4db5-a625-6c339a0fa3f4",
            "ticker": "KXHIGHMIA-24DEC01-B75.5",
            "count": 30,
            "created_time": "2024-12-01T18:09:22.480324Z",
            "yes_price": 68,
            "no_price": 32,
            "taker_side": "yes"
        },
        {
            "trade_id": "51bacb54-afe5-4a14-be02-5e86ed1841c9",
            "ticker": "KXHIGHMIA-24DEC01-B75.5",
            "count": 5,
            "created_time": "2024-12-01T18:09:22.480324Z",
            "yes_price": 70,
            "no_price": 30,
            "taker_side": "yes"
        },
        {
            "trade_id": "ea6481f5-2624-4190-aef6-4cb130ba790b",
            "ticker": "KXHIGHMIA-24DEC01-B75.5",
            "count": 1,
            "created_time": "2024-12-01T18:08:35.396966Z",
            "yes_price": 61,
            "no_price": 39,
            "taker_side": "no"
        },
        {
            "trade_id": "639223dc-e083-4d6c-8ec1-d23cd10efd5f",
            "ticker": "KXHIGHMIA-24DEC01-B75.5",
            "count": 27,
            "created_time": "2024-12-01T18:06:45.113343Z",
            "yes_price": 61,
            "no_price": 39,
            "taker_side": "no"
        },
        {
            "trade_id": "d5e98d92-110f-465f-8f5f-eaa68e566d92",
            "ticker": "KXHIGHMIA-24DEC01-B75.5",
            "count": 20,
            "created_time": "2024-12-01T18:06:11.503177Z",
            "yes_price": 68,
            "no_price": 32,
            "taker_side": "yes"
        },
        {
            "trade_id": "9e43b8ee-9823-4dba-9dce-f4ae49a3ee3c",
            "ticker": "KXHIGHMIA-24DEC01-B75.5",
            "count": 21,
            "created_time": "2024-12-01T18:05:25.110146Z",
            "yes_price": 68,
            "no_price": 32,
            "taker_side": "yes"
        },
        {
            "trade_id": "16aea2a8-be41-46f9-b3ff-676a831eb5ee",
            "ticker": "KXHIGHMIA-24DEC01-B75.5",
            "count": 23,
            "created_time": "2024-12-01T18:04:31.369088Z",
            "yes_price": 60,
            "no_price": 40,
            "taker_side": "no"
        },
        {
            "trade_id": "de8d6689-509f-42f4-b6ff-9e8d14e19be7",
            "ticker": "KXHIGHMIA-24DEC01-B75.5",
            "count": 45,
            "created_time": "2024-12-01T18:02:29.52757Z",
            "yes_price": 59,
            "no_price": 41,
            "taker_side": "yes"
        },
        {
            "trade_id": "6a07f51c-a803-4489-a3cc-af1b5a3b96a0",
            "ticker": "KXHIGHMIA-24DEC01-B75.5",
            "count": 22,
            "created_time": "2024-12-01T18:02:29.52757Z",
            "yes_price": 62,
            "no_price": 38,
            "taker_side": "yes"
        },
        {
            "trade_id": "5944d452-a2d2-48e6-90b9-bb6d5859e106",
            "ticker": "KXHIGHMIA-24DEC01-B75.5",
            "count": 445,
            "created_time": "2024-12-01T18:02:29.52757Z",
            "yes_price": 65,
            "no_price": 35,
            "taker_side": "yes"
        },
        {
            "trade_id": "3072a7d5-14c8-480c-bdc4-2051e0e80ab5",
            "ticker": "KXHIGHMIA-24DEC01-B75.5",
            "count": 47,
            "created_time": "2024-12-01T18:02:29.52757Z",
            "yes_price": 60,
            "no_price": 40,
            "taker_side": "yes"
        },
        {
            "trade_id": "352e39c1-6372-4ad5-8342-4a88bcaffb08",
            "ticker": "KXHIGHMIA-24DEC01-B75.5",
            "count": 2,
            "created_time": "2024-12-01T18:01:31.548868Z",
            "yes_price": 41,
            "no_price": 59,
            "taker_side": "no"
        },
        {
            "trade_id": "039c3c2c-9f61-4f74-82a8-ad1d4d4ce629",
            "ticker": "KXHIGHMIA-24DEC01-B75.5",
            "count": 25,
            "created_time": "2024-12-01T18:01:31.548868Z",
            "yes_price": 48,
            "no_price": 52,
            "taker_side": "no"
        },
        {
            "trade_id": "a4c8680e-5ced-4988-b14b-b156c6cd7424",
            "ticker": "KXHIGHMIA-24DEC01-B75.5",
            "count": 41,
            "created_time": "2024-12-01T17:58:21.389957Z",
            "yes_price": 52,
            "no_price": 48,
            "taker_side": "no"
        },
        {
            "trade_id": "5c517c24-dceb-4ff7-9ba7-ed24f8d9b34d",
            "ticker": "KXHIGHMIA-24DEC01-B75.5",
            "count": 15,
            "created_time": "2024-12-01T17:58:21.389957Z",
            "yes_price": 51,
            "no_price": 49,
            "taker_side": "no"
        },
        {
            "trade_id": "4b2cbcb8-d727-46ac-9a37-36796429c6c9",
            "ticker": "KXHIGHMIA-24DEC01-B75.5",
            "count": 15,
            "created_time": "2024-12-01T17:58:21.389957Z",
            "yes_price": 44,
            "no_price": 56,
            "taker_side": "no"
        },
        {
            "trade_id": "aa9d60a5-0e65-4e2b-93a0-9e81f9ca5d06",
            "ticker": "KXHIGHMIA-24DEC01-B75.5",
            "count": 25,
            "created_time": "2024-12-01T17:54:16.915061Z",
            "yes_price": 52,
            "no_price": 48,
            "taker_side": "no"
        },
        {
            "trade_id": "4bda4043-750d-4776-811f-d70e685c171e",
            "ticker": "KXHIGHMIA-24DEC01-B75.5",
            "count": 27,
            "created_time": "2024-12-01T17:54:12.077187Z",
            "yes_price": 61,
            "no_price": 39,
            "taker_side": "yes"
        },
        {
            "trade_id": "893086e3-0739-423b-8928-7b0aa576c82d",
            "ticker": "KXHIGHMIA-24DEC01-B75.5",
            "count": 32,
            "created_time": "2024-12-01T17:50:52.941687Z",
            "yes_price": 60,
            "no_price": 40,
            "taker_side": "yes"
        },
        {
            "trade_id": "6c87d773-6699-4308-b692-77f1591bd7b8",
            "ticker": "KXHIGHMIA-24DEC01-B75.5",
            "count": 71,
            "created_time": "2024-12-01T17:50:13.764074Z",
            "yes_price": 60,
            "no_price": 40,
            "taker_side": "yes"
        },
        {
            "trade_id": "e9337a1a-133a-4b79-b41e-dccc3e4e8e60",
            "ticker": "KXHIGHMIA-24DEC01-B75.5",
            "count": 55,
            "created_time": "2024-12-01T17:49:18.057105Z",
            "yes_price": 51,
            "no_price": 49,
            "taker_side": "no"
        },
        {
            "trade_id": "51d00703-b15b-4a29-bb7c-d511908e1b22",
            "ticker": "KXHIGHMIA-24DEC01-B75.5",
            "count": 7,
            "created_time": "2024-12-01T17:49:18.057105Z",
            "yes_price": 52,
            "no_price": 48,
            "taker_side": "no"
        },
        {
            "trade_id": "1b691687-3afe-400f-a89d-29283b76e0a5",
            "ticker": "KXHIGHMIA-24DEC01-B75.5",
            "count": 66,
            "created_time": "2024-12-01T17:49:18.057105Z",
            "yes_price": 53,
            "no_price": 47,
            "taker_side": "no"
        },
        {
            "trade_id": "74e05c00-77cc-4c1d-a193-5c964174c5b8",
            "ticker": "KXHIGHMIA-24DEC01-B75.5",
            "count": 9,
            "created_time": "2024-12-01T17:45:20.618342Z",
            "yes_price": 52,
            "no_price": 48,
            "taker_side": "no"
        },
        {
            "trade_id": "61b1fc63-cab6-4a98-b896-191ca6431ef9",
            "ticker": "KXHIGHMIA-24DEC01-B75.5",
            "count": 32,
            "created_time": "2024-12-01T17:45:20.618342Z",
            "yes_price": 55,
            "no_price": 45,
            "taker_side": "no"
        },
        {
            "trade_id": "56b130e4-0588-4625-8e9b-0cb9ff99d106",
            "ticker": "KXHIGHMIA-24DEC01-B75.5",
            "count": 34,
            "created_time": "2024-12-01T17:45:20.618342Z",
            "yes_price": 56,
            "no_price": 44,
            "taker_side": "no"
        },
        {
            "trade_id": "77007c8b-7701-4355-967b-8411c3bd8235",
            "ticker": "KXHIGHMIA-24DEC01-B75.5",
            "count": 15,
            "created_time": "2024-12-01T17:41:04.806055Z",
            "yes_price": 63,
            "no_price": 37,
            "taker_side": "yes"
        },
        {
            "trade_id": "9b00aa6d-9bfe-404c-97af-cee44ee7e20c",
            "ticker": "KXHIGHMIA-24DEC01-B75.5",
            "count": 80,
            "created_time": "2024-12-01T17:40:45.573879Z",
            "yes_price": 53,
            "no_price": 47,
            "taker_side": "no"
        },
        {
            "trade_id": "761f9915-2e55-4ee8-b086-344fce9042ca",
            "ticker": "KXHIGHMIA-24DEC01-B75.5",
            "count": 19,
            "created_time": "2024-12-01T17:40:45.573879Z",
            "yes_price": 54,
            "no_price": 46,
            "taker_side": "no"
        },
        {
            "trade_id": "6abe764e-87bd-4014-a9e6-3b0613028584",
            "ticker": "KXHIGHMIA-24DEC01-B75.5",
            "count": 84,
            "created_time": "2024-12-01T17:40:45.573879Z",
            "yes_price": 52,
            "no_price": 48,
            "taker_side": "no"
        },
        {
            "trade_id": "f8fec6e1-ea1e-483e-8bb2-bababf43a171",
            "ticker": "KXHIGHMIA-24DEC01-B75.5",
            "count": 6,
            "created_time": "2024-12-01T17:32:26.034131Z",
            "yes_price": 55,
            "no_price": 45,
            "taker_side": "no"
        },
        {
            "trade_id": "307d06ff-cae9-46b4-a3cb-b57c1a9912da",
            "ticker": "KXHIGHMIA-24DEC01-B75.5",
            "count": 20,
            "created_time": "2024-12-01T17:32:26.034131Z",
            "yes_price": 54,
            "no_price": 46,
            "taker_side": "no"
        },
        {
            "trade_id": "59497d79-c00b-4589-8e27-9f05b48eeb5b",
            "ticker": "KXHIGHMIA-24DEC01-B75.5",
            "count": 94,
            "created_time": "2024-12-01T17:31:24.609774Z",
            "yes_price": 55,
            "no_price": 45,
            "taker_side": "no"
        },
        {
            "trade_id": "5f2632a1-cac2-41d5-bd12-363df6e9a22c",
            "ticker": "KXHIGHMIA-24DEC01-B75.5",
            "count": 35,
            "created_time": "2024-12-01T17:29:55.023845Z",
            "yes_price": 60,
            "no_price": 40,
            "taker_side": "yes"
        },
        {
            "trade_id": "56117f38-34be-4ada-a1f6-3e96b114e301",
            "ticker": "KXHIGHMIA-24DEC01-B75.5",
            "count": 5,
            "created_time": "2024-12-01T17:29:55.023845Z",
            "yes_price": 65,
            "no_price": 35,
            "taker_side": "yes"
        },
        {
            "trade_id": "33a6c2ba-3be1-41a2-b893-71af34247fe2",
            "ticker": "KXHIGHMIA-24DEC01-B75.5",
            "count": 58,
            "created_time": "2024-12-01T17:26:55.909621Z",
            "yes_price": 60,
            "no_price": 40,
            "taker_side": "yes"
        },
        {
            "trade_id": "42671f19-d3cf-42a0-8516-2d74b4c67b4a",
            "ticker": "KXHIGHMIA-24DEC01-B75.5",
            "count": 17,
            "created_time": "2024-12-01T17:26:34.557965Z",
            "yes_price": 58,
            "no_price": 42,
            "taker_side": "no"
        },
        {
            "trade_id": "b1ee1682-3298-4f73-805b-b3ac65e71b97",
            "ticker": "KXHIGHMIA-24DEC01-B75.5",
            "count": 39,
            "created_time": "2024-12-01T17:24:48.702935Z",
            "yes_price": 60,
            "no_price": 40,
            "taker_side": "yes"
        },
        {
            "trade_id": "14eec31c-b074-4041-8f18-f7c42b9f1ec9",
            "ticker": "KXHIGHMIA-24DEC01-B75.5",
            "count": 1,
            "created_time": "2024-12-01T17:24:48.702935Z",
            "yes_price": 59,
            "no_price": 41,
            "taker_side": "yes"
        },
        {
            "trade_id": "e503c4bb-6e8b-4753-b749-ada6747fb73a",
            "ticker": "KXHIGHMIA-24DEC01-B75.5",
            "count": 25,
            "created_time": "2024-12-01T17:24:16.438885Z",
            "yes_price": 53,
            "no_price": 47,
            "taker_side": "no"
        },
        {
            "trade_id": "c9772300-8263-4841-ad3e-137d31b7733c",
            "ticker": "KXHIGHMIA-24DEC01-B75.5",
            "count": 32,
            "created_time": "2024-12-01T17:21:54.504542Z",
            "yes_price": 52,
            "no_price": 48,
            "taker_side": "yes"
        },
        {
            "trade_id": "446d516e-8a8c-4ef6-85a4-2235cb4846e4",
            "ticker": "KXHIGHMIA-24DEC01-B75.5",
            "count": 4,
            "created_time": "2024-12-01T17:21:54.504542Z",
            "yes_price": 60,
            "no_price": 40,
            "taker_side": "yes"
        },
        {
            "trade_id": "fc5bf9bc-a0ff-4277-a1bf-89d3602409f7",
            "ticker": "KXHIGHMIA-24DEC01-B75.5",
            "count": 23,
            "created_time": "2024-12-01T17:21:34.771796Z",
            "yes_price": 60,
            "no_price": 40,
            "taker_side": "yes"
        },
        {
            "trade_id": "c5a31b3a-dfe7-4f18-babf-6d1a6c8ab9f5",
            "ticker": "KXHIGHMIA-24DEC01-B75.5",
            "count": 38,
            "created_time": "2024-12-01T17:21:34.771796Z",
            "yes_price": 52,
            "no_price": 48,
            "taker_side": "yes"
        },
        {
            "trade_id": "945133b3-dc54-454a-a1c6-45b68b4377f2",
            "ticker": "KXHIGHMIA-24DEC01-B75.5",
            "count": 32,
            "created_time": "2024-12-01T17:21:34.771796Z",
            "yes_price": 51,
            "no_price": 49,
            "taker_side": "yes"
        },
        {
            "trade_id": "bb642541-37a5-496d-b4d8-752dc618bbe3",
            "ticker": "KXHIGHMIA-24DEC01-B75.5",
            "count": 4,
            "created_time": "2024-12-01T17:21:17.347744Z",
            "yes_price": 50,
            "no_price": 50,
            "taker_side": "yes"
        },
        {
            "trade_id": "80b96493-d8e4-4f46-9742-fa70979493de",
            "ticker": "KXHIGHMIA-24DEC01-B75.5",
            "count": 6,
            "created_time": "2024-12-01T17:21:17.347744Z",
            "yes_price": 50,
            "no_price": 50,
            "taker_side": "yes"
        },
        {
            "trade_id": "3e600bef-e79c-47ce-a872-b076a95c9bd6",
            "ticker": "KXHIGHMIA-24DEC01-B75.5",
            "count": 37,
            "created_time": "2024-12-01T17:17:43.626489Z",
            "yes_price": 51,
            "no_price": 49,
            "taker_side": "yes"
        },
        {
            "trade_id": "c7546b32-cd8e-402f-b918-c7c1bba9cf96",
            "ticker": "KXHIGHMIA-24DEC01-B75.5",
            "count": 1,
            "created_time": "2024-12-01T17:17:10.975957Z",
            "yes_price": 38,
            "no_price": 62,
            "taker_side": "no"
        },
        {
            "trade_id": "ec29a267-fda2-48a0-999f-7058b907583e",
            "ticker": "KXHIGHMIA-24DEC01-B75.5",
            "count": 84,
            "created_time": "2024-12-01T17:17:05.582215Z",
            "yes_price": 50,
            "no_price": 50,
            "taker_side": "yes"
        },
        {
            "trade_id": "c5293b22-6251-416d-9511-28af7c8b4023",
            "ticker": "KXHIGHMIA-24DEC01-B75.5",
            "count": 16,
            "created_time": "2024-12-01T17:17:05.582215Z",
            "yes_price": 55,
            "no_price": 45,
            "taker_side": "yes"
        },
        {
            "trade_id": "b81a8eb0-176a-4d06-808f-acfd908b3f10",
            "ticker": "KXHIGHMIA-24DEC01-B75.5",
            "count": 4,
            "created_time": "2024-12-01T17:17:05.582215Z",
            "yes_price": 49,
            "no_price": 51,
            "taker_side": "yes"
        },
        {
            "trade_id": "72b60c09-05c1-4ee3-8810-2bc12af0232a",
            "ticker": "KXHIGHMIA-24DEC01-B75.5",
            "count": 41,
            "created_time": "2024-12-01T17:17:05.582215Z",
            "yes_price": 60,
            "no_price": 40,
            "taker_side": "yes"
        },
        {
            "trade_id": "d00a2376-f153-407c-a4ef-5fd4b3c49140",
            "ticker": "KXHIGHMIA-24DEC01-B75.5",
            "count": 50,
            "created_time": "2024-12-01T17:08:34.944016Z",
            "yes_price": 49,
            "no_price": 51,
            "taker_side": "yes"
        },
        {
            "trade_id": "965799cb-fea0-4499-8a9c-6f7763ffd149",
            "ticker": "KXHIGHMIA-24DEC01-B75.5",
            "count": 5,
            "created_time": "2024-12-01T17:08:34.944016Z",
            "yes_price": 40,
            "no_price": 60,
            "taker_side": "yes"
        },
        {
            "trade_id": "8e7f3d66-a884-4910-941e-1ba85f85c8da",
            "ticker": "KXHIGHMIA-24DEC01-B75.5",
            "count": 16,
            "created_time": "2024-12-01T17:08:34.944016Z",
            "yes_price": 50,
            "no_price": 50,
            "taker_side": "yes"
        },
        {
            "trade_id": "0b896dca-b119-4202-867e-cb4790ba11b0",
            "ticker": "KXHIGHMIA-24DEC01-B75.5",
            "count": 33,
            "created_time": "2024-12-01T17:08:34.944016Z",
            "yes_price": 41,
            "no_price": 59,
            "taker_side": "yes"
        },
        {
            "trade_id": "631cbcb6-15d6-482a-b6b1-e17f03d006b2",
            "ticker": "KXHIGHMIA-24DEC01-B75.5",
            "count": 11,
            "created_time": "2024-12-01T17:06:53.606645Z",
            "yes_price": 40,
            "no_price": 60,
            "taker_side": "yes"
        },
        {
            "trade_id": "a5159ee5-efca-4402-bc2f-9696ffa92731",
            "ticker": "KXHIGHMIA-24DEC01-B75.5",
            "count": 63,
            "created_time": "2024-12-01T16:52:07.42894Z",
            "yes_price": 40,
            "no_price": 60,
            "taker_side": "yes"
        },
        {
            "trade_id": "8bcfcef3-af3e-4e24-acb3-df2b2316c524",
            "ticker": "KXHIGHMIA-24DEC01-B75.5",
            "count": 13,
            "created_time": "2024-12-01T16:52:07.42894Z",
            "yes_price": 40,
            "no_price": 60,
            "taker_side": "yes"
        },
        {
            "trade_id": "b8a8b2f8-e7c9-4b59-9bdf-813242bd5bb3",
            "ticker": "KXHIGHMIA-24DEC01-B75.5",
            "count": 24,
            "created_time": "2024-12-01T16:51:58.73078Z",
            "yes_price": 39,
            "no_price": 61,
            "taker_side": "yes"
        },
        {
            "trade_id": "17b79308-63a7-42f4-97b1-e98edfc17b89",
            "ticker": "KXHIGHMIA-24DEC01-B75.5",
            "count": 24,
            "created_time": "2024-12-01T16:46:44.913533Z",
            "yes_price": 40,
            "no_price": 60,
            "taker_side": "yes"
        },
        {
            "trade_id": "98c6c87c-85d3-4b0b-b8c4-b43aaae2d5e7",
            "ticker": "KXHIGHMIA-24DEC01-B75.5",
            "count": 179,
            "created_time": "2024-12-01T16:46:26.203899Z",
            "yes_price": 40,
            "no_price": 60,
            "taker_side": "yes"
        },
        {
            "trade_id": "8d8a7ee6-b4db-41c6-b109-cc7715bdb2d5",
            "ticker": "KXHIGHMIA-24DEC01-B75.5",
            "count": 18,
            "created_time": "2024-12-01T16:46:26.203899Z",
            "yes_price": 39,
            "no_price": 61,
            "taker_side": "yes"
        },
        {
            "trade_id": "877d2812-7522-4819-8101-4619940fbff5",
            "ticker": "KXHIGHMIA-24DEC01-B75.5",
            "count": 103,
            "created_time": "2024-12-01T16:46:26.203899Z",
            "yes_price": 40,
            "no_price": 60,
            "taker_side": "yes"
        },
        {
            "trade_id": "7bc699e0-745c-4925-96f5-b40c08a99945",
            "ticker": "KXHIGHMIA-24DEC01-B75.5",
            "count": 27,
            "created_time": "2024-12-01T16:45:10.332848Z",
            "yes_price": 30,
            "no_price": 70,
            "taker_side": "yes"
        },
        {
            "trade_id": "09028ec2-7285-40a7-8056-5e16f00e6b24",
            "ticker": "KXHIGHMIA-24DEC01-B75.5",
            "count": 1,
            "created_time": "2024-12-01T16:45:10.332848Z",
            "yes_price": 39,
            "no_price": 61,
            "taker_side": "yes"
        },
        {
            "trade_id": "f2481714-adf0-4e57-8b62-664e0928e570",
            "ticker": "KXHIGHMIA-24DEC01-B75.5",
            "count": 31,
            "created_time": "2024-12-01T16:41:11.714402Z",
            "yes_price": 27,
            "no_price": 73,
            "taker_side": "yes"
        },
        {
            "trade_id": "dc00788c-055c-4c40-9ef5-9a32960ac22f",
            "ticker": "KXHIGHMIA-24DEC01-B75.5",
            "count": 100,
            "created_time": "2024-12-01T16:41:11.409688Z",
            "yes_price": 27,
            "no_price": 73,
            "taker_side": "yes"
        },
        {
            "trade_id": "cbd9bee6-69c3-469c-af5b-ecfddcda19c0",
            "ticker": "KXHIGHMIA-24DEC01-B75.5",
            "count": 63,
            "created_time": "2024-12-01T16:41:11.409688Z",
            "yes_price": 28,
            "no_price": 72,
            "taker_side": "yes"
        },
        {
            "trade_id": "b5df720e-a178-4dce-affc-729b6d11c557",
            "ticker": "KXHIGHMIA-24DEC01-B75.5",
            "count": 10,
            "created_time": "2024-12-01T16:41:11.409688Z",
            "yes_price": 28,
            "no_price": 72,
            "taker_side": "yes"
        },
        {
            "trade_id": "d4f128f0-a1c7-4d20-bffc-005acdfdae1b",
            "ticker": "KXHIGHMIA-24DEC01-B75.5",
            "count": 4,
            "created_time": "2024-12-01T16:40:02.057973Z",
            "yes_price": 25,
            "no_price": 75,
            "taker_side": "yes"
        },
        {
            "trade_id": "9c6131a9-915d-437f-aedd-175fea40a803",
            "ticker": "KXHIGHMIA-24DEC01-B75.5",
            "count": 33,
            "created_time": "2024-12-01T16:39:46.592938Z",
            "yes_price": 26,
            "no_price": 74,
            "taker_side": "yes"
        },
        {
            "trade_id": "79e075da-acae-4300-8124-6ea7b28c7973",
            "ticker": "KXHIGHMIA-24DEC01-B75.5",
            "count": 30,
            "created_time": "2024-12-01T16:38:45.306009Z",
            "yes_price": 26,
            "no_price": 74,
            "taker_side": "no"
        },
        {
            "trade_id": "a9c32704-d9fd-4121-8160-35861a122064",
            "ticker": "KXHIGHMIA-24DEC01-B75.5",
            "count": 1,
            "created_time": "2024-12-01T16:38:37.313776Z",
            "yes_price": 26,
            "no_price": 74,
            "taker_side": "no"
        },
        {
            "trade_id": "5d98d76b-bda8-4f07-96fa-1eb1ea48d0cd",
            "ticker": "KXHIGHMIA-24DEC01-B75.5",
            "count": 32,
            "created_time": "2024-12-01T16:38:37.196249Z",
            "yes_price": 26,
            "no_price": 74,
            "taker_side": "no"
        },
        {
            "trade_id": "c2277b0b-e008-4bc1-bb26-2795e22cf2db",
            "ticker": "KXHIGHMIA-24DEC01-B75.5",
            "count": 11,
            "created_time": "2024-12-01T16:29:51.754063Z",
            "yes_price": 23,
            "no_price": 77,
            "taker_side": "yes"
        },
        {
            "trade_id": "bdb7fa80-371c-49b3-bd8b-564aa9628cd7",
            "ticker": "KXHIGHMIA-24DEC01-B75.5",
            "count": 13,
            "created_time": "2024-12-01T16:29:51.754063Z",
            "yes_price": 23,
            "no_price": 77,
            "taker_side": "yes"
        },
        {
            "trade_id": "af84ced9-6fcb-4f47-989d-d114f4d2ab74",
            "ticker": "KXHIGHMIA-24DEC01-B75.5",
            "count": 41,
            "created_time": "2024-12-01T16:29:51.754063Z",
            "yes_price": 24,
            "no_price": 76,
            "taker_side": "yes"
        },
        {
            "trade_id": "8153727d-3156-42c4-a1c1-d7e33a1af554",
            "ticker": "KXHIGHMIA-24DEC01-B75.5",
            "count": 52,
            "created_time": "2024-12-01T16:29:51.754063Z",
            "yes_price": 35,
            "no_price": 65,
            "taker_side": "yes"
        },
        {
            "trade_id": "661975d0-dae8-4791-9428-2be63d2ccc1d",
            "ticker": "KXHIGHMIA-24DEC01-B75.5",
            "count": 20,
            "created_time": "2024-12-01T16:29:51.754063Z",
            "yes_price": 28,
            "no_price": 72,
            "taker_side": "yes"
        },
        {
            "trade_id": "39f85f57-7912-4031-981e-185093a56b97",
            "ticker": "KXHIGHMIA-24DEC01-B75.5",
            "count": 30,
            "created_time": "2024-12-01T16:29:51.754063Z",
            "yes_price": 34,
            "no_price": 66,
            "taker_side": "yes"
        },
        {
            "trade_id": "28bcafdd-dc5f-404e-b664-7e78c7671d19",
            "ticker": "KXHIGHMIA-24DEC01-B75.5",
            "count": 56,
            "created_time": "2024-12-01T16:29:51.754063Z",
            "yes_price": 22,
            "no_price": 78,
            "taker_side": "yes"
        },
        {
            "trade_id": "24126632-e62e-4472-b1ab-772154373b64",
            "ticker": "KXHIGHMIA-24DEC01-B75.5",
            "count": 21,
            "created_time": "2024-12-01T16:29:51.754063Z",
