{
    "HIGHMIA-24AUG11-T86": [
        {
            "trade_id": "f8ba96cb-8412-4d61-a711-0a383593ebd0",
            "ticker": "HIGHMIA-24AUG11-T86",
            "count": 1,
            "created_time": "2024-08-10T23:40:31.584868Z",
            "yes_price": 1,
            "no_price": 99,
            "taker_side": "no"
        },
        {
            "trade_id": "3ea498a0-9eab-4aec-b837-eee3a9e71c01",
            "ticker": "HIGHMIA-24AUG11-T86",
            "count": 16,
            "created_time": "2024-08-10T23:36:59.564318Z",
            "yes_price": 1,
            "no_price": 99,
            "taker_side": "no"
        },
        {
            "trade_id": "f0a6d54f-add1-42ff-b72e-15355b4d1666",
            "ticker": "HIGHMIA-24AUG11-T86",
            "count": 18,
            "created_time": "2024-08-10T23:36:28.882199Z",
            "yes_price": 1,
            "no_price": 99,
            "taker_side": "no"
        },
        {
            "trade_id": "c7d6bec0-c798-4c28-837d-31ea743e1eef",
            "ticker": "HIGHMIA-24AUG11-T86",
            "count": 15,
            "created_time": "2024-08-10T15:48:06.290038Z",
            "yes_price": 1,
            "no_price": 99,
            "taker_side": "no"
        }
    ],
    "HIGHMIA-24AUG11-B86.5": [
        {
            "trade_id": "e2804669-d48a-4a15-ba81-c0636e768f29",
            "ticker": "HIGHMIA-24AUG11-B86.5",
            "count": 34,
            "created_time": "2024-08-10T23:40:31.482596Z",
            "yes_price": 1,
            "no_price": 99,
            "taker_side": "no"
        },
        {
            "trade_id": "cb6d90d5-cb30-4fc4-8027-e5459b067478",
            "ticker": "HIGHMIA-24AUG11-B86.5",
            "count": 16,
            "created_time": "2024-08-10T23:40:31.482596Z",
            "yes_price": 1,
            "no_price": 99,
            "taker_side": "no"
        },
        {
            "trade_id": "e344266b-7462-4a22-9870-92a1003fa6b9",
            "ticker": "HIGHMIA-24AUG11-B86.5",
            "count": 16,
            "created_time": "2024-08-10T23:36:59.559029Z",
            "yes_price": 1,
            "no_price": 99,
            "taker_side": "no"
        },
        {
            "trade_id": "35b5cee1-bfad-41bc-8ec6-c4c8edf0b31a",
            "ticker": "HIGHMIA-24AUG11-B86.5",
            "count": 18,
            "created_time": "2024-08-10T23:36:28.887222Z",
            "yes_price": 1,
            "no_price": 99,
            "taker_side": "no"
        }
    ],
    "HIGHMIA-24AUG11-B88.5": [
        {
            "trade_id": "e7a7fbfe-d96b-43a9-9236-30247862df8a",
            "ticker": "HIGHMIA-24AUG11-B88.5",
            "count": 51,
            "created_time": "2024-08-11T14:58:42.043921Z",
            "yes_price": 1,
            "no_price": 99,
            "taker_side": "no"
        },
        {
            "trade_id": "f3f3577c-e1f2-4493-a975-a4af15d45d28",
            "ticker": "HIGHMIA-24AUG11-B88.5",
            "count": 4,
            "created_time": "2024-08-11T14:36:55.604664Z",
            "yes_price": 3,
            "no_price": 97,
            "taker_side": "yes"
        },
        {
            "trade_id": "e78aa762-f9a8-48c6-b646-bfedf92f17ad",
            "ticker": "HIGHMIA-24AUG11-B88.5",
            "count": 45,
            "created_time": "2024-08-11T14:36:55.604664Z",
            "yes_price": 3,
            "no_price": 97,
            "taker_side": "yes"
        },
        {
            "trade_id": "d9e403a9-19ce-45bb-bc22-7aca9731235b",
            "ticker": "HIGHMIA-24AUG11-B88.5",
            "count": 45,
            "created_time": "2024-08-11T14:36:55.604664Z",
            "yes_price": 2,
            "no_price": 98,
            "taker_side": "yes"
        },
        {
            "trade_id": "d0e825b7-9f66-484e-bd20-e3dcf4646720",
            "ticker": "HIGHMIA-24AUG11-B88.5",
            "count": 25,
            "created_time": "2024-08-11T14:36:55.604664Z",
            "yes_price": 2,
            "no_price": 98,
            "taker_side": "yes"
        },
        {
            "trade_id": "bc7ba96a-5745-4355-9cbd-68bad80651b5",
            "ticker": "HIGHMIA-24AUG11-B88.5",
            "count": 2,
            "created_time": "2024-08-11T14:36:55.604664Z",
            "yes_price": 2,
            "no_price": 98,
            "taker_side": "yes"
        },
        {
            "trade_id": "b164ca2e-010e-4b21-a1b9-549a5fc15c71",
            "ticker": "HIGHMIA-24AUG11-B88.5",
            "count": 5,
            "created_time": "2024-08-11T14:36:55.604664Z",
            "yes_price": 3,
            "no_price": 97,
            "taker_side": "yes"
        },
        {
            "trade_id": "88f8c54d-da70-4bdf-89b2-18ad18d97ac9",
            "ticker": "HIGHMIA-24AUG11-B88.5",
            "count": 14,
            "created_time": "2024-08-11T14:36:55.604664Z",
            "yes_price": 2,
            "no_price": 98,
            "taker_side": "yes"
        },
        {
            "trade_id": "826a29d6-f1d6-4229-8ca9-86e36fb7cdd0",
            "ticker": "HIGHMIA-24AUG11-B88.5",
            "count": 22,
            "created_time": "2024-08-11T14:36:55.604664Z",
            "yes_price": 3,
            "no_price": 97,
            "taker_side": "yes"
        },
        {
            "trade_id": "7eab02fe-bb8b-4772-9d6b-bd9898d91ecb",
            "ticker": "HIGHMIA-24AUG11-B88.5",
            "count": 5,
            "created_time": "2024-08-11T14:36:55.604664Z",
            "yes_price": 3,
            "no_price": 97,
            "taker_side": "yes"
        },
        {
            "trade_id": "7a949517-1c87-4598-980f-7189a5502f41",
            "ticker": "HIGHMIA-24AUG11-B88.5",
            "count": 4,
            "created_time": "2024-08-11T14:36:55.604664Z",
            "yes_price": 2,
            "no_price": 98,
            "taker_side": "yes"
        },
        {
            "trade_id": "7083c899-3a6f-4725-8bc9-e4b8001a835b",
            "ticker": "HIGHMIA-24AUG11-B88.5",
            "count": 2,
            "created_time": "2024-08-11T14:36:55.604664Z",
            "yes_price": 3,
            "no_price": 97,
            "taker_side": "yes"
        },
        {
            "trade_id": "5703f798-284d-4a8d-a274-0fd1a11d9455",
            "ticker": "HIGHMIA-24AUG11-B88.5",
            "count": 2,
            "created_time": "2024-08-11T14:36:55.604664Z",
            "yes_price": 2,
            "no_price": 98,
            "taker_side": "yes"
        },
        {
            "trade_id": "4cb25691-0937-4280-b040-76b3bda6d586",
            "ticker": "HIGHMIA-24AUG11-B88.5",
            "count": 13,
            "created_time": "2024-08-11T14:36:55.604664Z",
            "yes_price": 3,
            "no_price": 97,
            "taker_side": "yes"
        },
        {
            "trade_id": "3eef3b41-2cd9-4a3a-b87f-1977c590e6da",
            "ticker": "HIGHMIA-24AUG11-B88.5",
            "count": 2,
            "created_time": "2024-08-11T14:36:55.604664Z",
            "yes_price": 3,
            "no_price": 97,
            "taker_side": "yes"
        },
        {
            "trade_id": "33788143-3dc5-4d19-b123-c77efabd247f",
            "ticker": "HIGHMIA-24AUG11-B88.5",
            "count": 5,
            "created_time": "2024-08-11T14:36:55.604664Z",
            "yes_price": 2,
            "no_price": 98,
            "taker_side": "yes"
        },
        {
            "trade_id": "3181e253-daf5-4099-abb7-3da6c61c424c",
            "ticker": "HIGHMIA-24AUG11-B88.5",
            "count": 22,
            "created_time": "2024-08-11T14:36:55.604664Z",
            "yes_price": 2,
            "no_price": 98,
            "taker_side": "yes"
        },
        {
            "trade_id": "26d09e52-ae1c-4d63-958b-5a5244de3fdc",
            "ticker": "HIGHMIA-24AUG11-B88.5",
            "count": 5,
            "created_time": "2024-08-11T14:36:55.604664Z",
            "yes_price": 2,
            "no_price": 98,
            "taker_side": "yes"
        },
        {
            "trade_id": "1f06b2ad-9280-40d9-9e7e-ba8515f5f227",
            "ticker": "HIGHMIA-24AUG11-B88.5",
            "count": 51,
            "created_time": "2024-08-11T14:36:55.604664Z",
            "yes_price": 6,
            "no_price": 94,
            "taker_side": "yes"
        },
        {
            "trade_id": "13a44d46-b02c-4776-9d67-65cde65185af",
            "ticker": "HIGHMIA-24AUG11-B88.5",
            "count": 25,
            "created_time": "2024-08-11T14:36:55.604664Z",
            "yes_price": 3,
            "no_price": 97,
            "taker_side": "yes"
        },
        {
            "trade_id": "ff19817c-8e98-411c-96d1-49640cb85db0",
            "ticker": "HIGHMIA-24AUG11-B88.5",
            "count": 5,
            "created_time": "2024-08-11T13:54:58.246678Z",
            "yes_price": 1,
            "no_price": 99,
            "taker_side": "yes"
        },
        {
            "trade_id": "d8a98e47-db0a-44e0-9855-442f0a952f38",
            "ticker": "HIGHMIA-24AUG11-B88.5",
            "count": 5,
            "created_time": "2024-08-11T13:54:58.246678Z",
            "yes_price": 1,
            "no_price": 99,
            "taker_side": "yes"
        },
        {
            "trade_id": "b952e112-4f5d-417a-a2d8-3f89ea7207e4",
            "ticker": "HIGHMIA-24AUG11-B88.5",
            "count": 14,
            "created_time": "2024-08-11T13:54:58.246678Z",
            "yes_price": 1,
            "no_price": 99,
            "taker_side": "yes"
        },
        {
            "trade_id": "852865d5-ee57-4917-b815-7a709e686566",
            "ticker": "HIGHMIA-24AUG11-B88.5",
            "count": 5,
            "created_time": "2024-08-11T13:54:58.246678Z",
            "yes_price": 1,
            "no_price": 99,
            "taker_side": "yes"
        },
        {
            "trade_id": "84214379-39e1-421b-b7b7-b23050a953ed",
            "ticker": "HIGHMIA-24AUG11-B88.5",
            "count": 3,
            "created_time": "2024-08-11T13:54:58.246678Z",
            "yes_price": 1,
            "no_price": 99,
            "taker_side": "yes"
        },
        {
            "trade_id": "68ba38bb-4ef8-4136-82a3-f16925f5dd2c",
            "ticker": "HIGHMIA-24AUG11-B88.5",
            "count": 23,
            "created_time": "2024-08-11T13:54:58.246678Z",
            "yes_price": 1,
            "no_price": 99,
            "taker_side": "yes"
        },
        {
            "trade_id": "64f9b2b8-8d96-4a97-b6fc-9f4d45eaf244",
            "ticker": "HIGHMIA-24AUG11-B88.5",
            "count": 3,
            "created_time": "2024-08-11T13:54:58.246678Z",
            "yes_price": 1,
            "no_price": 99,
            "taker_side": "yes"
        },
        {
            "trade_id": "6110ef4e-a85f-461b-bc56-34d977f6915c",
            "ticker": "HIGHMIA-24AUG11-B88.5",
            "count": 25,
            "created_time": "2024-08-11T13:54:58.246678Z",
            "yes_price": 1,
            "no_price": 99,
            "taker_side": "yes"
        },
        {
            "trade_id": "109964a7-818d-4ec4-93fd-62bb44e60b12",
            "ticker": "HIGHMIA-24AUG11-B88.5",
            "count": 45,
            "created_time": "2024-08-11T13:54:58.246678Z",
            "yes_price": 1,
            "no_price": 99,
            "taker_side": "yes"
        },
        {
            "trade_id": "f4f4ff33-d2f1-4ca0-897c-3e64884e9350",
            "ticker": "HIGHMIA-24AUG11-B88.5",
            "count": 12,
            "created_time": "2024-08-11T00:31:44.01587Z",
            "yes_price": 1,
            "no_price": 99,
            "taker_side": "no"
        },
        {
            "trade_id": "dff7e3d1-ad03-4677-b276-82f3d9344fde",
            "ticker": "HIGHMIA-24AUG11-B88.5",
            "count": 22,
            "created_time": "2024-08-10T23:40:41.104619Z",
            "yes_price": 1,
            "no_price": 99,
            "taker_side": "no"
        },
        {
            "trade_id": "e73c8a2d-2fbe-4bab-986c-d91834e5653b",
            "ticker": "HIGHMIA-24AUG11-B88.5",
            "count": 50,
            "created_time": "2024-08-10T23:40:31.489567Z",
            "yes_price": 1,
            "no_price": 99,
            "taker_side": "no"
        },
        {
            "trade_id": "07acb581-37b2-4f0e-b108-1a02f0580f14",
            "ticker": "HIGHMIA-24AUG11-B88.5",
            "count": 16,
            "created_time": "2024-08-10T23:36:59.557802Z",
            "yes_price": 2,
            "no_price": 98,
            "taker_side": "no"
        },
        {
            "trade_id": "bb5c34ee-73f9-4f6a-9417-867a89a28898",
            "ticker": "HIGHMIA-24AUG11-B88.5",
            "count": 18,
            "created_time": "2024-08-10T23:36:28.881477Z",
            "yes_price": 2,
            "no_price": 98,
            "taker_side": "no"
        }
    ],
    "HIGHMIA-24AUG11-B90.5": [
        {
            "trade_id": "98b5220f-5d23-4a16-8678-f370de96c191",
            "ticker": "HIGHMIA-24AUG11-B90.5",
            "count": 50,
            "created_time": "2024-08-11T16:55:21.201027Z",
            "yes_price": 1,
            "no_price": 99,
            "taker_side": "no"
        },
        {
            "trade_id": "2b6d6e26-c53d-4a64-a5a5-014376cd7e3f",
            "ticker": "HIGHMIA-24AUG11-B90.5",
            "count": 52,
            "created_time": "2024-08-11T16:55:21.201027Z",
            "yes_price": 1,
            "no_price": 99,
            "taker_side": "no"
        },
        {
            "trade_id": "3a1ae5e3-7d0e-4557-a7e4-6354c1bae210",
            "ticker": "HIGHMIA-24AUG11-B90.5",
            "count": 5,
            "created_time": "2024-08-11T16:33:58.278083Z",
            "yes_price": 25,
            "no_price": 75,
            "taker_side": "yes"
        },
        {
            "trade_id": "124fa168-6516-4630-bf51-d2f48a335818",
            "ticker": "HIGHMIA-24AUG11-B90.5",
            "count": 45,
            "created_time": "2024-08-11T16:33:58.278083Z",
            "yes_price": 24,
            "no_price": 76,
            "taker_side": "yes"
        },
        {
            "trade_id": "1bff9ea4-4395-4e66-bf9f-143d9cb8d73b",
            "ticker": "HIGHMIA-24AUG11-B90.5",
            "count": 50,
            "created_time": "2024-08-11T16:09:59.114873Z",
            "yes_price": 3,
            "no_price": 97,
            "taker_side": "no"
        },
        {
            "trade_id": "c96d40a6-9800-4805-b7e3-5dc00fcf02fe",
            "ticker": "HIGHMIA-24AUG11-B90.5",
            "count": 5,
            "created_time": "2024-08-11T15:39:53.519708Z",
            "yes_price": 25,
            "no_price": 75,
            "taker_side": "yes"
        },
        {
            "trade_id": "9df1fdcd-365b-45d8-83d9-bc382cffb7cd",
            "ticker": "HIGHMIA-24AUG11-B90.5",
            "count": 7,
            "created_time": "2024-08-11T14:20:16.445165Z",
            "yes_price": 24,
            "no_price": 76,
            "taker_side": "yes"
        },
        {
            "trade_id": "56f81d4d-2486-47bd-a3b7-2fa96f5cbd32",
            "ticker": "HIGHMIA-24AUG11-B90.5",
            "count": 7,
            "created_time": "2024-08-11T13:57:01.763576Z",
            "yes_price": 24,
            "no_price": 76,
            "taker_side": "yes"
        },
        {
            "trade_id": "e0458ebb-ecd9-4bc7-82f6-4e4c91881a1f",
            "ticker": "HIGHMIA-24AUG11-B90.5",
            "count": 14,
            "created_time": "2024-08-11T12:59:18.057423Z",
            "yes_price": 27,
            "no_price": 73,
            "taker_side": "yes"
        },
        {
            "trade_id": "a2da9f58-d7e1-4bbf-9624-4cb6a9872d32",
            "ticker": "HIGHMIA-24AUG11-B90.5",
            "count": 21,
            "created_time": "2024-08-11T12:19:06.714191Z",
            "yes_price": 4,
            "no_price": 96,
            "taker_side": "no"
        },
        {
            "trade_id": "fb59da7b-b04a-4c16-b66a-de26e05f4332",
            "ticker": "HIGHMIA-24AUG11-B90.5",
            "count": 10,
            "created_time": "2024-08-11T12:08:42.611547Z",
            "yes_price": 3,
            "no_price": 97,
            "taker_side": "no"
        },
        {
            "trade_id": "ec043739-8de8-4618-a358-4f0a092ce7a9",
            "ticker": "HIGHMIA-24AUG11-B90.5",
            "count": 21,
            "created_time": "2024-08-11T12:08:41.050844Z",
            "yes_price": 4,
            "no_price": 96,
            "taker_side": "no"
        },
        {
            "trade_id": "c62f4d2f-91cb-4032-a0a3-8a53e98dc169",
            "ticker": "HIGHMIA-24AUG11-B90.5",
            "count": 19,
            "created_time": "2024-08-11T12:02:59.449283Z",
            "yes_price": 27,
            "no_price": 73,
            "taker_side": "yes"
        },
        {
            "trade_id": "80ee3b1e-ea87-424c-8c3c-ba96e04b7cc2",
            "ticker": "HIGHMIA-24AUG11-B90.5",
            "count": 13,
            "created_time": "2024-08-11T12:02:59.449283Z",
            "yes_price": 28,
            "no_price": 72,
            "taker_side": "yes"
        },
        {
            "trade_id": "794dcb37-5db0-4999-b064-c107ab20e208",
            "ticker": "HIGHMIA-24AUG11-B90.5",
            "count": 2,
            "created_time": "2024-08-11T12:02:59.449283Z",
            "yes_price": 27,
            "no_price": 73,
            "taker_side": "yes"
        },
        {
            "trade_id": "4957f583-dd56-45c6-9452-6efc63611737",
            "ticker": "HIGHMIA-24AUG11-B90.5",
            "count": 100,
            "created_time": "2024-08-11T12:00:33.710445Z",
            "yes_price": 7,
            "no_price": 93,
            "taker_side": "no"
        },
        {
            "trade_id": "3ec03b5f-611b-4754-bfa4-f0ae510a8a32",
            "ticker": "HIGHMIA-24AUG11-B90.5",
            "count": 55,
            "created_time": "2024-08-11T12:00:32.155763Z",
            "yes_price": 14,
            "no_price": 86,
            "taker_side": "no"
        },
        {
            "trade_id": "755eee88-8e74-49b2-8e2a-75fbf2383a37",
            "ticker": "HIGHMIA-24AUG11-B90.5",
            "count": 180,
            "created_time": "2024-08-11T12:00:30.597837Z",
            "yes_price": 14,
            "no_price": 86,
            "taker_side": "no"
        },
        {
            "trade_id": "c07e3178-432d-4dd0-a7c2-342ff180a858",
            "ticker": "HIGHMIA-24AUG11-B90.5",
            "count": 18,
            "created_time": "2024-08-11T12:00:29.014775Z",
            "yes_price": 14,
            "no_price": 86,
            "taker_side": "no"
        },
        {
            "trade_id": "d89316c9-6fd2-4fe3-aba7-fd20df533d2d",
            "ticker": "HIGHMIA-24AUG11-B90.5",
            "count": 18,
            "created_time": "2024-08-11T01:20:35.781024Z",
            "yes_price": 15,
            "no_price": 85,
            "taker_side": "no"
        },
        {
            "trade_id": "92021875-cf51-4e4d-92f5-7ddd71bd9eb2",
            "ticker": "HIGHMIA-24AUG11-B90.5",
            "count": 10,
            "created_time": "2024-08-11T00:32:14.510045Z",
            "yes_price": 15,
            "no_price": 85,
            "taker_side": "no"
        },
        {
            "trade_id": "eaf17aad-aa95-414f-b0d0-167b4c235361",
            "ticker": "HIGHMIA-24AUG11-B90.5",
            "count": 90,
            "created_time": "2024-08-11T00:32:00.719612Z",
            "yes_price": 15,
            "no_price": 85,
            "taker_side": "no"
        },
        {
            "trade_id": "3276c174-7c43-4fcf-9207-b17a261b4bbc",
            "ticker": "HIGHMIA-24AUG11-B90.5",
            "count": 12,
            "created_time": "2024-08-11T00:31:44.018862Z",
            "yes_price": 15,
            "no_price": 85,
            "taker_side": "no"
        },
        {
            "trade_id": "cf6d1fc2-6840-4d03-ad1e-d1e6074c4251",
            "ticker": "HIGHMIA-24AUG11-B90.5",
            "count": 22,
            "created_time": "2024-08-10T23:40:41.105557Z",
            "yes_price": 14,
            "no_price": 86,
            "taker_side": "no"
        },
        {
            "trade_id": "0e31a10e-7984-4e39-bd5d-8dc882447d92",
            "ticker": "HIGHMIA-24AUG11-B90.5",
            "count": 50,
            "created_time": "2024-08-10T23:40:31.478571Z",
            "yes_price": 14,
            "no_price": 86,
            "taker_side": "no"
        },
        {
            "trade_id": "56d2e564-2dcf-471c-9bc1-568f4db61a59",
            "ticker": "HIGHMIA-24AUG11-B90.5",
            "count": 16,
            "created_time": "2024-08-10T23:36:59.564045Z",
            "yes_price": 14,
            "no_price": 86,
            "taker_side": "no"
        },
        {
            "trade_id": "d95d0dd9-60ec-4865-8041-9944fb6009a7",
            "ticker": "HIGHMIA-24AUG11-B90.5",
            "count": 18,
            "created_time": "2024-08-10T23:36:28.898424Z",
            "yes_price": 14,
            "no_price": 86,
            "taker_side": "no"
        },
        {
            "trade_id": "0192f852-b8d6-4133-9ca5-4e183b62b7dd",
            "ticker": "HIGHMIA-24AUG11-B90.5",
            "count": 3,
            "created_time": "2024-08-10T17:44:56.425106Z",
            "yes_price": 13,
            "no_price": 87,
            "taker_side": "no"
        },
        {
            "trade_id": "40fc32da-24a1-411c-8015-2ca372e9a226",
            "ticker": "HIGHMIA-24AUG11-B90.5",
            "count": 3,
            "created_time": "2024-08-10T15:47:05.265969Z",
            "yes_price": 17,
            "no_price": 83,
            "taker_side": "yes"
        }
    ],
    "HIGHMIA-24AUG11-B92.5": [
        {
            "trade_id": "88058493-99a5-4f73-ba8c-3e286f4fc96a",
            "ticker": "HIGHMIA-24AUG11-B92.5",
            "count": 564,
            "created_time": "2024-08-11T23:36:30.841071Z",
            "yes_price": 97,
            "no_price": 3,
            "taker_side": "no"
        },
        {
            "trade_id": "e6b76732-3579-4a11-b11a-331c6364ca71",
            "ticker": "HIGHMIA-24AUG11-B92.5",
            "count": 49,
            "created_time": "2024-08-11T20:21:00.736134Z",
            "yes_price": 99,
            "no_price": 1,
            "taker_side": "yes"
        },
        {
            "trade_id": "46aaf3d5-ea56-4772-adc1-1936ba6b7172",
            "ticker": "HIGHMIA-24AUG11-B92.5",
            "count": 70,
            "created_time": "2024-08-11T20:21:00.736134Z",
            "yes_price": 99,
            "no_price": 1,
            "taker_side": "yes"
        },
        {
            "trade_id": "f8c074f2-a470-4bcf-bea6-57b23529fafe",
            "ticker": "HIGHMIA-24AUG11-B92.5",
            "count": 1,
            "created_time": "2024-08-11T17:27:18.87198Z",
            "yes_price": 99,
            "no_price": 1,
            "taker_side": "yes"
        },
        {
            "trade_id": "1b25f2ae-ac7d-4da8-95df-f9a363ce941d",
            "ticker": "HIGHMIA-24AUG11-B92.5",
            "count": 50,
            "created_time": "2024-08-11T17:27:18.87198Z",
            "yes_price": 90,
            "no_price": 10,
            "taker_side": "yes"
        },
        {
            "trade_id": "9374fcdb-dafe-41fa-b1c1-33b051bf21d1",
            "ticker": "HIGHMIA-24AUG11-B92.5",
            "count": 1,
            "created_time": "2024-08-11T17:14:40.89729Z",
            "yes_price": 90,
            "no_price": 10,
            "taker_side": "yes"
        },
        {
            "trade_id": "557cdfd3-7d09-4bf4-8187-6da2ae8744b3",
            "ticker": "HIGHMIA-24AUG11-B92.5",
            "count": 9,
            "created_time": "2024-08-11T16:52:24.778492Z",
            "yes_price": 90,
            "no_price": 10,
            "taker_side": "yes"
        },
        {
            "trade_id": "9f4eddb2-39ce-451c-ae54-7c270a05fd6e",
            "ticker": "HIGHMIA-24AUG11-B92.5",
            "count": 25,
            "created_time": "2024-08-11T16:10:56.4396Z",
            "yes_price": 89,
            "no_price": 11,
            "taker_side": "yes"
        },
        {
            "trade_id": "ac407089-e1db-4db7-a1c5-88ac6651d77a",
            "ticker": "HIGHMIA-24AUG11-B92.5",
            "count": 7,
            "created_time": "2024-08-11T14:56:27.527415Z",
            "yes_price": 33,
            "no_price": 67,
            "taker_side": "no"
        },
        {
            "trade_id": "57cb9717-c482-4268-bb40-bc7fe41f2bf7",
            "ticker": "HIGHMIA-24AUG11-B92.5",
            "count": 36,
            "created_time": "2024-08-11T13:16:30.872305Z",
            "yes_price": 73,
            "no_price": 27,
            "taker_side": "yes"
        },
        {
            "trade_id": "67c9f54d-445f-4e5b-8531-6b391916aaae",
            "ticker": "HIGHMIA-24AUG11-B92.5",
            "count": 1,
            "created_time": "2024-08-11T13:08:38.506845Z",
            "yes_price": 65,
            "no_price": 35,
            "taker_side": "no"
        },
        {
            "trade_id": "c9edb45d-630d-4785-a632-9ec028442ced",
            "ticker": "HIGHMIA-24AUG11-B92.5",
            "count": 3,
            "created_time": "2024-08-11T13:08:31.464174Z",
            "yes_price": 65,
            "no_price": 35,
            "taker_side": "yes"
        },
        {
            "trade_id": "361c16c5-1d82-42d3-b4c8-6a61e129c419",
            "ticker": "HIGHMIA-24AUG11-B92.5",
            "count": 6,
            "created_time": "2024-08-11T13:08:31.464174Z",
            "yes_price": 61,
            "no_price": 39,
            "taker_side": "yes"
        },
        {
            "trade_id": "5eb61c3f-4aea-49be-aae7-371627be8162",
            "ticker": "HIGHMIA-24AUG11-B92.5",
            "count": 11,
            "created_time": "2024-08-11T12:49:38.291808Z",
            "yes_price": 61,
            "no_price": 39,
            "taker_side": "no"
        },
        {
            "trade_id": "07585edb-48ce-4c0b-864c-fc0b3b838b95",
            "ticker": "HIGHMIA-24AUG11-B92.5",
            "count": 22,
            "created_time": "2024-08-11T12:49:08.400556Z",
            "yes_price": 61,
            "no_price": 39,
            "taker_side": "no"
        },
        {
            "trade_id": "f11992b4-f09f-42c0-b9fa-d3a5679f20dc",
            "ticker": "HIGHMIA-24AUG11-B92.5",
            "count": 44,
            "created_time": "2024-08-11T12:48:43.612663Z",
            "yes_price": 61,
            "no_price": 39,
            "taker_side": "yes"
        },
        {
            "trade_id": "7ceea558-867f-4213-8062-1fc0becbc957",
            "ticker": "HIGHMIA-24AUG11-B92.5",
            "count": 54,
            "created_time": "2024-08-11T12:48:35.048404Z",
            "yes_price": 61,
            "no_price": 39,
            "taker_side": "yes"
        },
        {
            "trade_id": "1824c9b9-90c1-4f43-b6ee-f33aa637ba99",
            "ticker": "HIGHMIA-24AUG11-B92.5",
            "count": 143,
            "created_time": "2024-08-11T12:44:38.384158Z",
            "yes_price": 63,
            "no_price": 37,
            "taker_side": "no"
        },
        {
            "trade_id": "54c3861b-69c3-4b3d-b86c-b0d0c9314ab4",
            "ticker": "HIGHMIA-24AUG11-B92.5",
            "count": 1,
            "created_time": "2024-08-11T12:44:32.455911Z",
            "yes_price": 65,
            "no_price": 35,
            "taker_side": "yes"
        },
        {
            "trade_id": "2a05dbb6-515e-4406-8699-91897d8b9ca0",
            "ticker": "HIGHMIA-24AUG11-B92.5",
            "count": 107,
            "created_time": "2024-08-11T12:44:32.455911Z",
            "yes_price": 61,
            "no_price": 39,
            "taker_side": "yes"
        },
        {
            "trade_id": "c444a956-f19a-41d8-83fe-0ed480d128e1",
            "ticker": "HIGHMIA-24AUG11-B92.5",
            "count": 180,
            "created_time": "2024-08-11T12:44:32.44022Z",
            "yes_price": 61,
            "no_price": 39,
            "taker_side": "yes"
        },
        {
            "trade_id": "93a47153-0f7f-479b-8f1a-2e5eb0607e3e",
            "ticker": "HIGHMIA-24AUG11-B92.5",
            "count": 18,
            "created_time": "2024-08-11T12:19:13.583345Z",
            "yes_price": 53,
            "no_price": 47,
            "taker_side": "no"
        },
        {
            "trade_id": "89299aac-ae34-483c-92ff-0c597b700717",
            "ticker": "HIGHMIA-24AUG11-B92.5",
            "count": 21,
            "created_time": "2024-08-11T12:19:06.713247Z",
            "yes_price": 53,
            "no_price": 47,
            "taker_side": "no"
        },
        {
            "trade_id": "0f7c20ca-4039-4b79-b309-b993adc2d87d",
            "ticker": "HIGHMIA-24AUG11-B92.5",
            "count": 54,
            "created_time": "2024-08-11T12:19:06.64004Z",
            "yes_price": 53,
            "no_price": 47,
            "taker_side": "yes"
        },
        {
            "trade_id": "e782393a-a2df-4fa5-901c-1a529372a4c5",
            "ticker": "HIGHMIA-24AUG11-B92.5",
            "count": 20,
            "created_time": "2024-08-11T12:14:22.681305Z",
            "yes_price": 54,
            "no_price": 46,
            "taker_side": "yes"
        },
        {
            "trade_id": "4a2aa613-9afb-4a89-9806-b4b771e5ad7b",
            "ticker": "HIGHMIA-24AUG11-B92.5",
            "count": 72,
            "created_time": "2024-08-11T12:14:22.681305Z",
            "yes_price": 52,
            "no_price": 48,
            "taker_side": "yes"
        },
        {
            "trade_id": "af894421-ab2e-47af-b8a0-eed1d692219f",
            "ticker": "HIGHMIA-24AUG11-B92.5",
            "count": 95,
            "created_time": "2024-08-11T12:10:23.230395Z",
            "yes_price": 53,
            "no_price": 47,
            "taker_side": "yes"
        },
        {
            "trade_id": "7c55fd92-98e1-47b0-bbdd-e7f7271e408c",
            "ticker": "HIGHMIA-24AUG11-B92.5",
            "count": 90,
            "created_time": "2024-08-11T12:10:23.230395Z",
            "yes_price": 51,
            "no_price": 49,
            "taker_side": "yes"
        },
        {
            "trade_id": "1de9a6d8-a317-4d37-8bae-d408df185288",
            "ticker": "HIGHMIA-24AUG11-B92.5",
            "count": 48,
            "created_time": "2024-08-11T12:08:59.134735Z",
            "yes_price": 50,
            "no_price": 50,
            "taker_side": "yes"
        },
        {
            "trade_id": "a1862b47-a24f-4b90-aa58-7e1c10e799eb",
            "ticker": "HIGHMIA-24AUG11-B92.5",
            "count": 10,
            "created_time": "2024-08-11T12:08:42.611087Z",
            "yes_price": 50,
            "no_price": 50,
            "taker_side": "no"
        },
        {
            "trade_id": "281a17ab-86e3-4b0d-a434-6d3fe030cc77",
            "ticker": "HIGHMIA-24AUG11-B92.5",
            "count": 21,
            "created_time": "2024-08-11T12:08:41.032469Z",
            "yes_price": 50,
            "no_price": 50,
            "taker_side": "no"
        },
        {
            "trade_id": "a1c07243-b4d7-4ce8-b103-75d3761d8549",
            "ticker": "HIGHMIA-24AUG11-B92.5",
            "count": 18,
            "created_time": "2024-08-11T12:08:40.917391Z",
            "yes_price": 50,
            "no_price": 50,
            "taker_side": "no"
        },
        {
            "trade_id": "dbe97859-4864-4f7d-bf72-cb9a7bccc707",
            "ticker": "HIGHMIA-24AUG11-B92.5",
            "count": 180,
            "created_time": "2024-08-11T12:08:40.898014Z",
            "yes_price": 50,
            "no_price": 50,
            "taker_side": "no"
        },
        {
            "trade_id": "e4580ea9-99fb-4dd7-9ef0-ef9eb0457647",
            "ticker": "HIGHMIA-24AUG11-B92.5",
            "count": 54,
            "created_time": "2024-08-11T12:01:35.096581Z",
            "yes_price": 50,
            "no_price": 50,
            "taker_side": "yes"
        },
        {
            "trade_id": "5fd82192-bc05-479b-98ff-18254dbcd49a",
            "ticker": "HIGHMIA-24AUG11-B92.5",
            "count": 100,
            "created_time": "2024-08-11T12:00:33.710013Z",
            "yes_price": 49,
            "no_price": 51,
            "taker_side": "no"
        },
        {
            "trade_id": "d8cf79a6-cc06-4fd2-b825-6464cfbb405b",
            "ticker": "HIGHMIA-24AUG11-B92.5",
            "count": 18,
            "created_time": "2024-08-11T12:00:33.607451Z",
            "yes_price": 49,
            "no_price": 51,
            "taker_side": "no"
        },
        {
            "trade_id": "4cbdca2b-a850-4235-bdf5-9e51d1e047ad",
            "ticker": "HIGHMIA-24AUG11-B92.5",
            "count": 55,
            "created_time": "2024-08-11T12:00:32.155469Z",
            "yes_price": 49,
            "no_price": 51,
            "taker_side": "no"
        },
        {
            "trade_id": "c486edab-aee8-419f-b36f-b22d6246a510",
            "ticker": "HIGHMIA-24AUG11-B92.5",
            "count": 180,
            "created_time": "2024-08-11T12:00:30.598122Z",
            "yes_price": 49,
            "no_price": 51,
            "taker_side": "no"
        },
        {
            "trade_id": "874571a0-8694-431f-b428-92b409bd65b7",
            "ticker": "HIGHMIA-24AUG11-B92.5",
            "count": 18,
            "created_time": "2024-08-11T12:00:29.013214Z",
            "yes_price": 49,
            "no_price": 51,
            "taker_side": "no"
        },
        {
            "trade_id": "6548dd35-ecc2-4967-8592-1586204b7df9",
            "ticker": "HIGHMIA-24AUG11-B92.5",
            "count": 90,
            "created_time": "2024-08-11T12:00:25.242832Z",
            "yes_price": 49,
            "no_price": 51,
            "taker_side": "no"
        },
        {
            "trade_id": "28fb5cc4-7508-4db8-8476-bf9dbad03762",
            "ticker": "HIGHMIA-24AUG11-B92.5",
            "count": 18,
            "created_time": "2024-08-11T12:00:14.677038Z",
            "yes_price": 49,
            "no_price": 51,
            "taker_side": "no"
        },
        {
            "trade_id": "1802dcb7-6535-4a26-8711-4c1a84f787f8",
            "ticker": "HIGHMIA-24AUG11-B92.5",
            "count": 10,
            "created_time": "2024-08-11T00:32:14.507414Z",
            "yes_price": 50,
            "no_price": 50,
            "taker_side": "no"
        },
        {
            "trade_id": "0d423620-a964-4511-a1e4-bc0b5d6d47eb",
            "ticker": "HIGHMIA-24AUG11-B92.5",
            "count": 90,
            "created_time": "2024-08-11T00:32:00.66135Z",
            "yes_price": 50,
            "no_price": 50,
            "taker_side": "no"
        },
        {
            "trade_id": "d036c383-e2c8-4c90-992c-b6110963a71c",
            "ticker": "HIGHMIA-24AUG11-B92.5",
            "count": 12,
            "created_time": "2024-08-11T00:31:44.024215Z",
            "yes_price": 49,
            "no_price": 51,
            "taker_side": "no"
        },
        {
            "trade_id": "f9f0c2a1-b993-434a-b389-44d1dab88c55",
            "ticker": "HIGHMIA-24AUG11-B92.5",
            "count": 22,
            "created_time": "2024-08-10T23:44:43.866145Z",
            "yes_price": 49,
            "no_price": 51,
            "taker_side": "yes"
        },
        {
            "trade_id": "05ac681b-6be2-4c63-a96d-d77b2b5fc698",
            "ticker": "HIGHMIA-24AUG11-B92.5",
            "count": 50,
            "created_time": "2024-08-10T23:40:31.488072Z",
            "yes_price": 49,
            "no_price": 51,
            "taker_side": "no"
        },
        {
            "trade_id": "45fd58f9-84c7-41cc-bfa7-298bf4bc2f9f",
            "ticker": "HIGHMIA-24AUG11-B92.5",
            "count": 16,
            "created_time": "2024-08-10T23:36:59.548278Z",
            "yes_price": 51,
            "no_price": 49,
            "taker_side": "no"
        },
        {
            "trade_id": "823154b0-0b7f-4dd4-af32-89d553db1e48",
            "ticker": "HIGHMIA-24AUG11-B92.5",
            "count": 18,
            "created_time": "2024-08-10T23:36:28.871822Z",
            "yes_price": 51,
            "no_price": 49,
            "taker_side": "no"
        },
        {
            "trade_id": "c3e7f2d5-e440-4d41-9e07-f7d5e4708f59",
            "ticker": "HIGHMIA-24AUG11-B92.5",
            "count": 9,
            "created_time": "2024-08-10T23:31:16.499241Z",
            "yes_price": 64,
            "no_price": 36,
            "taker_side": "yes"
        },
        {
            "trade_id": "19740952-6598-4007-8c4d-1155f21ec7dc",
            "ticker": "HIGHMIA-24AUG11-B92.5",
            "count": 1,
            "created_time": "2024-08-10T22:17:49.196384Z",
            "yes_price": 68,
            "no_price": 32,
            "taker_side": "yes"
        },
        {
            "trade_id": "5a521d2b-e423-47ea-a9b1-1fd032e2f189",
            "ticker": "HIGHMIA-24AUG11-B92.5",
            "count": 50,
            "created_time": "2024-08-10T22:14:04.051345Z",
            "yes_price": 67,
            "no_price": 33,
            "taker_side": "yes"
        },
        {
            "trade_id": "1e7f2465-d3bd-4b26-a50c-b6354dd8d8be",
            "ticker": "HIGHMIA-24AUG11-B92.5",
            "count": 1,
            "created_time": "2024-08-10T17:30:26.311686Z",
            "yes_price": 59,
            "no_price": 41,
            "taker_side": "no"
        },
        {
            "trade_id": "04d8122d-0d41-4111-8739-7be2b3b12a1a",
            "ticker": "HIGHMIA-24AUG11-B92.5",
            "count": 1,
            "created_time": "2024-08-10T16:41:11.61975Z",
            "yes_price": 66,
            "no_price": 34,
            "taker_side": "yes"
        },
        {
            "trade_id": "f9fcf32e-b976-4d4f-9bb2-d3254b8b5805",
            "ticker": "HIGHMIA-24AUG11-B92.5",
            "count": 68,
            "created_time": "2024-08-10T14:59:19.265431Z",
            "yes_price": 58,
            "no_price": 42,
            "taker_side": "yes"
        },
        {
            "trade_id": "b077444c-9594-4b1e-ac90-fe1289139c5f",
            "ticker": "HIGHMIA-24AUG11-B92.5",
            "count": 68,
            "created_time": "2024-08-10T14:59:19.265431Z",
            "yes_price": 59,
            "no_price": 41,
            "taker_side": "yes"
        },
        {
            "trade_id": "80420177-6e3c-419b-b60d-c8e2084c71bc",
            "ticker": "HIGHMIA-24AUG11-B92.5",
            "count": 90,
            "created_time": "2024-08-10T14:59:19.265431Z",
            "yes_price": 56,
            "no_price": 44,
            "taker_side": "yes"
        },
        {
            "trade_id": "350acb25-6d3c-420b-9436-e3e0c2c54ba3",
            "ticker": "HIGHMIA-24AUG11-B92.5",
            "count": 68,
            "created_time": "2024-08-10T14:59:19.265431Z",
            "yes_price": 57,
            "no_price": 43,
            "taker_side": "yes"
        },
        {
            "trade_id": "2c2f41dc-25b2-42fa-ae27-8719e90f5e3c",
            "ticker": "HIGHMIA-24AUG11-B92.5",
            "count": 90,
            "created_time": "2024-08-10T14:59:19.265431Z",
            "yes_price": 57,
            "no_price": 43,
            "taker_side": "yes"
        },
        {
            "trade_id": "117460df-5a1d-4a7f-b2b4-5547b4cc469b",
            "ticker": "HIGHMIA-24AUG11-B92.5",
            "count": 180,
            "created_time": "2024-08-10T14:59:19.265431Z",
            "yes_price": 60,
            "no_price": 40,
            "taker_side": "yes"
        },
        {
            "trade_id": "804a306b-9fe4-4d98-bb33-3bcb0ea9999c",
            "ticker": "HIGHMIA-24AUG11-B92.5",
            "count": 59,
            "created_time": "2024-08-10T14:16:41.242038Z",
            "yes_price": 49,
            "no_price": 51,
            "taker_side": "yes"
        },
        {
            "trade_id": "72ef4cd3-7922-4fa4-b053-783858a397cf",
            "ticker": "HIGHMIA-24AUG11-B92.5",
            "count": 88,
            "created_time": "2024-08-10T14:16:41.242038Z",
            "yes_price": 50,
            "no_price": 50,
            "taker_side": "yes"
        },
        {
            "trade_id": "b8d36a45-879f-4679-91ba-0a74bb33c7c8",
            "ticker": "HIGHMIA-24AUG11-B92.5",
            "count": 50,
            "created_time": "2024-08-10T14:16:12.884757Z",
            "yes_price": 49,
            "no_price": 51,
            "taker_side": "yes"
        },
        {
            "trade_id": "2e9d74cf-27ab-4435-a7d8-1c48e23f6eac",
            "ticker": "HIGHMIA-24AUG11-B92.5",
            "count": 20,
            "created_time": "2024-08-10T14:16:12.884757Z",
            "yes_price": 49,
            "no_price": 51,
            "taker_side": "yes"
        },
        {
            "trade_id": "f22494b0-3330-4a39-afff-01688daa881a",
            "ticker": "HIGHMIA-24AUG11-B92.5",
            "count": 60,
            "created_time": "2024-08-10T14:15:34.428088Z",
            "yes_price": 49,
            "no_price": 51,
            "taker_side": "no"
        },
        {
            "trade_id": "3b0bef25-42f9-4fd9-ad34-84d91f8e3592",
            "ticker": "HIGHMIA-24AUG11-B92.5",
            "count": 24,
            "created_time": "2024-08-10T14:15:33.261762Z",
            "yes_price": 50,
            "no_price": 50,
            "taker_side": "yes"
        },
        {
            "trade_id": "d09cfd67-7ba6-457f-b8f1-0a6919cb22f7",
            "ticker": "HIGHMIA-24AUG11-B92.5",
            "count": 24,
            "created_time": "2024-08-10T14:15:23.071961Z",
            "yes_price": 50,
            "no_price": 50,
            "taker_side": "yes"
        }
    ],
    "HIGHMIA-24AUG11-T93": [
        {
            "trade_id": "e2ac4002-90d1-4c2e-8aa1-3329dff09030",
            "ticker": "HIGHMIA-24AUG11-T93",
            "count": 50,
            "created_time": "2024-08-11T19:56:42.312983Z",
            "yes_price": 1,
            "no_price": 99,
            "taker_side": "no"
        },
        {
            "trade_id": "31d0455b-b4b0-4841-b598-c901d7ecec86",
            "ticker": "HIGHMIA-24AUG11-T93",
            "count": 358,
            "created_time": "2024-08-11T19:56:42.312983Z",
            "yes_price": 1,
            "no_price": 99,
            "taker_side": "no"
        },
        {
            "trade_id": "2ccd29d3-c1a9-41c7-a047-59c148e187f5",
            "ticker": "HIGHMIA-24AUG11-T93",
            "count": 50,
            "created_time": "2024-08-11T19:51:20.396388Z",
            "yes_price": 2,
            "no_price": 98,
            "taker_side": "no"
        },
        {
            "trade_id": "b4422265-02f6-4452-b0bf-f65980523197",
            "ticker": "HIGHMIA-24AUG11-T93",
            "count": 200,
            "created_time": "2024-08-11T18:29:23.001887Z",
            "yes_price": 3,
            "no_price": 97,
            "taker_side": "no"
        },
        {
            "trade_id": "33297ee5-4109-4142-a275-890382e4623b",
            "ticker": "HIGHMIA-24AUG11-T93",
            "count": 50,
            "created_time": "2024-08-11T15:46:28.876808Z",
            "yes_price": 3,
            "no_price": 97,
            "taker_side": "no"
        },
        {
            "trade_id": "15ab4e6d-d883-4375-b0aa-4bb2bcb2f3df",
            "ticker": "HIGHMIA-24AUG11-T93",
            "count": 50,
            "created_time": "2024-08-11T15:08:05.196202Z",
            "yes_price": 4,
            "no_price": 96,
            "taker_side": "no"
        },
        {
            "trade_id": "53692f39-05d6-496c-9ddc-e624b6e7f303",
            "ticker": "HIGHMIA-24AUG11-T93",
            "count": 25,
            "created_time": "2024-08-11T13:59:02.30279Z",
            "yes_price": 16,
            "no_price": 84,
            "taker_side": "no"
        },
        {
            "trade_id": "679f1da8-7fa3-4e75-9f83-a3d61c7d2018",
            "ticker": "HIGHMIA-24AUG11-T93",
            "count": 100,
            "created_time": "2024-08-11T13:18:36.380863Z",
            "yes_price": 20,
            "no_price": 80,
            "taker_side": "no"
        },
        {
            "trade_id": "c89bafe7-bc58-4bd0-8a75-15516af4accd",
            "ticker": "HIGHMIA-24AUG11-T93",
            "count": 71,
            "created_time": "2024-08-11T13:18:23.746654Z",
            "yes_price": 21,
            "no_price": 79,
            "taker_side": "no"
        },
        {
            "trade_id": "06c7dc08-7227-45a1-9d1b-c3fc77660d21",
            "ticker": "HIGHMIA-24AUG11-T93",
            "count": 25,
            "created_time": "2024-08-11T13:13:37.331314Z",
            "yes_price": 21,
            "no_price": 79,
            "taker_side": "no"
        },
        {
            "trade_id": "44352750-48f0-43a5-bb2e-e91237523a67",
            "ticker": "HIGHMIA-24AUG11-T93",
            "count": 36,
            "created_time": "2024-08-11T12:28:18.670094Z",
            "yes_price": 47,
            "no_price": 53,
            "taker_side": "no"
        },
        {
            "trade_id": "107822a9-32f5-435d-8b3e-59bbe80585de",
            "ticker": "HIGHMIA-24AUG11-T93",
            "count": 18,
            "created_time": "2024-08-11T12:28:18.670094Z",
            "yes_price": 48,
            "no_price": 52,
            "taker_side": "no"
        },
        {
            "trade_id": "0b28ec92-9384-45ea-b265-37551b324590",
            "ticker": "HIGHMIA-24AUG11-T93",
            "count": 21,
            "created_time": "2024-08-11T12:19:06.705343Z",
            "yes_price": 47,
            "no_price": 53,
            "taker_side": "no"
        },
        {
            "trade_id": "eb52c877-630e-434a-9704-1c8cba6e28fe",
            "ticker": "HIGHMIA-24AUG11-T93",
            "count": 10,
            "created_time": "2024-08-11T12:08:42.601836Z",
            "yes_price": 51,
            "no_price": 49,
            "taker_side": "no"
        },
        {
            "trade_id": "8beeecbc-1663-4fb3-a11d-8dd312405707",
            "ticker": "HIGHMIA-24AUG11-T93",
            "count": 21,
            "created_time": "2024-08-11T12:08:41.041843Z",
            "yes_price": 51,
            "no_price": 49,
            "taker_side": "no"
        },
        {
            "trade_id": "7032fc62-fd68-4957-9dc2-83aafcae5629",
            "ticker": "HIGHMIA-24AUG11-T93",
            "count": 20,
            "created_time": "2024-08-11T12:06:06.27973Z",
            "yes_price": 46,
            "no_price": 54,
            "taker_side": "no"
        },
        {
            "trade_id": "0552923d-80a9-4c22-9d42-830f95e47ca6",
            "ticker": "HIGHMIA-24AUG11-T93",
            "count": 72,
            "created_time": "2024-08-11T12:06:06.27973Z",
            "yes_price": 48,
            "no_price": 52,
            "taker_side": "no"
        },
        {
            "trade_id": "905d241e-c4e8-44e3-a8e0-8b8ac5f6073c",
            "ticker": "HIGHMIA-24AUG11-T93",
            "count": 18,
            "created_time": "2024-08-11T12:01:58.987932Z",
            "yes_price": 46,
            "no_price": 54,
            "taker_side": "no"
        },
        {
            "trade_id": "105b8a4f-0f7c-44e7-a347-5598f1f0fb82",
            "ticker": "HIGHMIA-24AUG11-T93",
            "count": 29,
            "created_time": "2024-08-11T12:01:58.987932Z",
            "yes_price": 44,
            "no_price": 56,
            "taker_side": "no"
        },
        {
            "trade_id": "8c6b60bb-7f7f-49c7-bca1-e457eea21a84",
            "ticker": "HIGHMIA-24AUG11-T93",
            "count": 36,
            "created_time": "2024-08-11T12:00:33.7115Z",
            "yes_price": 51,
            "no_price": 49,
            "taker_side": "no"
        },
        {
            "trade_id": "78bf97ba-937b-4999-b479-731aae8d9bb0",
            "ticker": "HIGHMIA-24AUG11-T93",
            "count": 64,
            "created_time": "2024-08-11T12:00:33.7115Z",
            "yes_price": 49,
            "no_price": 51,
            "taker_side": "no"
        },
        {
            "trade_id": "a927a0fc-606a-4611-89b4-4a81a7ca866f",
            "ticker": "HIGHMIA-24AUG11-T93",
            "count": 55,
            "created_time": "2024-08-11T12:00:32.146365Z",
            "yes_price": 46,
            "no_price": 54,
            "taker_side": "no"
        },
        {
            "trade_id": "1ef1f58f-6e09-44db-bae4-4d2e563c82bb",
            "ticker": "HIGHMIA-24AUG11-T93",
            "count": 180,
            "created_time": "2024-08-11T12:00:30.58876Z",
            "yes_price": 49,
            "no_price": 51,
            "taker_side": "no"
        },
        {
            "trade_id": "81be717c-bfdd-452a-9c85-563b14db3cbb",
            "ticker": "HIGHMIA-24AUG11-T93",
            "count": 18,
            "created_time": "2024-08-11T12:00:29.015327Z",
            "yes_price": 51,
            "no_price": 49,
            "taker_side": "no"
        },
        {
            "trade_id": "995e5d51-51ff-41f4-b2f5-c4ce902475c0",
            "ticker": "HIGHMIA-24AUG11-T93",
            "count": 54,
            "created_time": "2024-08-11T00:54:11.618705Z",
            "yes_price": 27,
            "no_price": 73,
            "taker_side": "yes"
        },
        {
            "trade_id": "8dcbe7ca-dfbc-4855-a1d8-9f2e29fcdec4",
            "ticker": "HIGHMIA-24AUG11-T93",
            "count": 90,
            "created_time": "2024-08-11T00:33:32.899146Z",
            "yes_price": 37,
            "no_price": 63,
            "taker_side": "no"
        },
        {
            "trade_id": "d4f30c2d-a054-46fb-b3ef-e983b3f59930",
            "ticker": "HIGHMIA-24AUG11-T93",
            "count": 90,
            "created_time": "2024-08-11T00:33:17.750345Z",
            "yes_price": 38,
            "no_price": 62,
            "taker_side": "no"
        },
        {
            "trade_id": "ac30469e-f4ec-4f06-b9b9-792676ec6b1d",
            "ticker": "HIGHMIA-24AUG11-T93",
            "count": 18,
            "created_time": "2024-08-11T00:32:59.173579Z",
            "yes_price": 39,
            "no_price": 61,
            "taker_side": "no"
        },
        {
            "trade_id": "441ef451-78c2-41ce-baff-f3d8a88a068e",
            "ticker": "HIGHMIA-24AUG11-T93",
            "count": 74,
            "created_time": "2024-08-11T00:32:29.042616Z",
            "yes_price": 39,
            "no_price": 61,
            "taker_side": "no"
        },
        {
            "trade_id": "e2ccf8a9-ca3e-4405-924d-d74ffc51b031",
            "ticker": "HIGHMIA-24AUG11-T93",
            "count": 74,
            "created_time": "2024-08-11T00:32:15.807793Z",
            "yes_price": 40,
            "no_price": 60,
            "taker_side": "no"
        },
        {
            "trade_id": "1f3d0981-ee25-44c3-853b-92d27c8a4c4b",
            "ticker": "HIGHMIA-24AUG11-T93",
            "count": 16,
            "created_time": "2024-08-11T00:32:15.807793Z",
            "yes_price": 39,
            "no_price": 61,
            "taker_side": "no"
        },
        {
            "trade_id": "79300474-f2c1-469f-aaad-98edfc6c5f4c",
            "ticker": "HIGHMIA-24AUG11-T93",
            "count": 10,
            "created_time": "2024-08-11T00:32:14.499391Z",
            "yes_price": 40,
            "no_price": 60,
            "taker_side": "no"
        },
        {
            "trade_id": "bb87d54c-bb08-4376-8bb9-11e4aed8897f",
            "ticker": "HIGHMIA-24AUG11-T93",
            "count": 90,
            "created_time": "2024-08-11T00:32:00.718907Z",
            "yes_price": 40,
            "no_price": 60,
            "taker_side": "no"
        },
        {
            "trade_id": "1c2521ff-c341-4228-86f8-bf812a2ae9e8",
            "ticker": "HIGHMIA-24AUG11-T93",
            "count": 12,
            "created_time": "2024-08-11T00:31:44.023532Z",
            "yes_price": 40,
            "no_price": 60,
            "taker_side": "no"
        },
        {
            "trade_id": "12fdac2c-1e04-4b4c-9d9a-4aa53f75a1b1",
            "ticker": "HIGHMIA-24AUG11-T93",
            "count": 22,
            "created_time": "2024-08-10T23:40:41.105817Z",
            "yes_price": 41,
            "no_price": 59,
            "taker_side": "no"
        },
        {
            "trade_id": "0123a57e-743d-4fa5-a140-8528740c2368",
            "ticker": "HIGHMIA-24AUG11-T93",
            "count": 50,
            "created_time": "2024-08-10T23:40:31.469288Z",
            "yes_price": 40,
            "no_price": 60,
            "taker_side": "no"
        },
        {
            "trade_id": "55fa67e8-efa5-4d72-b2d5-f70b7b3f4158",
            "ticker": "HIGHMIA-24AUG11-T93",
            "count": 16,
            "created_time": "2024-08-10T23:36:59.558537Z",
            "yes_price": 36,
            "no_price": 64,
            "taker_side": "no"
        },
        {
            "trade_id": "eb9e5819-bb09-47b3-ac51-23b807b6e79f",
            "ticker": "HIGHMIA-24AUG11-T93",
            "count": 18,
            "created_time": "2024-08-10T23:36:28.890925Z",
            "yes_price": 36,
            "no_price": 64,
            "taker_side": "no"
        },
        {
            "trade_id": "b8abae77-a8e8-458d-a567-894992cada84",
            "ticker": "HIGHMIA-24AUG11-T93",
            "count": 50,
            "created_time": "2024-08-10T23:32:37.684611Z",
            "yes_price": 33,
            "no_price": 67,
            "taker_side": "yes"
        },
        {
            "trade_id": "630eb68a-96c1-4261-949e-45a5b1b0ac8e",
            "ticker": "HIGHMIA-24AUG11-T93",
            "count": 63,
            "created_time": "2024-08-10T23:32:30.732775Z",
            "yes_price": 25,
            "no_price": 75,
            "taker_side": "yes"
        },
        {
            "trade_id": "28efa517-f0be-46c7-83dc-4f095719a197",
            "ticker": "HIGHMIA-24AUG11-T93",
            "count": 72,
            "created_time": "2024-08-10T23:32:30.712004Z",
            "yes_price": 25,
            "no_price": 75,
            "taker_side": "yes"
        },
        {
            "trade_id": "cdc7dad5-f42d-494f-afcb-6f4eeb39e09a",
            "ticker": "HIGHMIA-24AUG11-T93",
            "count": 50,
            "created_time": "2024-08-10T14:58:34.807386Z",
            "yes_price": 32,
            "no_price": 68,
            "taker_side": "no"
        },
        {
            "trade_id": "cd50500c-2bbc-4fa9-a18f-a7eddf31784b",
            "ticker": "HIGHMIA-24AUG11-T93",
            "count": 50,
            "created_time": "2024-08-10T14:57:42.451944Z",
            "yes_price": 32,
            "no_price": 68,
            "taker_side": "no"
        },
        {
            "trade_id": "4f5501cc-80fe-45c9-ada3-456cb0d1733c",
            "ticker": "HIGHMIA-24AUG11-T93",
            "count": 18,
            "created_time": "2024-08-10T14:56:31.573655Z",
            "yes_price": 33,
            "no_price": 67,
            "taker_side": "yes"
        },
        {
            "trade_id": "f1f08720-1abf-40d0-a8df-d072afddaaa3",
            "ticker": "HIGHMIA-24AUG11-T93",
            "count": 36,
            "created_time": "2024-08-10T14:39:06.653772Z",
            "yes_price": 24,
            "no_price": 76,
            "taker_side": "no"
        },
        {
            "trade_id": "20b55c51-cc48-4837-9102-15fbb2c6e2af",
            "ticker": "HIGHMIA-24AUG11-T93",
            "count": 40,
            "created_time": "2024-08-10T14:17:50.722316Z",
            "yes_price": 24,
            "no_price": 76,
            "taker_side": "no"
        },
        {
            "trade_id": "d7f75543-8caa-4b7f-ae0b-2354e704f49b",
            "ticker": "HIGHMIA-24AUG11-T93",
            "count": 30,
            "created_time": "2024-08-10T14:15:16.055098Z",
            "yes_price": 26,
            "no_price": 74,
            "taker_side": "no"
        },
        {
            "trade_id": "a3427580-ee57-4f3b-8231-39f5bd7326f1",
            "ticker": "HIGHMIA-24AUG11-T93",
            "count": 180,
            "created_time": "2024-08-10T14:14:54.465572Z",
            "yes_price": 27,
            "no_price": 73,
            "taker_side": "no"
        },
        {
            "trade_id": "4062d51d-bcdd-46d8-a523-f0f8aedd7135",
            "ticker": "HIGHMIA-24AUG11-T93",
            "count": 108,
            "created_time": "2024-08-10T14:14:54.465572Z",
            "yes_price": 28,
            "no_price": 72,
            "taker_side": "no"
        },
        {
            "trade_id": "3c6febad-2109-47e9-994e-401912a3794b",
            "ticker": "HIGHMIA-24AUG11-T93",
            "count": 18,
            "created_time": "2024-08-10T14:12:31.548188Z",
            "yes_price": 32,
            "no_price": 68,
            "taker_side": "yes"
        },
        {
            "trade_id": "b4696ac7-4340-4c7a-b417-63983614e194",
            "ticker": "HIGHMIA-24AUG11-T93",
            "count": 33,
            "created_time": "2024-08-10T14:12:31.528274Z",
            "yes_price": 13,
            "no_price": 87,
            "taker_side": "yes"
        },
        {
            "trade_id": "88872592-cdd3-4243-a110-ebd7c213a2d4",
            "ticker": "HIGHMIA-24AUG11-T93",
            "count": 68,
            "created_time": "2024-08-10T14:12:31.528274Z",
            "yes_price": 22,
            "no_price": 78,
            "taker_side": "yes"
        },
        {
            "trade_id": "520c371c-7185-4f0a-b8e0-9afdf0a66483",
            "ticker": "HIGHMIA-24AUG11-T93",
            "count": 11,
            "created_time": "2024-08-10T14:12:31.528274Z",
            "yes_price": 32,
            "no_price": 68,
            "taker_side": "yes"
        },
        {
            "trade_id": "10b53b27-8ece-4875-a4f4-c6e08003f695",
            "ticker": "HIGHMIA-24AUG11-T93",
            "count": 68,
            "created_time": "2024-08-10T14:12:31.528274Z",
            "yes_price": 23,
            "no_price": 77,
            "taker_side": "yes"
        },
        {
            "trade_id": "f0dff2f5-988a-4e65-a550-e96f94e2cddb",
            "ticker": "HIGHMIA-24AUG11-T93",
            "count": 68,
            "created_time": "2024-08-10T14:12:31.509784Z",
            "yes_price": 12,
            "no_price": 88,
            "taker_side": "yes"
        },
        {
            "trade_id": "4c64e911-975a-40b2-b8b9-53656ba79f85",
            "ticker": "HIGHMIA-24AUG11-T93",
            "count": 68,
            "created_time": "2024-08-10T14:12:31.509784Z",
            "yes_price": 8,
            "no_price": 92,
            "taker_side": "yes"
        },
        {
            "trade_id": "2645495c-cfc5-4ffe-869c-00906e9f7633",
            "ticker": "HIGHMIA-24AUG11-T93",
            "count": 9,
            "created_time": "2024-08-10T14:12:31.509784Z",
            "yes_price": 7,
            "no_price": 93,
            "taker_side": "yes"
        },
        {
            "trade_id": "117f70cd-2604-4f8a-823e-f2b2f69a820a",
            "ticker": "HIGHMIA-24AUG11-T93",
            "count": 35,
            "created_time": "2024-08-10T14:12:31.509784Z",
            "yes_price": 13,
            "no_price": 87,
            "taker_side": "yes"
        }
    ]
}