{
    "HIGHMIA-24SEP09-T86": [
        {
            "trade_id": "c884d009-f215-430c-9d98-017c703e08f9",
            "ticker": "HIGHMIA-24SEP09-T86",
            "count": 50,
            "created_time": "2024-09-08T14:26:31.259144Z",
            "yes_price": 1,
            "no_price": 99,
            "taker_side": "no"
        }
    ],
    "HIGHMIA-24SEP09-B86.5": [
        {
            "trade_id": "f4533d0f-ab91-48b8-aaad-093f9eea7626",
            "ticker": "HIGHMIA-24SEP09-B86.5",
            "count": 50,
            "created_time": "2024-09-09T13:55:13.052593Z",
            "yes_price": 1,
            "no_price": 99,
            "taker_side": "no"
        }
    ],
    "HIGHMIA-24SEP09-B88.5": [
        {
            "trade_id": "c3f00659-afd0-4f4b-aee0-6f79a0d243b2",
            "ticker": "HIGHMIA-24SEP09-B88.5",
            "count": 50,
            "created_time": "2024-09-09T14:56:21.825863Z",
            "yes_price": 1,
            "no_price": 99,
            "taker_side": "no"
        }
    ],
    "HIGHMIA-24SEP09-B90.5": [
        {
            "trade_id": "ae30fabd-60f5-4f30-94ae-05a6f2b8f16e",
            "ticker": "HIGHMIA-24SEP09-B90.5",
            "count": 93,
            "created_time": "2024-09-09T23:34:28.062931Z",
            "yes_price": 1,
            "no_price": 99,
            "taker_side": "yes"
        },
        {
            "trade_id": "df6e7323-bcb0-41c4-ab94-dfc3dfc1edd8",
            "ticker": "HIGHMIA-24SEP09-B90.5",
            "count": 100,
            "created_time": "2024-09-09T18:29:06.982399Z",
            "yes_price": 1,
            "no_price": 99,
            "taker_side": "yes"
        },
        {
            "trade_id": "a8fb666e-68a2-458b-a50f-341044b9e2af",
            "ticker": "HIGHMIA-24SEP09-B90.5",
            "count": 50,
            "created_time": "2024-09-09T17:55:56.784241Z",
            "yes_price": 1,
            "no_price": 99,
            "taker_side": "no"
        },
        {
            "trade_id": "4f6da02a-5abe-4635-b059-913f3efa96a0",
            "ticker": "HIGHMIA-24SEP09-B90.5",
            "count": 3,
            "created_time": "2024-09-09T17:34:44.717529Z",
            "yes_price": 69,
            "no_price": 31,
            "taker_side": "yes"
        },
        {
            "trade_id": "4c06405f-ee5e-485e-9cc1-09088253a047",
            "ticker": "HIGHMIA-24SEP09-B90.5",
            "count": 1,
            "created_time": "2024-09-09T17:34:44.717529Z",
            "yes_price": 68,
            "no_price": 32,
            "taker_side": "yes"
        },
        {
            "trade_id": "ecbbbac9-0dfb-4143-bcdb-4c5bf2835f22",
            "ticker": "HIGHMIA-24SEP09-B90.5",
            "count": 1,
            "created_time": "2024-09-09T14:41:16.489784Z",
            "yes_price": 55,
            "no_price": 45,
            "taker_side": "no"
        },
        {
            "trade_id": "545dd590-0eec-4f45-90ef-fb94ca679915",
            "ticker": "HIGHMIA-24SEP09-B90.5",
            "count": 10,
            "created_time": "2024-09-09T14:41:16.489784Z",
            "yes_price": 65,
            "no_price": 35,
            "taker_side": "no"
        },
        {
            "trade_id": "4f15ad2a-8e71-4fe3-847c-86f9f9790b84",
            "ticker": "HIGHMIA-24SEP09-B90.5",
            "count": 40,
            "created_time": "2024-09-09T12:02:29.551893Z",
            "yes_price": 65,
            "no_price": 35,
            "taker_side": "no"
        },
        {
            "trade_id": "b9e84239-8f01-4955-a988-faa5c7a22f7e",
            "ticker": "HIGHMIA-24SEP09-B90.5",
            "count": 100,
            "created_time": "2024-09-09T02:44:20.690124Z",
            "yes_price": 68,
            "no_price": 32,
            "taker_side": "no"
        },
        {
            "trade_id": "d688d8e4-034c-44bb-81a3-caea93b4bced",
            "ticker": "HIGHMIA-24SEP09-B90.5",
            "count": 80,
            "created_time": "2024-09-08T23:55:11.635994Z",
            "yes_price": 65,
            "no_price": 35,
            "taker_side": "yes"
        },
        {
            "trade_id": "780a7551-0b89-4c25-b56b-ccad7f017a3a",
            "ticker": "HIGHMIA-24SEP09-B90.5",
            "count": 200,
            "created_time": "2024-09-08T23:52:57.506611Z",
            "yes_price": 64,
            "no_price": 36,
            "taker_side": "yes"
        },
        {
            "trade_id": "196b5f44-e4e4-4d48-bcf4-f4c95e770b61",
            "ticker": "HIGHMIA-24SEP09-B90.5",
            "count": 40,
            "created_time": "2024-09-08T23:52:57.506611Z",
            "yes_price": 62,
            "no_price": 38,
            "taker_side": "yes"
        },
        {
            "trade_id": "398581bf-a9a7-4d5d-9cba-230e648e76f1",
            "ticker": "HIGHMIA-24SEP09-B90.5",
            "count": 60,
            "created_time": "2024-09-08T23:31:51.073344Z",
            "yes_price": 67,
            "no_price": 33,
            "taker_side": "yes"
        },
        {
            "trade_id": "17404a34-a64c-4bce-920c-1439358a850e",
            "ticker": "HIGHMIA-24SEP09-B90.5",
            "count": 20,
            "created_time": "2024-09-08T23:26:08.327715Z",
            "yes_price": 66,
            "no_price": 34,
            "taker_side": "yes"
        },
        {
            "trade_id": "c8f4b5d6-2a60-40f8-a66a-78e9a71abbbf",
            "ticker": "HIGHMIA-24SEP09-B90.5",
            "count": 40,
            "created_time": "2024-09-08T23:24:23.957636Z",
            "yes_price": 67,
            "no_price": 33,
            "taker_side": "yes"
        },
        {
            "trade_id": "8c81e843-2519-4f7b-bd8b-20cd44a22bd1",
            "ticker": "HIGHMIA-24SEP09-B90.5",
            "count": 80,
            "created_time": "2024-09-08T23:18:10.14288Z",
            "yes_price": 67,
            "no_price": 33,
            "taker_side": "yes"
        },
        {
            "trade_id": "ac072525-ce57-4bb7-a78c-3caf0e990f41",
            "ticker": "HIGHMIA-24SEP09-B90.5",
            "count": 60,
            "created_time": "2024-09-08T23:17:42.574008Z",
            "yes_price": 64,
            "no_price": 36,
            "taker_side": "yes"
        },
        {
            "trade_id": "3199e149-4151-4109-96e6-16e73ba58c8d",
            "ticker": "HIGHMIA-24SEP09-B90.5",
            "count": 200,
            "created_time": "2024-09-08T23:17:42.574008Z",
            "yes_price": 66,
            "no_price": 34,
            "taker_side": "yes"
        },
        {
            "trade_id": "48a02cd7-e112-4c79-ad4f-c8a0fb5000f8",
            "ticker": "HIGHMIA-24SEP09-B90.5",
            "count": 14,
            "created_time": "2024-09-08T22:24:20.011843Z",
            "yes_price": 69,
            "no_price": 31,
            "taker_side": "yes"
        },
        {
            "trade_id": "058c29d6-9728-46ab-bb4e-2844b3fc26b6",
            "ticker": "HIGHMIA-24SEP09-B90.5",
            "count": 10,
            "created_time": "2024-09-08T22:13:05.235029Z",
            "yes_price": 64,
            "no_price": 36,
            "taker_side": "yes"
        },
        {
            "trade_id": "9d279296-94f7-4a49-8d61-65858de8343e",
            "ticker": "HIGHMIA-24SEP09-B90.5",
            "count": 20,
            "created_time": "2024-09-08T22:08:19.979313Z",
            "yes_price": 63,
            "no_price": 37,
            "taker_side": "yes"
        },
        {
            "trade_id": "2bcf6dd3-5408-4278-9f6a-598626ca60d0",
            "ticker": "HIGHMIA-24SEP09-B90.5",
            "count": 18,
            "created_time": "2024-09-08T22:08:19.979313Z",
            "yes_price": 65,
            "no_price": 35,
            "taker_side": "yes"
        },
        {
            "trade_id": "555269ad-f32d-43c0-93b7-c407dd4eac5b",
            "ticker": "HIGHMIA-24SEP09-B90.5",
            "count": 50,
            "created_time": "2024-09-08T21:43:40.129964Z",
            "yes_price": 58,
            "no_price": 42,
            "taker_side": "yes"
        },
        {
            "trade_id": "af8125b3-7033-45c7-9994-dda71b036a00",
            "ticker": "HIGHMIA-24SEP09-B90.5",
            "count": 80,
            "created_time": "2024-09-08T21:41:22.878854Z",
            "yes_price": 57,
            "no_price": 43,
            "taker_side": "yes"
        },
        {
            "trade_id": "e8c15572-defd-4f4b-bbf4-0c5159e14abe",
            "ticker": "HIGHMIA-24SEP09-B90.5",
            "count": 100,
            "created_time": "2024-09-08T21:40:42.16928Z",
            "yes_price": 56,
            "no_price": 44,
            "taker_side": "yes"
        },
        {
            "trade_id": "acd6d195-3020-43c4-af8a-1f471271c331",
            "ticker": "HIGHMIA-24SEP09-B90.5",
            "count": 60,
            "created_time": "2024-09-08T21:28:54.346024Z",
            "yes_price": 56,
            "no_price": 44,
            "taker_side": "yes"
        },
        {
            "trade_id": "cbd26670-74b9-46ad-8b47-97df43fc50bb",
            "ticker": "HIGHMIA-24SEP09-B90.5",
            "count": 20,
            "created_time": "2024-09-08T21:23:10.456772Z",
            "yes_price": 56,
            "no_price": 44,
            "taker_side": "yes"
        },
        {
            "trade_id": "0e8f6c40-8c78-4965-a556-668364294d72",
            "ticker": "HIGHMIA-24SEP09-B90.5",
            "count": 200,
            "created_time": "2024-09-08T21:23:10.456772Z",
            "yes_price": 58,
            "no_price": 42,
            "taker_side": "yes"
        },
        {
            "trade_id": "af951f84-fcf5-4e90-89e7-444e758bcd05",
            "ticker": "HIGHMIA-24SEP09-B90.5",
            "count": 40,
            "created_time": "2024-09-08T20:56:09.750142Z",
            "yes_price": 56,
            "no_price": 44,
            "taker_side": "yes"
        },
        {
            "trade_id": "1457356b-34be-4058-8ad4-c9c166ad71c3",
            "ticker": "HIGHMIA-24SEP09-B90.5",
            "count": 1,
            "created_time": "2024-09-08T20:56:09.750142Z",
            "yes_price": 55,
            "no_price": 45,
            "taker_side": "yes"
        },
        {
            "trade_id": "a3e269d8-66aa-4e9a-b14f-cebff593bccc",
            "ticker": "HIGHMIA-24SEP09-B90.5",
            "count": 200,
            "created_time": "2024-09-08T16:57:47.239251Z",
            "yes_price": 54,
            "no_price": 46,
            "taker_side": "yes"
        },
        {
            "trade_id": "8fde07f1-232c-472b-9e12-cc2bb7cba781",
            "ticker": "HIGHMIA-24SEP09-B90.5",
            "count": 22,
            "created_time": "2024-09-08T16:57:47.239251Z",
            "yes_price": 53,
            "no_price": 47,
            "taker_side": "yes"
        },
        {
            "trade_id": "44ad0eb8-306e-4fd7-bd21-b7705558d79b",
            "ticker": "HIGHMIA-24SEP09-B90.5",
            "count": 1,
            "created_time": "2024-09-08T16:57:47.239251Z",
            "yes_price": 49,
            "no_price": 51,
            "taker_side": "yes"
        },
        {
            "trade_id": "0dc82777-6307-4071-8259-e84ccbac095b",
            "ticker": "HIGHMIA-24SEP09-B90.5",
            "count": 40,
            "created_time": "2024-09-08T16:57:47.239251Z",
            "yes_price": 52,
            "no_price": 48,
            "taker_side": "yes"
        },
        {
            "trade_id": "1f4912f3-6df1-4121-882a-0c2297ce4c3c",
            "ticker": "HIGHMIA-24SEP09-B90.5",
            "count": 1,
            "created_time": "2024-09-08T16:43:10.950405Z",
            "yes_price": 47,
            "no_price": 53,
            "taker_side": "no"
        },
        {
            "trade_id": "10b4f65e-9a20-4722-92de-bb502e0aaaba",
            "ticker": "HIGHMIA-24SEP09-B90.5",
            "count": 26,
            "created_time": "2024-09-08T16:43:00.884947Z",
            "yes_price": 46,
            "no_price": 54,
            "taker_side": "no"
        },
        {
            "trade_id": "56c61eed-5a14-4b1e-982f-64540a99c61e",
            "ticker": "HIGHMIA-24SEP09-B90.5",
            "count": 80,
            "created_time": "2024-09-08T16:42:52.410081Z",
            "yes_price": 45,
            "no_price": 55,
            "taker_side": "yes"
        },
        {
            "trade_id": "e37cd373-4649-4c74-91a4-f90b5d556c0e",
            "ticker": "HIGHMIA-24SEP09-B90.5",
            "count": 20,
            "created_time": "2024-09-08T16:34:55.383495Z",
            "yes_price": 37,
            "no_price": 63,
            "taker_side": "yes"
        },
        {
            "trade_id": "02c183e6-2605-4f3d-bbcb-c798c1006c06",
            "ticker": "HIGHMIA-24SEP09-B90.5",
            "count": 200,
            "created_time": "2024-09-08T16:34:55.383495Z",
            "yes_price": 39,
            "no_price": 61,
            "taker_side": "yes"
        }
    ],
    "HIGHMIA-24SEP09-B92.5": [
        {
            "trade_id": "9e1c8340-0812-4e5c-8f7f-cd4360355856",
            "ticker": "HIGHMIA-24SEP09-B92.5",
            "count": 50,
            "created_time": "2024-09-09T20:42:27.903982Z",
            "yes_price": 99,
            "no_price": 1,
            "taker_side": "yes"
        },
        {
            "trade_id": "031b244f-5cd7-4424-9045-589ea6bd5302",
            "ticker": "HIGHMIA-24SEP09-B92.5",
            "count": 20,
            "created_time": "2024-09-09T20:12:14.732977Z",
            "yes_price": 97,
            "no_price": 3,
            "taker_side": "yes"
        },
        {
            "trade_id": "0c861bd6-981f-4d7e-afa3-819691bd7b86",
            "ticker": "HIGHMIA-24SEP09-B92.5",
            "count": 5,
            "created_time": "2024-09-09T18:14:04.099635Z",
            "yes_price": 97,
            "no_price": 3,
            "taker_side": "yes"
        },
        {
            "trade_id": "1bda327d-e959-443f-8345-9ad70d93928f",
            "ticker": "HIGHMIA-24SEP09-B92.5",
            "count": 22,
            "created_time": "2024-09-09T17:55:56.804723Z",
            "yes_price": 61,
            "no_price": 39,
            "taker_side": "yes"
        },
        {
            "trade_id": "15c042a9-5a64-4658-8c29-62c56de4cce4",
            "ticker": "HIGHMIA-24SEP09-B92.5",
            "count": 1,
            "created_time": "2024-09-09T17:34:44.801837Z",
            "yes_price": 31,
            "no_price": 69,
            "taker_side": "no"
        },
        {
            "trade_id": "7e3f850b-07dc-453a-b559-463540d83ca9",
            "ticker": "HIGHMIA-24SEP09-B92.5",
            "count": 50,
            "created_time": "2024-09-09T14:30:48.85572Z",
            "yes_price": 30,
            "no_price": 70,
            "taker_side": "yes"
        },
        {
            "trade_id": "449d758d-c12e-4cb1-a004-bc20076d41d2",
            "ticker": "HIGHMIA-24SEP09-B92.5",
            "count": 60,
            "created_time": "2024-09-09T12:02:34.012097Z",
            "yes_price": 31,
            "no_price": 69,
            "taker_side": "yes"
        },
        {
            "trade_id": "251c8741-e705-4fba-9791-ad5c0f4f052d",
            "ticker": "HIGHMIA-24SEP09-B92.5",
            "count": 100,
            "created_time": "2024-09-09T03:45:01.547968Z",
            "yes_price": 29,
            "no_price": 71,
            "taker_side": "no"
        },
        {
            "trade_id": "54fb6b13-1829-4f14-ad59-a89b50010f5a",
            "ticker": "HIGHMIA-24SEP09-B92.5",
            "count": 100,
            "created_time": "2024-09-09T03:44:54.58193Z",
            "yes_price": 28,
            "no_price": 72,
            "taker_side": "yes"
        },
        {
            "trade_id": "f545f681-02a0-4f23-be29-56bb80adfb44",
            "ticker": "HIGHMIA-24SEP09-B92.5",
            "count": 80,
            "created_time": "2024-09-09T03:44:38.202692Z",
            "yes_price": 27,
            "no_price": 73,
            "taker_side": "yes"
        },
        {
            "trade_id": "372708eb-8415-4909-8089-6a49d1f5e3d9",
            "ticker": "HIGHMIA-24SEP09-B92.5",
            "count": 20,
            "created_time": "2024-09-09T03:44:38.202692Z",
            "yes_price": 29,
            "no_price": 71,
            "taker_side": "yes"
        },
        {
            "trade_id": "2c07050e-c4a7-48fd-9b71-9eeebe9beffb",
            "ticker": "HIGHMIA-24SEP09-B92.5",
            "count": 120,
            "created_time": "2024-09-09T03:44:09.73426Z",
            "yes_price": 29,
            "no_price": 71,
            "taker_side": "yes"
        },
        {
            "trade_id": "bad8b41f-944b-48f2-a8e5-2cec3941ac53",
            "ticker": "HIGHMIA-24SEP09-B92.5",
            "count": 20,
            "created_time": "2024-09-09T03:43:41.056812Z",
            "yes_price": 28,
            "no_price": 72,
            "taker_side": "yes"
        },
        {
            "trade_id": "69ae5046-fbab-4671-83bb-90ac079e5c0e",
            "ticker": "HIGHMIA-24SEP09-B92.5",
            "count": 20,
            "created_time": "2024-09-09T00:18:24.319188Z",
            "yes_price": 23,
            "no_price": 77,
            "taker_side": "yes"
        },
        {
            "trade_id": "e57c4293-ad2a-4495-b1b7-42b93790c904",
            "ticker": "HIGHMIA-24SEP09-B92.5",
            "count": 200,
            "created_time": "2024-09-09T00:16:03.395808Z",
            "yes_price": 25,
            "no_price": 75,
            "taker_side": "yes"
        },
        {
            "trade_id": "bcd76883-14fa-4258-bc4c-350b46fe511a",
            "ticker": "HIGHMIA-24SEP09-B92.5",
            "count": 1,
            "created_time": "2024-09-09T00:16:03.395808Z",
            "yes_price": 22,
            "no_price": 78,
            "taker_side": "yes"
        },
        {
            "trade_id": "26aa9ac1-7eae-46ff-a23e-5b2122187fcd",
            "ticker": "HIGHMIA-24SEP09-B92.5",
            "count": 20,
            "created_time": "2024-09-09T00:16:03.395808Z",
            "yes_price": 23,
            "no_price": 77,
            "taker_side": "yes"
        },
        {
            "trade_id": "1b9b10c6-f6ad-420b-b914-e6ae6c74c913",
            "ticker": "HIGHMIA-24SEP09-B92.5",
            "count": 1,
            "created_time": "2024-09-08T23:56:35.019804Z",
            "yes_price": 28,
            "no_price": 72,
            "taker_side": "no"
        },
        {
            "trade_id": "e6c47ff4-de31-432a-93fc-e7cf271da0c5",
            "ticker": "HIGHMIA-24SEP09-B92.5",
            "count": 10,
            "created_time": "2024-09-08T20:05:25.133258Z",
            "yes_price": 39,
            "no_price": 61,
            "taker_side": "no"
        },
        {
            "trade_id": "0d205a25-007a-40c7-b5af-fce509120735",
            "ticker": "HIGHMIA-24SEP09-B92.5",
            "count": 1,
            "created_time": "2024-09-08T18:35:24.47288Z",
            "yes_price": 36,
            "no_price": 64,
            "taker_side": "no"
        },
        {
            "trade_id": "eb8f642e-4efb-4da4-bbbc-99e3920eb7f7",
            "ticker": "HIGHMIA-24SEP09-B92.5",
            "count": 200,
            "created_time": "2024-09-08T17:08:30.630911Z",
            "yes_price": 35,
            "no_price": 65,
            "taker_side": "no"
        },
        {
            "trade_id": "ca49c32a-baa2-42f5-8cea-7c3987c2ae5e",
            "ticker": "HIGHMIA-24SEP09-B92.5",
            "count": 200,
            "created_time": "2024-09-08T16:42:40.549552Z",
            "yes_price": 39,
            "no_price": 61,
            "taker_side": "no"
        },
        {
            "trade_id": "1c05158f-655e-4fa4-b97f-c1b5c7ec4756",
            "ticker": "HIGHMIA-24SEP09-B92.5",
            "count": 80,
            "created_time": "2024-09-08T16:42:40.549552Z",
            "yes_price": 42,
            "no_price": 58,
            "taker_side": "no"
        },
        {
            "trade_id": "150d69a0-0846-438d-9a1f-c89e1ac5eac0",
            "ticker": "HIGHMIA-24SEP09-B92.5",
            "count": 200,
            "created_time": "2024-09-08T16:42:40.549552Z",
            "yes_price": 37,
            "no_price": 63,
            "taker_side": "no"
        },
        {
            "trade_id": "014b0886-b3a5-44ec-ac87-07db2e4a9bad",
            "ticker": "HIGHMIA-24SEP09-B92.5",
            "count": 31,
            "created_time": "2024-09-08T14:18:55.762392Z",
            "yes_price": 45,
            "no_price": 55,
            "taker_side": "no"
        },
        {
            "trade_id": "e6253f71-5d5b-4f31-840b-702bb9e373c2",
            "ticker": "HIGHMIA-24SEP09-B92.5",
            "count": 11,
            "created_time": "2024-09-08T14:16:36.47901Z",
            "yes_price": 40,
            "no_price": 60,
            "taker_side": "yes"
        },
        {
            "trade_id": "7a280af5-be34-425f-8ee5-3d92a8fde310",
            "ticker": "HIGHMIA-24SEP09-B92.5",
            "count": 10,
            "created_time": "2024-09-08T14:16:36.47901Z",
            "yes_price": 41,
            "no_price": 59,
            "taker_side": "yes"
        },
        {
            "trade_id": "c1b9a45f-cce5-48fd-9e26-51378b3cc880",
            "ticker": "HIGHMIA-24SEP09-B92.5",
            "count": 20,
            "created_time": "2024-09-08T14:16:06.23902Z",
            "yes_price": 39,
            "no_price": 61,
            "taker_side": "yes"
        },
        {
            "trade_id": "349030e0-c110-43be-9f8a-7e73240da6f6",
            "ticker": "HIGHMIA-24SEP09-B92.5",
            "count": 10,
            "created_time": "2024-09-08T14:16:06.23902Z",
            "yes_price": 38,
            "no_price": 62,
            "taker_side": "yes"
        },
        {
            "trade_id": "21719861-e2bd-44cf-98e5-7ab9122d25fd",
            "ticker": "HIGHMIA-24SEP09-B92.5",
            "count": 11,
            "created_time": "2024-09-08T14:16:06.23902Z",
            "yes_price": 36,
            "no_price": 64,
            "taker_side": "yes"
        },
        {
            "trade_id": "b05fa00c-ef4c-446a-a9f3-23839ea38bbe",
            "ticker": "HIGHMIA-24SEP09-B92.5",
            "count": 11,
            "created_time": "2024-09-08T14:15:04.657551Z",
            "yes_price": 35,
            "no_price": 65,
            "taker_side": "yes"
        },
        {
            "trade_id": "797139a7-7a86-4b61-b268-1122b78454ea",
            "ticker": "HIGHMIA-24SEP09-B92.5",
            "count": 11,
            "created_time": "2024-09-08T14:13:00.294338Z",
            "yes_price": 34,
            "no_price": 66,
            "taker_side": "yes"
        },
        {
            "trade_id": "2c353869-148b-4264-b343-7a9d7e51a449",
            "ticker": "HIGHMIA-24SEP09-B92.5",
            "count": 12,
            "created_time": "2024-09-08T14:10:48.820101Z",
            "yes_price": 33,
            "no_price": 67,
            "taker_side": "yes"
        },
        {
            "trade_id": "a9fa74f1-b446-4acc-bc95-05881db2837a",
            "ticker": "HIGHMIA-24SEP09-B92.5",
            "count": 12,
            "created_time": "2024-09-08T14:08:59.342181Z",
            "yes_price": 32,
            "no_price": 68,
            "taker_side": "yes"
        },
        {
            "trade_id": "3fa071e2-6f12-485a-bcbd-c11c5a93fbc9",
            "ticker": "HIGHMIA-24SEP09-B92.5",
            "count": 12,
            "created_time": "2024-09-08T14:07:47.347191Z",
            "yes_price": 31,
            "no_price": 69,
            "taker_side": "yes"
        },
        {
            "trade_id": "33d58e86-30f8-47d4-8d52-3a199bc78ac5",
            "ticker": "HIGHMIA-24SEP09-B92.5",
            "count": 1,
            "created_time": "2024-09-08T14:07:47.347191Z",
            "yes_price": 30,
            "no_price": 70,
            "taker_side": "yes"
        }
    ],
    "HIGHMIA-24SEP09-T93": [
        {
            "trade_id": "970f129a-1331-4403-8e1f-5699779aaf8d",
            "ticker": "HIGHMIA-24SEP09-T93",
            "count": 93,
            "created_time": "2024-09-10T01:24:52.037333Z",
            "yes_price": 1,
            "no_price": 99,
            "taker_side": "yes"
        },
        {
            "trade_id": "3f947a09-0354-4994-b339-ca4054a23e66",
            "ticker": "HIGHMIA-24SEP09-T93",
            "count": 50,
            "created_time": "2024-09-09T20:42:37.288625Z",
            "yes_price": 1,
            "no_price": 99,
            "taker_side": "no"
        },
        {
            "trade_id": "82eac576-7d19-48d2-bc54-870ca9db3094",
            "ticker": "HIGHMIA-24SEP09-T93",
            "count": 22,
            "created_time": "2024-09-09T17:55:57.153912Z",
            "yes_price": 9,
            "no_price": 91,
            "taker_side": "yes"
        },
        {
            "trade_id": "a9c0d491-cd6d-439b-a336-bd70fc7e4a0d",
            "ticker": "HIGHMIA-24SEP09-T93",
            "count": 22,
            "created_time": "2024-09-09T17:55:56.804454Z",
            "yes_price": 9,
            "no_price": 91,
            "taker_side": "yes"
        },
        {
            "trade_id": "0b151e21-2c3a-4b4b-91bc-d36e579156b7",
            "ticker": "HIGHMIA-24SEP09-T93",
            "count": 1,
            "created_time": "2024-09-09T17:34:44.797775Z",
            "yes_price": 3,
            "no_price": 97,
            "taker_side": "no"
        },
        {
            "trade_id": "dd6274eb-dc52-4ae6-ac02-93b861c375f1",
            "ticker": "HIGHMIA-24SEP09-T93",
            "count": 10,
            "created_time": "2024-09-08T20:05:32.922176Z",
            "yes_price": 9,
            "no_price": 91,
            "taker_side": "no"
        },
        {
            "trade_id": "a1038c78-edc4-4fdc-8b51-d3dd495b0ff6",
            "ticker": "HIGHMIA-24SEP09-T93",
            "count": 80,
            "created_time": "2024-09-08T16:45:25.692639Z",
            "yes_price": 7,
            "no_price": 93,
            "taker_side": "no"
        },
        {
            "trade_id": "7db67b14-2568-404d-865a-b25b6f5b2e2b",
            "ticker": "HIGHMIA-24SEP09-T93",
            "count": 200,
            "created_time": "2024-09-08T16:44:56.882923Z",
            "yes_price": 9,
            "no_price": 91,
            "taker_side": "no"
        },
        {
            "trade_id": "10e61ba4-4cad-48ee-b090-2c829fa6e50f",
            "ticker": "HIGHMIA-24SEP09-T93",
            "count": 200,
            "created_time": "2024-09-08T16:44:56.882923Z",
            "yes_price": 8,
            "no_price": 92,
            "taker_side": "no"
        },
        {
            "trade_id": "5457c962-c151-4602-8d24-49efb59cfcc1",
            "ticker": "HIGHMIA-24SEP09-T93",
            "count": 96,
            "created_time": "2024-09-08T16:44:29.740193Z",
            "yes_price": 10,
            "no_price": 90,
            "taker_side": "yes"
        },
        {
            "trade_id": "1b0de25f-b7a8-400c-89ab-ff3fcdd94200",
            "ticker": "HIGHMIA-24SEP09-T93",
            "count": 100,
            "created_time": "2024-09-08T14:17:13.821167Z",
            "yes_price": 10,
            "no_price": 90,
            "taker_side": "no"
        },
        {
            "trade_id": "6d74a97b-332b-4417-87c8-3b924749ed97",
            "ticker": "HIGHMIA-24SEP09-T93",
            "count": 20,
            "created_time": "2024-09-08T14:16:36.575879Z",
            "yes_price": 10,
            "no_price": 90,
            "taker_side": "yes"
        },
        {
            "trade_id": "73c76b97-d1dd-4678-b74e-1839e620ecce",
            "ticker": "HIGHMIA-24SEP09-T93",
            "count": 1,
            "created_time": "2024-09-08T14:16:36.550247Z",
            "yes_price": 3,
            "no_price": 97,
            "taker_side": "yes"
        },
        {
            "trade_id": "42b36cca-3e31-4bab-9a65-9e8c0f93c1f2",
            "ticker": "HIGHMIA-24SEP09-T93",
            "count": 20,
            "created_time": "2024-09-08T14:16:36.550247Z",
            "yes_price": 3,
            "no_price": 97,
            "taker_side": "yes"
        }
    ]
}