{
    "KXHIGHMIA-24DEC11-T79": [
        {
            "trade_id": "01c227cf-e674-49f2-9439-dee5181a96e4",
            "ticker": "KXHIGHMIA-24DEC11-T79",
            "count": 93,
            "created_time": "2024-12-11T23:54:17.214782Z",
            "yes_price": 1,
            "no_price": 99,
            "taker_side": "yes"
        },
        {
            "trade_id": "b8a8980f-cf6a-45e8-aad1-c1977b56f7f2",
            "ticker": "KXHIGHMIA-24DEC11-T79",
            "count": 1,
            "created_time": "2024-12-11T13:12:27.528005Z",
            "yes_price": 1,
            "no_price": 99,
            "taker_side": "yes"
        },
        {
            "trade_id": "dc2d79bd-28be-48f7-9737-9dd9097851f9",
            "ticker": "KXHIGHMIA-24DEC11-T79",
            "count": 5,
            "created_time": "2024-12-11T04:10:22.375003Z",
            "yes_price": 1,
            "no_price": 99,
            "taker_side": "no"
        },
        {
            "trade_id": "0db01637-11b4-423f-a50e-2e81e14fa491",
            "ticker": "KXHIGHMIA-24DEC11-T79",
            "count": 45,
            "created_time": "2024-12-11T00:50:02.199182Z",
            "yes_price": 1,
            "no_price": 99,
            "taker_side": "no"
        }
    ],
    "KXHIGHMIA-24DEC11-B79.5": [
        {
            "trade_id": "5d8e8c9a-254c-4797-b69a-6bec86410492",
            "ticker": "KXHIGHMIA-24DEC11-B79.5",
            "count": 1,
            "created_time": "2024-12-11T14:01:37.225262Z",
            "yes_price": 1,
            "no_price": 99,
            "taker_side": "yes"
        },
        {
            "trade_id": "abcc69d1-65e1-495f-9b3f-0012a2073a4b",
            "ticker": "KXHIGHMIA-24DEC11-B79.5",
            "count": 15,
            "created_time": "2024-12-11T13:26:02.950614Z",
            "yes_price": 1,
            "no_price": 99,
            "taker_side": "no"
        },
        {
            "trade_id": "f2df635b-05a0-4fbb-a085-96b7ff145740",
            "ticker": "KXHIGHMIA-24DEC11-B79.5",
            "count": 7,
            "created_time": "2024-12-11T13:03:57.295432Z",
            "yes_price": 1,
            "no_price": 99,
            "taker_side": "no"
        },
        {
            "trade_id": "b673e401-b919-4273-9a59-5da373d91ea2",
            "ticker": "KXHIGHMIA-24DEC11-B79.5",
            "count": 30,
            "created_time": "2024-12-11T13:02:42.172328Z",
            "yes_price": 1,
            "no_price": 99,
            "taker_side": "no"
        },
        {
            "trade_id": "a95cfce3-fa30-4932-b8ff-a34519f89d32",
            "ticker": "KXHIGHMIA-24DEC11-B79.5",
            "count": 5,
            "created_time": "2024-12-11T13:02:34.538336Z",
            "yes_price": 1,
            "no_price": 99,
            "taker_side": "no"
        },
        {
            "trade_id": "665b0bee-166d-4c25-b7ea-a86c5ca11301",
            "ticker": "KXHIGHMIA-24DEC11-B79.5",
            "count": 42,
            "created_time": "2024-12-11T13:01:06.13295Z",
            "yes_price": 1,
            "no_price": 99,
            "taker_side": "no"
        },
        {
            "trade_id": "bd309398-da66-4436-bb71-86306cf1334d",
            "ticker": "KXHIGHMIA-24DEC11-B79.5",
            "count": 1,
            "created_time": "2024-12-11T13:00:06.987528Z",
            "yes_price": 1,
            "no_price": 99,
            "taker_side": "no"
        },
        {
            "trade_id": "04e3a53c-724b-4874-a0dc-3c65be247179",
            "ticker": "KXHIGHMIA-24DEC11-B79.5",
            "count": 5,
            "created_time": "2024-12-11T13:00:06.987528Z",
            "yes_price": 1,
            "no_price": 99,
            "taker_side": "no"
        },
        {
            "trade_id": "a5e7d396-7923-4033-8ea6-1b2f9f07b3af",
            "ticker": "KXHIGHMIA-24DEC11-B79.5",
            "count": 28,
            "created_time": "2024-12-11T07:52:52.134407Z",
            "yes_price": 2,
            "no_price": 98,
            "taker_side": "yes"
        },
        {
            "trade_id": "b6671a26-45e7-48de-aef7-f17f043b6f23",
            "ticker": "KXHIGHMIA-24DEC11-B79.5",
            "count": 22,
            "created_time": "2024-12-11T07:47:30.465445Z",
            "yes_price": 2,
            "no_price": 98,
            "taker_side": "no"
        },
        {
            "trade_id": "8c470f63-985f-4ec7-aa60-fe71ff64ca59",
            "ticker": "KXHIGHMIA-24DEC11-B79.5",
            "count": 28,
            "created_time": "2024-12-11T07:47:30.413523Z",
            "yes_price": 2,
            "no_price": 98,
            "taker_side": "no"
        },
        {
            "trade_id": "b85b739e-7a74-49e2-a24c-4cdb3e43c758",
            "ticker": "KXHIGHMIA-24DEC11-B79.5",
            "count": 50,
            "created_time": "2024-12-11T05:29:34.173628Z",
            "yes_price": 2,
            "no_price": 98,
            "taker_side": "no"
        },
        {
            "trade_id": "bc5b2102-fcc7-439d-99b9-306b06cd490e",
            "ticker": "KXHIGHMIA-24DEC11-B79.5",
            "count": 45,
            "created_time": "2024-12-11T00:50:02.158839Z",
            "yes_price": 1,
            "no_price": 99,
            "taker_side": "no"
        },
        {
            "trade_id": "fae6f5e0-6f54-4ddb-8f77-c1f255650ccf",
            "ticker": "KXHIGHMIA-24DEC11-B79.5",
            "count": 194,
            "created_time": "2024-12-10T20:56:35.726998Z",
            "yes_price": 10,
            "no_price": 90,
            "taker_side": "yes"
        },
        {
            "trade_id": "c736c6ee-2fcf-41fc-88f5-2d3a4ef17b62",
            "ticker": "KXHIGHMIA-24DEC11-B79.5",
            "count": 200,
            "created_time": "2024-12-10T20:56:35.726998Z",
            "yes_price": 6,
            "no_price": 94,
            "taker_side": "yes"
        },
        {
            "trade_id": "baf32a21-593c-4119-b35c-3d9223d36250",
            "ticker": "KXHIGHMIA-24DEC11-B79.5",
            "count": 240,
            "created_time": "2024-12-10T20:56:35.726998Z",
            "yes_price": 7,
            "no_price": 93,
            "taker_side": "yes"
        },
        {
            "trade_id": "b09d3d79-8107-47f6-b68e-6796206075f6",
            "ticker": "KXHIGHMIA-24DEC11-B79.5",
            "count": 8,
            "created_time": "2024-12-10T20:56:35.726998Z",
            "yes_price": 11,
            "no_price": 89,
            "taker_side": "yes"
        },
        {
            "trade_id": "ae5a2d6d-1568-4fdb-91c0-93d2b27d8f00",
            "ticker": "KXHIGHMIA-24DEC11-B79.5",
            "count": 35,
            "created_time": "2024-12-10T20:56:35.726998Z",
            "yes_price": 18,
            "no_price": 82,
            "taker_side": "yes"
        },
        {
            "trade_id": "8dd3b88d-009b-48d5-bcc3-f337553b729e",
            "ticker": "KXHIGHMIA-24DEC11-B79.5",
            "count": 8,
            "created_time": "2024-12-10T20:56:35.726998Z",
            "yes_price": 11,
            "no_price": 89,
            "taker_side": "yes"
        },
        {
            "trade_id": "403a7902-8d36-420c-b01e-219175b29ccc",
            "ticker": "KXHIGHMIA-24DEC11-B79.5",
            "count": 240,
            "created_time": "2024-12-10T20:56:35.726998Z",
            "yes_price": 8,
            "no_price": 92,
            "taker_side": "yes"
        },
        {
            "trade_id": "288366dd-fb9e-4270-a6df-0e269f797426",
            "ticker": "KXHIGHMIA-24DEC11-B79.5",
            "count": 8,
            "created_time": "2024-12-10T20:56:35.726998Z",
            "yes_price": 11,
            "no_price": 89,
            "taker_side": "yes"
        },
        {
            "trade_id": "1cfbe212-88ce-4603-ab21-903ece58bb5a",
            "ticker": "KXHIGHMIA-24DEC11-B79.5",
            "count": 100,
            "created_time": "2024-12-10T20:56:35.726998Z",
            "yes_price": 11,
            "no_price": 89,
            "taker_side": "yes"
        },
        {
            "trade_id": "1acbb0aa-fa5c-4619-809d-1e0f71ca7aa0",
            "ticker": "KXHIGHMIA-24DEC11-B79.5",
            "count": 50,
            "created_time": "2024-12-10T20:56:35.726998Z",
            "yes_price": 10,
            "no_price": 90,
            "taker_side": "yes"
        },
        {
            "trade_id": "187edeab-23c1-4b93-b012-f472856d242b",
            "ticker": "KXHIGHMIA-24DEC11-B79.5",
            "count": 11,
            "created_time": "2024-12-10T20:56:35.726998Z",
            "yes_price": 14,
            "no_price": 86,
            "taker_side": "yes"
        },
        {
            "trade_id": "f513ddb0-5b56-4602-b5f4-4eadef33733c",
            "ticker": "KXHIGHMIA-24DEC11-B79.5",
            "count": 50,
            "created_time": "2024-12-10T20:44:22.929805Z",
            "yes_price": 10,
            "no_price": 90,
            "taker_side": "yes"
        }
    ],
    "KXHIGHMIA-24DEC11-B81.5": [
        {
            "trade_id": "79e20f75-67d8-4edc-88a5-4fa9e621baf1",
            "ticker": "KXHIGHMIA-24DEC11-B81.5",
            "count": 16,
            "created_time": "2024-12-12T04:20:13.40448Z",
            "yes_price": 1,
            "no_price": 99,
            "taker_side": "yes"
        },
        {
            "trade_id": "14388768-b4b8-4b05-8d4f-b234e8191cca",
            "ticker": "KXHIGHMIA-24DEC11-B81.5",
            "count": 170,
            "created_time": "2024-12-12T04:20:13.40448Z",
            "yes_price": 1,
            "no_price": 99,
            "taker_side": "yes"
        },
        {
            "trade_id": "055222e1-e7cc-4068-9142-add6a50909db",
            "ticker": "KXHIGHMIA-24DEC11-B81.5",
            "count": 467,
            "created_time": "2024-12-12T03:51:31.200022Z",
            "yes_price": 1,
            "no_price": 99,
            "taker_side": "yes"
        },
        {
            "trade_id": "13b22deb-2afe-4af6-8714-85bc9f7c5ea9",
            "ticker": "KXHIGHMIA-24DEC11-B81.5",
            "count": 67,
            "created_time": "2024-12-11T21:49:30.798427Z",
            "yes_price": 1,
            "no_price": 99,
            "taker_side": "yes"
        },
        {
            "trade_id": "dfa72e50-059e-40f8-b1b6-0df787cd8553",
            "ticker": "KXHIGHMIA-24DEC11-B81.5",
            "count": 130,
            "created_time": "2024-12-11T20:50:18.300176Z",
            "yes_price": 1,
            "no_price": 99,
            "taker_side": "yes"
        },
        {
            "trade_id": "762d4363-e4e5-4262-b803-82ae24868488",
            "ticker": "KXHIGHMIA-24DEC11-B81.5",
            "count": 154,
            "created_time": "2024-12-11T20:50:18.300176Z",
            "yes_price": 1,
            "no_price": 99,
            "taker_side": "yes"
        },
        {
            "trade_id": "15a3bd3c-177b-4e21-a3de-276490d419c7",
            "ticker": "KXHIGHMIA-24DEC11-B81.5",
            "count": 1,
            "created_time": "2024-12-11T18:21:26.709085Z",
            "yes_price": 1,
            "no_price": 99,
            "taker_side": "yes"
        },
        {
            "trade_id": "cee6d395-93d1-4e2e-98b2-7324c5bf7f1b",
            "ticker": "KXHIGHMIA-24DEC11-B81.5",
            "count": 45,
            "created_time": "2024-12-11T17:57:01.897862Z",
            "yes_price": 1,
            "no_price": 99,
            "taker_side": "yes"
        },
        {
            "trade_id": "5fdaa20c-604a-480c-bdad-f72ec2e7d3f4",
            "ticker": "KXHIGHMIA-24DEC11-B81.5",
            "count": 705,
            "created_time": "2024-12-11T17:57:01.897862Z",
            "yes_price": 1,
            "no_price": 99,
            "taker_side": "yes"
        },
        {
            "trade_id": "8a24c9ea-4573-49d4-b547-9a2dea2b7278",
            "ticker": "KXHIGHMIA-24DEC11-B81.5",
            "count": 15,
            "created_time": "2024-12-11T17:53:03.369849Z",
            "yes_price": 1,
            "no_price": 99,
            "taker_side": "yes"
        },
        {
            "trade_id": "bb035208-dfa4-48c6-ad7e-14fffa8261cd",
            "ticker": "KXHIGHMIA-24DEC11-B81.5",
            "count": 5,
            "created_time": "2024-12-11T17:42:08.629564Z",
            "yes_price": 1,
            "no_price": 99,
            "taker_side": "no"
        },
        {
            "trade_id": "38fd4699-3125-4d5b-9f5f-55bc7dc50e59",
            "ticker": "KXHIGHMIA-24DEC11-B81.5",
            "count": 510,
            "created_time": "2024-12-11T17:42:08.629564Z",
            "yes_price": 1,
            "no_price": 99,
            "taker_side": "no"
        },
        {
            "trade_id": "223726bc-fe64-4737-893b-c5f91db7098c",
            "ticker": "KXHIGHMIA-24DEC11-B81.5",
            "count": 5,
            "created_time": "2024-12-11T17:42:08.629564Z",
            "yes_price": 1,
            "no_price": 99,
            "taker_side": "no"
        },
        {
            "trade_id": "184656dc-8688-409d-9a34-c6d082fecc68",
            "ticker": "KXHIGHMIA-24DEC11-B81.5",
            "count": 1000,
            "created_time": "2024-12-11T17:42:08.629564Z",
            "yes_price": 1,
            "no_price": 99,
            "taker_side": "no"
        },
        {
            "trade_id": "01cb19ae-b0a2-482a-962e-83c64acb5911",
            "ticker": "KXHIGHMIA-24DEC11-B81.5",
            "count": 10,
            "created_time": "2024-12-11T17:42:08.629564Z",
            "yes_price": 1,
            "no_price": 99,
            "taker_side": "no"
        },
        {
            "trade_id": "8914fbff-f458-49d8-b54c-d7665669bbd2",
            "ticker": "KXHIGHMIA-24DEC11-B81.5",
            "count": 43,
            "created_time": "2024-12-11T17:35:13.240166Z",
            "yes_price": 3,
            "no_price": 97,
            "taker_side": "yes"
        },
        {
            "trade_id": "38ddc514-26d5-4491-8f52-ef84dc963d23",
            "ticker": "KXHIGHMIA-24DEC11-B81.5",
            "count": 50,
            "created_time": "2024-12-11T17:35:13.240166Z",
            "yes_price": 2,
            "no_price": 98,
            "taker_side": "yes"
        },
        {
            "trade_id": "1e6fbe3c-0c6c-4252-87fb-8d4a2c990c12",
            "ticker": "KXHIGHMIA-24DEC11-B81.5",
            "count": 5,
            "created_time": "2024-12-11T17:34:01.559971Z",
            "yes_price": 3,
            "no_price": 97,
            "taker_side": "yes"
        },
        {
            "trade_id": "c8c849d5-bbc7-4db4-9f80-0fb4b8a4203c",
            "ticker": "KXHIGHMIA-24DEC11-B81.5",
            "count": 2000,
            "created_time": "2024-12-11T17:32:13.757393Z",
            "yes_price": 3,
            "no_price": 97,
            "taker_side": "yes"
        },
        {
            "trade_id": "f543c793-b990-40af-ac3a-db777ac0a484",
            "ticker": "KXHIGHMIA-24DEC11-B81.5",
            "count": 5,
            "created_time": "2024-12-11T17:29:06.209473Z",
            "yes_price": 3,
            "no_price": 97,
            "taker_side": "yes"
        },
        {
            "trade_id": "73253482-a303-4166-83f6-e90ebc0ace6d",
            "ticker": "KXHIGHMIA-24DEC11-B81.5",
            "count": 5,
            "created_time": "2024-12-11T17:18:54.087418Z",
            "yes_price": 3,
            "no_price": 97,
            "taker_side": "yes"
        },
        {
            "trade_id": "2e7ece61-6b8c-46ab-9320-c45d8312ac37",
            "ticker": "KXHIGHMIA-24DEC11-B81.5",
            "count": 10,
            "created_time": "2024-12-11T17:14:55.322886Z",
            "yes_price": 3,
            "no_price": 97,
            "taker_side": "yes"
        },
        {
            "trade_id": "04778249-c103-4abf-bb0d-290010aa247e",
            "ticker": "KXHIGHMIA-24DEC11-B81.5",
            "count": 7,
            "created_time": "2024-12-11T17:10:24.72983Z",
            "yes_price": 3,
            "no_price": 97,
            "taker_side": "yes"
        },
        {
            "trade_id": "27278050-bf87-40b4-bd21-bf58eb098524",
            "ticker": "KXHIGHMIA-24DEC11-B81.5",
            "count": 6,
            "created_time": "2024-12-11T17:07:11.057855Z",
            "yes_price": 3,
            "no_price": 97,
            "taker_side": "yes"
        },
        {
            "trade_id": "60c78f13-a9fb-4283-9477-3d5d30ce9982",
            "ticker": "KXHIGHMIA-24DEC11-B81.5",
            "count": 31,
            "created_time": "2024-12-11T17:06:16.076569Z",
            "yes_price": 3,
            "no_price": 97,
            "taker_side": "yes"
        },
        {
            "trade_id": "72e0e716-27b2-4a28-85dc-81e0559b0e53",
            "ticker": "KXHIGHMIA-24DEC11-B81.5",
            "count": 1000,
            "created_time": "2024-12-11T17:04:36.972358Z",
            "yes_price": 3,
            "no_price": 97,
            "taker_side": "yes"
        },
        {
            "trade_id": "fbb6f430-544a-46ed-9e89-1c7b7b6bc418",
            "ticker": "KXHIGHMIA-24DEC11-B81.5",
            "count": 10,
            "created_time": "2024-12-11T17:03:55.347303Z",
            "yes_price": 2,
            "no_price": 98,
            "taker_side": "yes"
        },
        {
            "trade_id": "2fb4b994-0a04-4d4e-8512-8b09e191dadf",
            "ticker": "KXHIGHMIA-24DEC11-B81.5",
            "count": 55,
            "created_time": "2024-12-11T17:03:55.347303Z",
            "yes_price": 3,
            "no_price": 97,
            "taker_side": "yes"
        },
        {
            "trade_id": "24f1dcd3-e06e-4977-b598-dadcfd409523",
            "ticker": "KXHIGHMIA-24DEC11-B81.5",
            "count": 300,
            "created_time": "2024-12-11T16:55:52.340306Z",
            "yes_price": 1,
            "no_price": 99,
            "taker_side": "no"
        },
        {
            "trade_id": "bf2e4991-d0a4-4410-8b95-456d21e16ac7",
            "ticker": "KXHIGHMIA-24DEC11-B81.5",
            "count": 14,
            "created_time": "2024-12-11T16:55:13.757648Z",
            "yes_price": 2,
            "no_price": 98,
            "taker_side": "yes"
        },
        {
            "trade_id": "04ef6e9d-33c1-43f7-a0a1-fb7689e12273",
            "ticker": "KXHIGHMIA-24DEC11-B81.5",
            "count": 93,
            "created_time": "2024-12-11T16:48:27.284459Z",
            "yes_price": 1,
            "no_price": 99,
            "taker_side": "yes"
        },
        {
            "trade_id": "e95f4344-5b65-479e-9ab0-9c8d0ee912e1",
            "ticker": "KXHIGHMIA-24DEC11-B81.5",
            "count": 938,
            "created_time": "2024-12-11T16:43:48.214222Z",
            "yes_price": 1,
            "no_price": 99,
            "taker_side": "yes"
        },
        {
            "trade_id": "f6a847f4-4937-45eb-b481-10e48e94494a",
            "ticker": "KXHIGHMIA-24DEC11-B81.5",
            "count": 40,
            "created_time": "2024-12-11T16:43:05.389555Z",
            "yes_price": 1,
            "no_price": 99,
            "taker_side": "no"
        },
        {
            "trade_id": "ef052be2-9fb0-4185-b695-8468bb1c78d6",
            "ticker": "KXHIGHMIA-24DEC11-B81.5",
            "count": 500,
            "created_time": "2024-12-11T16:43:05.389555Z",
            "yes_price": 1,
            "no_price": 99,
            "taker_side": "no"
        },
        {
            "trade_id": "d3ef3b2c-5357-47eb-aa1b-748b6d91f828",
            "ticker": "KXHIGHMIA-24DEC11-B81.5",
            "count": 16,
            "created_time": "2024-12-11T16:43:05.389555Z",
            "yes_price": 1,
            "no_price": 99,
            "taker_side": "no"
        },
        {
            "trade_id": "ac2f4953-95cf-44d7-8f86-06be0efcfe19",
            "ticker": "KXHIGHMIA-24DEC11-B81.5",
            "count": 40,
            "created_time": "2024-12-11T16:43:05.389555Z",
            "yes_price": 1,
            "no_price": 99,
            "taker_side": "no"
        },
        {
            "trade_id": "6b94fb61-7040-4531-b48b-dffbce8f8478",
            "ticker": "KXHIGHMIA-24DEC11-B81.5",
            "count": 40,
            "created_time": "2024-12-11T16:43:05.389555Z",
            "yes_price": 1,
            "no_price": 99,
            "taker_side": "no"
        },
        {
            "trade_id": "67128abc-225f-444d-bf6b-a149a042c63a",
            "ticker": "KXHIGHMIA-24DEC11-B81.5",
            "count": 13,
            "created_time": "2024-12-11T16:43:05.389555Z",
            "yes_price": 1,
            "no_price": 99,
            "taker_side": "no"
        },
        {
            "trade_id": "495cefef-c950-4ec1-80bd-ddeb73cbeb65",
            "ticker": "KXHIGHMIA-24DEC11-B81.5",
            "count": 40,
            "created_time": "2024-12-11T16:43:05.389555Z",
            "yes_price": 1,
            "no_price": 99,
            "taker_side": "no"
        },
        {
            "trade_id": "2fb80a65-67b6-49e1-a465-bd3bf5263115",
            "ticker": "KXHIGHMIA-24DEC11-B81.5",
            "count": 40,
            "created_time": "2024-12-11T16:43:05.389555Z",
            "yes_price": 1,
            "no_price": 99,
            "taker_side": "no"
        },
        {
            "trade_id": "09923542-c65b-42ed-bb3b-397795afc07d",
            "ticker": "KXHIGHMIA-24DEC11-B81.5",
            "count": 1000,
            "created_time": "2024-12-11T16:43:05.389555Z",
            "yes_price": 1,
            "no_price": 99,
            "taker_side": "no"
        },
        {
            "trade_id": "bfa354bd-9fc2-461f-b5d2-a5cc13b2a2fa",
            "ticker": "KXHIGHMIA-24DEC11-B81.5",
            "count": 10,
            "created_time": "2024-12-11T16:42:28.494294Z",
            "yes_price": 2,
            "no_price": 98,
            "taker_side": "no"
        },
        {
            "trade_id": "9c3bbc0c-ed80-4ccc-84d8-4d963a82842b",
            "ticker": "KXHIGHMIA-24DEC11-B81.5",
            "count": 10,
            "created_time": "2024-12-11T16:42:28.494294Z",
            "yes_price": 3,
            "no_price": 97,
            "taker_side": "no"
        },
        {
            "trade_id": "8e562eed-6694-46fc-8f18-bddcea3e3ccf",
            "ticker": "KXHIGHMIA-24DEC11-B81.5",
            "count": 10,
            "created_time": "2024-12-11T16:42:28.494294Z",
            "yes_price": 4,
            "no_price": 96,
            "taker_side": "no"
        },
        {
            "trade_id": "6d1a5004-8b53-4fa8-9b1d-7ce77d6aba88",
            "ticker": "KXHIGHMIA-24DEC11-B81.5",
            "count": 85,
            "created_time": "2024-12-11T16:42:28.494294Z",
            "yes_price": 2,
            "no_price": 98,
            "taker_side": "no"
        },
        {
            "trade_id": "6aa2657e-e78f-4605-9203-dd7ed9222953",
            "ticker": "KXHIGHMIA-24DEC11-B81.5",
            "count": 50,
            "created_time": "2024-12-11T16:42:28.494294Z",
            "yes_price": 4,
            "no_price": 96,
            "taker_side": "no"
        },
        {
            "trade_id": "6994f03d-c45c-457a-ae4c-c0ef9a58f3aa",
            "ticker": "KXHIGHMIA-24DEC11-B81.5",
            "count": 5,
            "created_time": "2024-12-11T16:42:28.494294Z",
            "yes_price": 3,
            "no_price": 97,
            "taker_side": "no"
        },
        {
            "trade_id": "66202f5e-abc4-4d11-addf-4305cd0f2d77",
            "ticker": "KXHIGHMIA-24DEC11-B81.5",
            "count": 187,
            "created_time": "2024-12-11T16:35:18.597332Z",
            "yes_price": 5,
            "no_price": 95,
            "taker_side": "yes"
        },
        {
            "trade_id": "2d24b91d-5c97-422d-8dd3-b7fc54adcfbf",
            "ticker": "KXHIGHMIA-24DEC11-B81.5",
            "count": 50,
            "created_time": "2024-12-11T16:30:32.989453Z",
            "yes_price": 5,
            "no_price": 95,
            "taker_side": "yes"
        },
        {
            "trade_id": "6ba025f8-c919-4f2a-9a8a-9341885281ec",
            "ticker": "KXHIGHMIA-24DEC11-B81.5",
            "count": 100,
            "created_time": "2024-12-11T16:27:15.2052Z",
            "yes_price": 5,
            "no_price": 95,
            "taker_side": "yes"
        },
        {
            "trade_id": "4dc81e86-17ad-49dc-8e6b-a6d2bb384b73",
            "ticker": "KXHIGHMIA-24DEC11-B81.5",
            "count": 9,
            "created_time": "2024-12-11T16:25:33.120639Z",
            "yes_price": 3,
            "no_price": 97,
            "taker_side": "no"
        },
        {
            "trade_id": "c457405e-3d53-47e8-93eb-495e5952dcd6",
            "ticker": "KXHIGHMIA-24DEC11-B81.5",
            "count": 6,
            "created_time": "2024-12-11T16:25:19.896867Z",
            "yes_price": 3,
            "no_price": 97,
            "taker_side": "no"
        },
        {
            "trade_id": "34bb3edd-0327-4b73-9a6c-6ea2375e2626",
            "ticker": "KXHIGHMIA-24DEC11-B81.5",
            "count": 5,
            "created_time": "2024-12-11T16:25:19.896867Z",
            "yes_price": 3,
            "no_price": 97,
            "taker_side": "no"
        },
        {
            "trade_id": "1f21a49b-fff6-45f1-b1f3-33f0d84b1314",
            "ticker": "KXHIGHMIA-24DEC11-B81.5",
            "count": 13,
            "created_time": "2024-12-11T16:17:58.144953Z",
            "yes_price": 2,
            "no_price": 98,
            "taker_side": "no"
        },
        {
            "trade_id": "d23098cc-e0fd-4f4c-ae8a-2099435f909a",
            "ticker": "KXHIGHMIA-24DEC11-B81.5",
            "count": 5,
            "created_time": "2024-12-11T16:14:10.082583Z",
            "yes_price": 5,
            "no_price": 95,
            "taker_side": "yes"
        },
        {
            "trade_id": "9cdf993d-84b8-46cd-8521-62546c128ead",
            "ticker": "KXHIGHMIA-24DEC11-B81.5",
            "count": 30,
            "created_time": "2024-12-11T16:13:01.901511Z",
            "yes_price": 1,
            "no_price": 99,
            "taker_side": "no"
        },
        {
            "trade_id": "fbcd141e-9cdf-4666-8a21-fe4ea2809062",
            "ticker": "KXHIGHMIA-24DEC11-B81.5",
            "count": 7,
            "created_time": "2024-12-11T16:12:12.524706Z",
            "yes_price": 1,
            "no_price": 99,
            "taker_side": "no"
        },
        {
            "trade_id": "9ac8df12-9789-4977-a09e-b18e3408fb41",
            "ticker": "KXHIGHMIA-24DEC11-B81.5",
            "count": 102,
            "created_time": "2024-12-11T16:12:12.524706Z",
            "yes_price": 2,
            "no_price": 98,
            "taker_side": "no"
        },
        {
            "trade_id": "1da3f14b-5a95-4dfe-9aab-41f94beeedd2",
            "ticker": "KXHIGHMIA-24DEC11-B81.5",
            "count": 186,
            "created_time": "2024-12-11T16:12:09.124469Z",
            "yes_price": 2,
            "no_price": 98,
            "taker_side": "no"
        },
        {
            "trade_id": "0ed133b1-d9db-445e-b609-3d8a841611e4",
            "ticker": "KXHIGHMIA-24DEC11-B81.5",
            "count": 31,
            "created_time": "2024-12-11T16:11:50.987405Z",
            "yes_price": 2,
            "no_price": 98,
            "taker_side": "no"
        },
        {
            "trade_id": "84f45846-50d0-4cc2-8094-6c290577e89e",
            "ticker": "KXHIGHMIA-24DEC11-B81.5",
            "count": 1500,
            "created_time": "2024-12-11T16:11:41.241699Z",
            "yes_price": 2,
            "no_price": 98,
            "taker_side": "no"
        },
        {
            "trade_id": "9e5d747e-9470-4b57-9f12-892d2050cf21",
            "ticker": "KXHIGHMIA-24DEC11-B81.5",
            "count": 126,
            "created_time": "2024-12-11T16:11:33.907319Z",
            "yes_price": 4,
            "no_price": 96,
            "taker_side": "no"
        },
        {
            "trade_id": "17053427-5518-4525-bfc4-e95368a05691",
            "ticker": "KXHIGHMIA-24DEC11-B81.5",
            "count": 60,
            "created_time": "2024-12-11T16:11:13.406636Z",
            "yes_price": 5,
            "no_price": 95,
            "taker_side": "no"
        },
        {
            "trade_id": "eb6df80c-efb2-4bf5-8e35-f676e930f2de",
            "ticker": "KXHIGHMIA-24DEC11-B81.5",
            "count": 5,
            "created_time": "2024-12-11T16:04:14.381934Z",
            "yes_price": 7,
            "no_price": 93,
            "taker_side": "no"
        },
        {
            "trade_id": "8389235a-bdd3-4d87-a4ad-bfbac57bc289",
            "ticker": "KXHIGHMIA-24DEC11-B81.5",
            "count": 1,
            "created_time": "2024-12-11T15:57:58.501445Z",
            "yes_price": 12,
            "no_price": 88,
            "taker_side": "yes"
        },
        {
            "trade_id": "0fe60872-3e45-4fda-ba03-4745c53b78fb",
            "ticker": "KXHIGHMIA-24DEC11-B81.5",
            "count": 4,
            "created_time": "2024-12-11T15:57:31.069524Z",
            "yes_price": 5,
            "no_price": 95,
            "taker_side": "yes"
        },
        {
            "trade_id": "720b5d14-3cca-4691-a9c3-b8efd9c4fa24",
            "ticker": "KXHIGHMIA-24DEC11-B81.5",
            "count": 36,
            "created_time": "2024-12-11T15:57:30.946971Z",
            "yes_price": 5,
            "no_price": 95,
            "taker_side": "yes"
        },
        {
            "trade_id": "3485000a-a3da-420e-8916-714fe01eab99",
            "ticker": "KXHIGHMIA-24DEC11-B81.5",
            "count": 60,
            "created_time": "2024-12-11T15:57:29.585073Z",
            "yes_price": 5,
            "no_price": 95,
            "taker_side": "no"
        },
        {
            "trade_id": "01fd3d75-c6f3-446d-8e28-e01ca3b54d53",
            "ticker": "KXHIGHMIA-24DEC11-B81.5",
            "count": 73,
            "created_time": "2024-12-11T15:53:39.038517Z",
            "yes_price": 7,
            "no_price": 93,
            "taker_side": "no"
        },
        {
            "trade_id": "e819cb8e-8ad6-46f5-bc5f-0a9ca0380939",
            "ticker": "KXHIGHMIA-24DEC11-B81.5",
            "count": 146,
            "created_time": "2024-12-11T15:52:49.69152Z",
            "yes_price": 8,
            "no_price": 92,
            "taker_side": "no"
        },
        {
            "trade_id": "e1c57f58-df21-46a1-b9bd-58cf46aacaf0",
            "ticker": "KXHIGHMIA-24DEC11-B81.5",
            "count": 60,
            "created_time": "2024-12-11T15:52:49.69152Z",
            "yes_price": 8,
            "no_price": 92,
            "taker_side": "no"
        },
        {
            "trade_id": "9ff59d64-ddf4-4771-a600-56b8537c4e30",
            "ticker": "KXHIGHMIA-24DEC11-B81.5",
            "count": 15,
            "created_time": "2024-12-11T15:51:40.25316Z",
            "yes_price": 8,
            "no_price": 92,
            "taker_side": "no"
        },
        {
            "trade_id": "cdab8af6-e5e1-4e5c-a6ee-67efcdb9bb28",
            "ticker": "KXHIGHMIA-24DEC11-B81.5",
            "count": 93,
            "created_time": "2024-12-11T15:41:44.853788Z",
            "yes_price": 10,
            "no_price": 90,
            "taker_side": "no"
        },
        {
            "trade_id": "a533dde0-c79c-4e48-978b-90d7b3145a02",
            "ticker": "KXHIGHMIA-24DEC11-B81.5",
            "count": 75,
            "created_time": "2024-12-11T15:37:20.139129Z",
            "yes_price": 13,
            "no_price": 87,
            "taker_side": "yes"
        },
        {
            "trade_id": "5ac16611-dc0c-4840-a81c-006bbcb1048e",
            "ticker": "KXHIGHMIA-24DEC11-B81.5",
            "count": 108,
            "created_time": "2024-12-11T15:36:50.507514Z",
            "yes_price": 13,
            "no_price": 87,
            "taker_side": "yes"
        },
        {
            "trade_id": "95561835-09e6-4522-8e29-7acb9860afae",
            "ticker": "KXHIGHMIA-24DEC11-B81.5",
            "count": 8,
            "created_time": "2024-12-11T15:36:43.992527Z",
            "yes_price": 12,
            "no_price": 88,
            "taker_side": "no"
        },
        {
            "trade_id": "194d5c34-04be-458a-8ea5-bcc7470264e8",
            "ticker": "KXHIGHMIA-24DEC11-B81.5",
            "count": 15,
            "created_time": "2024-12-11T15:27:31.094156Z",
            "yes_price": 8,
            "no_price": 92,
            "taker_side": "no"
        },
        {
            "trade_id": "2a120cfb-f312-4742-b86f-2c670996f4f3",
            "ticker": "KXHIGHMIA-24DEC11-B81.5",
            "count": 10,
            "created_time": "2024-12-11T15:26:57.055921Z",
            "yes_price": 8,
            "no_price": 92,
            "taker_side": "no"
        },
        {
            "trade_id": "d39ea9db-abaf-468e-a846-460a967a90d1",
            "ticker": "KXHIGHMIA-24DEC11-B81.5",
            "count": 15,
            "created_time": "2024-12-11T15:26:42.573293Z",
            "yes_price": 12,
            "no_price": 88,
            "taker_side": "yes"
        },
        {
            "trade_id": "e9c227c9-c345-4b25-9a73-d29051ed37d3",
            "ticker": "KXHIGHMIA-24DEC11-B81.5",
            "count": 129,
            "created_time": "2024-12-11T15:25:10.657985Z",
            "yes_price": 11,
            "no_price": 89,
            "taker_side": "yes"
        },
        {
            "trade_id": "f68d2c31-7811-4860-8e7a-fa105fec594a",
            "ticker": "KXHIGHMIA-24DEC11-B81.5",
            "count": 35,
            "created_time": "2024-12-11T15:21:46.252625Z",
            "yes_price": 11,
            "no_price": 89,
            "taker_side": "yes"
        },
        {
            "trade_id": "8ad96dd4-7f65-4aa5-a401-6fb507006132",
            "ticker": "KXHIGHMIA-24DEC11-B81.5",
            "count": 16,
            "created_time": "2024-12-11T15:21:46.252625Z",
            "yes_price": 11,
            "no_price": 89,
            "taker_side": "yes"
        },
        {
            "trade_id": "ccdbeda3-0675-4021-bb26-dcf880df1752",
            "ticker": "KXHIGHMIA-24DEC11-B81.5",
            "count": 1,
            "created_time": "2024-12-11T15:19:38.182109Z",
            "yes_price": 9,
            "no_price": 91,
            "taker_side": "no"
        },
        {
            "trade_id": "76a3661b-650e-4500-b9e9-e4ada9219a9b",
            "ticker": "KXHIGHMIA-24DEC11-B81.5",
            "count": 110,
            "created_time": "2024-12-11T15:18:10.480164Z",
            "yes_price": 9,
            "no_price": 91,
            "taker_side": "yes"
        },
        {
            "trade_id": "0a43ba44-1456-4f3e-b481-81068605a7fd",
            "ticker": "KXHIGHMIA-24DEC11-B81.5",
            "count": 60,
            "created_time": "2024-12-11T14:50:21.825557Z",
            "yes_price": 5,
            "no_price": 95,
            "taker_side": "no"
        },
        {
            "trade_id": "06939c77-11c0-4329-a19c-e68a7bc5b4e9",
            "ticker": "KXHIGHMIA-24DEC11-B81.5",
            "count": 10,
            "created_time": "2024-12-11T14:41:06.216775Z",
            "yes_price": 8,
            "no_price": 92,
            "taker_side": "no"
        },
        {
            "trade_id": "2e7c5ec8-946f-41e5-bd2c-b9824b556717",
            "ticker": "KXHIGHMIA-24DEC11-B81.5",
            "count": 10,
            "created_time": "2024-12-11T14:40:38.679093Z",
            "yes_price": 9,
            "no_price": 91,
            "taker_side": "no"
        },
        {
            "trade_id": "138df929-960d-427b-83e8-9b03473a71e0",
            "ticker": "KXHIGHMIA-24DEC11-B81.5",
            "count": 36,
            "created_time": "2024-12-11T14:40:38.679093Z",
            "yes_price": 9,
            "no_price": 91,
            "taker_side": "no"
        },
        {
            "trade_id": "a1df1075-4a41-45a6-86bd-599bce1692b6",
            "ticker": "KXHIGHMIA-24DEC11-B81.5",
            "count": 370,
            "created_time": "2024-12-11T14:39:09.735233Z",
            "yes_price": 10,
            "no_price": 90,
            "taker_side": "yes"
        },
        {
            "trade_id": "5e4f0d41-b557-44da-8e54-1c3ae13c8826",
            "ticker": "KXHIGHMIA-24DEC11-B81.5",
            "count": 60,
            "created_time": "2024-12-11T14:39:09.735233Z",
            "yes_price": 10,
            "no_price": 90,
            "taker_side": "yes"
        },
        {
            "trade_id": "3ee84c73-ced4-4d64-9b1d-02e1de737043",
            "ticker": "KXHIGHMIA-24DEC11-B81.5",
            "count": 31,
            "created_time": "2024-12-11T14:39:09.735233Z",
            "yes_price": 13,
            "no_price": 87,
            "taker_side": "yes"
        },
        {
            "trade_id": "e8031754-7fbd-4602-837a-0cc34efbb52c",
            "ticker": "KXHIGHMIA-24DEC11-B81.5",
            "count": 10,
            "created_time": "2024-12-11T14:38:11.527398Z",
            "yes_price": 10,
            "no_price": 90,
            "taker_side": "yes"
        },
        {
            "trade_id": "e8400fe8-5c6c-4e08-9c67-47edc8c0b908",
            "ticker": "KXHIGHMIA-24DEC11-B81.5",
            "count": 20,
            "created_time": "2024-12-11T14:37:49.930786Z",
            "yes_price": 10,
            "no_price": 90,
            "taker_side": "yes"
        },
        {
            "trade_id": "b0729dc3-8c41-424d-b1e1-a55082caa602",
            "ticker": "KXHIGHMIA-24DEC11-B81.5",
            "count": 2,
            "created_time": "2024-12-11T14:37:39.575751Z",
            "yes_price": 12,
            "no_price": 88,
            "taker_side": "yes"
        },
        {
            "trade_id": "96a51b4b-bb87-424a-95e4-b865ace72e60",
            "ticker": "KXHIGHMIA-24DEC11-B81.5",
            "count": 5,
            "created_time": "2024-12-11T14:37:39.575751Z",
            "yes_price": 13,
            "no_price": 87,
            "taker_side": "yes"
        },
        {
            "trade_id": "94bb992f-130b-440f-81c3-e188827d3291",
            "ticker": "KXHIGHMIA-24DEC11-B81.5",
            "count": 1,
            "created_time": "2024-12-11T14:37:39.575751Z",
            "yes_price": 13,
            "no_price": 87,
            "taker_side": "yes"
        },
        {
            "trade_id": "ba450029-75a9-4c7f-aed9-4a87757f55fa",
            "ticker": "KXHIGHMIA-24DEC11-B81.5",
            "count": 3,
            "created_time": "2024-12-11T14:31:18.417Z",
            "yes_price": 12,
            "no_price": 88,
            "taker_side": "yes"
        },
        {
            "trade_id": "a1119ed2-0e66-498e-979f-22f6747395b0",
            "ticker": "KXHIGHMIA-24DEC11-B81.5",
            "count": 10,
            "created_time": "2024-12-11T14:24:44.396729Z",
            "yes_price": 5,
            "no_price": 95,
            "taker_side": "no"
        },
        {
            "trade_id": "855f2f22-7556-4d72-a2c3-39d9a0029518",
            "ticker": "KXHIGHMIA-24DEC11-B81.5",
            "count": 10,
            "created_time": "2024-12-11T14:24:44.396729Z",
            "yes_price": 7,
            "no_price": 93,
            "taker_side": "no"
        },
        {
            "trade_id": "787eb386-9e96-447f-b320-eb844d4392cc",
            "ticker": "KXHIGHMIA-24DEC11-B81.5",
            "count": 10,
            "created_time": "2024-12-11T14:24:44.396729Z",
            "yes_price": 8,
            "no_price": 92,
            "taker_side": "no"
        },
        {
            "trade_id": "1ba1f334-cb48-4a7c-9e34-a9afe2b1eb8c",
            "ticker": "KXHIGHMIA-24DEC11-B81.5",
            "count": 74,
            "created_time": "2024-12-11T14:24:44.396729Z",
            "yes_price": 4,
            "no_price": 96,
            "taker_side": "no"
        },
        {
            "trade_id": "5b3bff99-d07f-41a0-9ad1-f53a3697281e",
            "ticker": "KXHIGHMIA-24DEC11-B81.5",
            "count": 24,
            "created_time": "2024-12-11T14:24:25.743007Z",
            "yes_price": 9,
            "no_price": 91,
            "taker_side": "no"
        },
        {
            "trade_id": "2b55114b-81a4-4fd7-b4f4-7585b7ac507d",
            "ticker": "KXHIGHMIA-24DEC11-B81.5",
            "count": 10,
            "created_time": "2024-12-11T14:24:25.743007Z",
            "yes_price": 9,
            "no_price": 91,
            "taker_side": "no"
        },
        {
            "trade_id": "c9c72413-7ad6-4ec4-bd67-bd9c4b30ab95",
            "ticker": "KXHIGHMIA-24DEC11-B81.5",
            "count": 10,
            "created_time": "2024-12-11T14:23:49.538743Z",
            "yes_price": 10,
            "no_price": 90,
            "taker_side": "no"
        },
        {
            "trade_id": "35ceb7bb-b5ac-4252-b51d-418ec16bb5a6",
            "ticker": "KXHIGHMIA-24DEC11-B81.5",
            "count": 3,
            "created_time": "2024-12-11T14:23:49.538743Z",
            "yes_price": 10,
            "no_price": 90,
            "taker_side": "no"
        },
        {
            "trade_id": "e434a936-c8a0-4160-b361-ab566c947f33",
            "ticker": "KXHIGHMIA-24DEC11-B81.5",
            "count": 15,
            "created_time": "2024-12-11T14:19:16.129367Z",
            "yes_price": 9,
            "no_price": 91,
            "taker_side": "yes"
        },
        {
            "trade_id": "263e8806-70a6-42ad-8788-1d45b5d02e07",
            "ticker": "KXHIGHMIA-24DEC11-B81.5",
            "count": 1,
            "created_time": "2024-12-11T14:18:06.587943Z",
            "yes_price": 6,
            "no_price": 94,
            "taker_side": "no"
        },
        {
            "trade_id": "36ef5c87-2de4-4451-8313-9d0429e693a9",
            "ticker": "KXHIGHMIA-24DEC11-B81.5",
            "count": 10,
            "created_time": "2024-12-11T14:13:37.270186Z",
            "yes_price": 9,
            "no_price": 91,
            "taker_side": "yes"
        },
        {
            "trade_id": "202e2935-e758-493d-a93b-cba03ee9c090",
            "ticker": "KXHIGHMIA-24DEC11-B81.5",
            "count": 1,
            "created_time": "2024-12-11T14:11:46.125083Z",
            "yes_price": 5,
            "no_price": 95,
            "taker_side": "no"
        },
        {
            "trade_id": "c1d49d19-cd1c-4bcd-8140-a5aeab78db7d",
            "ticker": "KXHIGHMIA-24DEC11-B81.5",
            "count": 10,
            "created_time": "2024-12-11T13:43:08.734654Z",
            "yes_price": 9,
            "no_price": 91,
            "taker_side": "yes"
        },
        {
            "trade_id": "82819b70-cd54-4adc-abdb-5e3dab907ee5",
            "ticker": "KXHIGHMIA-24DEC11-B81.5",
            "count": 45,
            "created_time": "2024-12-11T13:25:12.038457Z",
            "yes_price": 7,
            "no_price": 93,
            "taker_side": "no"
        },
        {
            "trade_id": "fcfd7c21-2412-4f8a-aa02-3a6e3055a220",
            "ticker": "KXHIGHMIA-24DEC11-B81.5",
            "count": 35,
            "created_time": "2024-12-11T13:24:08.00738Z",
            "yes_price": 9,
            "no_price": 91,
            "taker_side": "yes"
        },
        {
            "trade_id": "49001c8f-14ef-446b-a844-1579d03afba8",
            "ticker": "KXHIGHMIA-24DEC11-B81.5",
            "count": 45,
            "created_time": "2024-12-11T13:10:32.707605Z",
            "yes_price": 21,
            "no_price": 79,
            "taker_side": "yes"
        },
        {
            "trade_id": "c1fb8163-a23d-4711-9ba7-998fe07e627a",
            "ticker": "KXHIGHMIA-24DEC11-B81.5",
            "count": 35,
            "created_time": "2024-12-11T13:10:19.602369Z",
            "yes_price": 7,
            "no_price": 93,
            "taker_side": "yes"
        },
        {
            "trade_id": "92724a92-1f94-4bae-ae07-7247e3fba389",
            "ticker": "KXHIGHMIA-24DEC11-B81.5",
            "count": 439,
            "created_time": "2024-12-11T13:10:19.602369Z",
            "yes_price": 21,
            "no_price": 79,
            "taker_side": "yes"
        },
        {
            "trade_id": "68a53172-0109-4373-aa08-a6f67db05571",
            "ticker": "KXHIGHMIA-24DEC11-B81.5",
            "count": 7,
            "created_time": "2024-12-11T13:03:57.273573Z",
            "yes_price": 6,
            "no_price": 94,
            "taker_side": "no"
        },
        {
            "trade_id": "6a5aee96-efa1-4ff8-9c6c-ea564de07368",
            "ticker": "KXHIGHMIA-24DEC11-B81.5",
            "count": 30,
            "created_time": "2024-12-11T13:02:42.173861Z",
            "yes_price": 5,
            "no_price": 95,
            "taker_side": "no"
        },
        {
            "trade_id": "5a84a61d-21e2-426d-acdd-daba31721298",
            "ticker": "KXHIGHMIA-24DEC11-B81.5",
            "count": 5,
            "created_time": "2024-12-11T13:02:34.53516Z",
            "yes_price": 5,
            "no_price": 95,
            "taker_side": "no"
        },
        {
            "trade_id": "6efdacac-27be-41c5-9098-bcc689d5d9b7",
            "ticker": "KXHIGHMIA-24DEC11-B81.5",
            "count": 42,
            "created_time": "2024-12-11T13:01:06.134723Z",
            "yes_price": 5,
            "no_price": 95,
            "taker_side": "no"
        },
        {
            "trade_id": "dea00bee-42f7-4a13-961c-b207868d6b67",
            "ticker": "KXHIGHMIA-24DEC11-B81.5",
            "count": 100,
            "created_time": "2024-12-11T13:00:56.117029Z",
            "yes_price": 11,
            "no_price": 89,
            "taker_side": "yes"
        },
        {
            "trade_id": "9b433e9d-cd3a-4aae-a582-11fe81ab82f4",
            "ticker": "KXHIGHMIA-24DEC11-B81.5",
            "count": 305,
            "created_time": "2024-12-11T13:00:56.117029Z",
            "yes_price": 15,
            "no_price": 85,
            "taker_side": "yes"
        },
        {
            "trade_id": "7c8d192f-b003-4546-a2ac-5c305fcfd6bf",
            "ticker": "KXHIGHMIA-24DEC11-B81.5",
            "count": 1,
            "created_time": "2024-12-11T13:00:56.117029Z",
            "yes_price": 30,
            "no_price": 70,
            "taker_side": "yes"
        },
        {
            "trade_id": "5da9a494-2f4a-4543-af1f-3311dfa6199e",
            "ticker": "KXHIGHMIA-24DEC11-B81.5",
            "count": 140,
            "created_time": "2024-12-11T13:00:56.117029Z",
            "yes_price": 11,
            "no_price": 89,
            "taker_side": "yes"
        },
        {
            "trade_id": "01f5feaf-dd86-47d3-bc23-2ff645fcf208",
            "ticker": "KXHIGHMIA-24DEC11-B81.5",
            "count": 70,
            "created_time": "2024-12-11T13:00:56.117029Z",
            "yes_price": 31,
            "no_price": 69,
            "taker_side": "yes"
        },
        {
            "trade_id": "014752d5-a7d6-490e-8268-3d5aaf1fc2b2",
            "ticker": "KXHIGHMIA-24DEC11-B81.5",
            "count": 1,
            "created_time": "2024-12-11T13:00:56.117029Z",
            "yes_price": 24,
            "no_price": 76,
            "taker_side": "yes"
        },
        {
            "trade_id": "eb0c3b2e-464b-47be-8821-b7f9c59a50a4",
            "ticker": "KXHIGHMIA-24DEC11-B81.5",
            "count": 205,
            "created_time": "2024-12-11T07:53:47.254772Z",
            "yes_price": 10,
            "no_price": 90,
            "taker_side": "yes"
        },
        {
            "trade_id": "b0b92c3e-39ed-45bd-b1dd-7b6cbf1c0dbe",
            "ticker": "KXHIGHMIA-24DEC11-B81.5",
            "count": 100,
            "created_time": "2024-12-11T07:53:47.254772Z",
            "yes_price": 10,
            "no_price": 90,
            "taker_side": "yes"
        },
        {
            "trade_id": "9a8f15f7-ec8a-4607-a3c7-73182841c823",
            "ticker": "KXHIGHMIA-24DEC11-B81.5",
            "count": 100,
            "created_time": "2024-12-11T07:53:47.254772Z",
            "yes_price": 10,
            "no_price": 90,
            "taker_side": "yes"
        },
        {
            "trade_id": "1888eb27-cfcd-421b-ab5d-57df1827b7a6",
            "ticker": "KXHIGHMIA-24DEC11-B81.5",
            "count": 40,
            "created_time": "2024-12-11T07:53:47.254772Z",
            "yes_price": 10,
            "no_price": 90,
            "taker_side": "yes"
        },
        {
            "trade_id": "73ff3e3e-5ace-4005-a3ba-2933035411a3",
            "ticker": "KXHIGHMIA-24DEC11-B81.5",
            "count": 50,
            "created_time": "2024-12-11T07:47:30.421373Z",
            "yes_price": 9,
            "no_price": 91,
            "taker_side": "no"
        },
        {
            "trade_id": "5258600b-c58e-4f52-837c-8668ddf9a318",
            "ticker": "KXHIGHMIA-24DEC11-B81.5",
            "count": 28,
            "created_time": "2024-12-11T07:47:30.417406Z",
            "yes_price": 9,
            "no_price": 91,
            "taker_side": "no"
        },
        {
            "trade_id": "cac48665-954f-4461-92f1-d9a5d4f27785",
            "ticker": "KXHIGHMIA-24DEC11-B81.5",
            "count": 40,
            "created_time": "2024-12-11T07:25:13.261961Z",
            "yes_price": 9,
            "no_price": 91,
            "taker_side": "yes"
        },
        {
            "trade_id": "369c1388-eb70-4e9b-9e3f-24118b949f16",
            "ticker": "KXHIGHMIA-24DEC11-B81.5",
            "count": 114,
            "created_time": "2024-12-11T07:25:13.261961Z",
            "yes_price": 9,
            "no_price": 91,
            "taker_side": "yes"
        },
        {
            "trade_id": "4179770d-0179-42c5-9d81-72d6b9168013",
            "ticker": "KXHIGHMIA-24DEC11-B81.5",
            "count": 1,
            "created_time": "2024-12-11T07:18:36.542389Z",
            "yes_price": 9,
            "no_price": 91,
            "taker_side": "yes"
        },
        {
            "trade_id": "2c802eca-19ed-477d-b30c-d807a8298a10",
            "ticker": "KXHIGHMIA-24DEC11-B81.5",
            "count": 10,
            "created_time": "2024-12-11T06:47:14.629929Z",
            "yes_price": 9,
            "no_price": 91,
            "taker_side": "yes"
        },
        {
            "trade_id": "450c193a-45d9-40ce-ab53-7a3925f62dc3",
            "ticker": "KXHIGHMIA-24DEC11-B81.5",
            "count": 10,
            "created_time": "2024-12-11T06:23:30.587998Z",
            "yes_price": 9,
            "no_price": 91,
            "taker_side": "yes"
        },
        {
            "trade_id": "b54a4290-1221-4289-b5ce-52694ad64ed8",
            "ticker": "KXHIGHMIA-24DEC11-B81.5",
            "count": 160,
            "created_time": "2024-12-11T06:11:36.721511Z",
            "yes_price": 9,
            "no_price": 91,
            "taker_side": "yes"
        },
        {
            "trade_id": "14d5f1f8-b114-4c7d-9e91-92e1f079ddcd",
            "ticker": "KXHIGHMIA-24DEC11-B81.5",
            "count": 65,
            "created_time": "2024-12-11T06:11:36.721511Z",
            "yes_price": 9,
            "no_price": 91,
            "taker_side": "yes"
        },
        {
            "trade_id": "c59fefa8-2160-4498-89c6-136c167e4d2f",
            "ticker": "KXHIGHMIA-24DEC11-B81.5",
            "count": 50,
            "created_time": "2024-12-11T05:30:11.335723Z",
            "yes_price": 7,
            "no_price": 93,
            "taker_side": "no"
        },
        {
            "trade_id": "30e0347a-4359-4686-8ded-43d008fc982e",
            "ticker": "KXHIGHMIA-24DEC11-B81.5",
            "count": 20,
            "created_time": "2024-12-11T05:26:39.616575Z",
            "yes_price": 9,
            "no_price": 91,
            "taker_side": "yes"
        },
        {
            "trade_id": "936d1d6b-1366-495c-bdbf-20b8850df656",
            "ticker": "KXHIGHMIA-24DEC11-B81.5",
            "count": 20,
            "created_time": "2024-12-11T05:26:32.102246Z",
            "yes_price": 9,
            "no_price": 91,
            "taker_side": "yes"
        },
        {
            "trade_id": "c9faa675-f5bc-44c1-8d95-f4482b479581",
            "ticker": "KXHIGHMIA-24DEC11-B81.5",
            "count": 32,
            "created_time": "2024-12-11T05:08:08.320462Z",
            "yes_price": 9,
            "no_price": 91,
            "taker_side": "no"
        },
        {
            "trade_id": "4c255dda-ace8-49b4-8b85-903ae07f39b5",
            "ticker": "KXHIGHMIA-24DEC11-B81.5",
            "count": 186,
            "created_time": "2024-12-11T05:08:08.320462Z",
            "yes_price": 9,
            "no_price": 91,
            "taker_side": "no"
        },
        {
            "trade_id": "d8dd4580-fa43-4dd5-8794-6c1784c27234",
            "ticker": "KXHIGHMIA-24DEC11-B81.5",
            "count": 40,
            "created_time": "2024-12-11T05:07:06.537911Z",
            "yes_price": 10,
            "no_price": 90,
            "taker_side": "yes"
        },
        {
            "trade_id": "cedbcb16-86a9-4a34-9de4-03376e681a95",
            "ticker": "KXHIGHMIA-24DEC11-B81.5",
            "count": 150,
            "created_time": "2024-12-11T05:07:06.537911Z",
            "yes_price": 10,
            "no_price": 90,
            "taker_side": "yes"
        },
        {
            "trade_id": "7261f269-c320-476a-b6a1-e8c5c4bdc101",
            "ticker": "KXHIGHMIA-24DEC11-B81.5",
            "count": 750,
            "created_time": "2024-12-11T05:07:06.537911Z",
            "yes_price": 10,
            "no_price": 90,
            "taker_side": "yes"
        },
        {
            "trade_id": "5470c0a0-35e0-4ad9-ac68-f2fd152b9c60",
            "ticker": "KXHIGHMIA-24DEC11-B81.5",
            "count": 50,
            "created_time": "2024-12-11T05:07:06.537911Z",
            "yes_price": 10,
            "no_price": 90,
            "taker_side": "yes"
        },
        {
            "trade_id": "6055759a-8032-4300-b0e1-938e6a68af55",
            "ticker": "KXHIGHMIA-24DEC11-B81.5",
            "count": 50,
            "created_time": "2024-12-11T04:17:28.599036Z",
            "yes_price": 10,
            "no_price": 90,
            "taker_side": "yes"
        },
        {
            "trade_id": "4af9d9bd-b3d2-4d03-9dfe-9f415ffeb9d1",
            "ticker": "KXHIGHMIA-24DEC11-B81.5",
            "count": 68,
            "created_time": "2024-12-11T04:12:00.057588Z",
            "yes_price": 9,
            "no_price": 91,
            "taker_side": "yes"
        },
        {
            "trade_id": "d0d988e6-3e73-4e8f-8003-a5dce0ef2d14",
            "ticker": "KXHIGHMIA-24DEC11-B81.5",
            "count": 400,
            "created_time": "2024-12-11T03:38:52.445993Z",
            "yes_price": 10,
            "no_price": 90,
            "taker_side": "yes"
        },
        {
            "trade_id": "3378fd52-b061-4a69-ab22-04536c37f2cb",
            "ticker": "KXHIGHMIA-24DEC11-B81.5",
            "count": 16,
            "created_time": "2024-12-11T02:57:35.968388Z",
            "yes_price": 9,
            "no_price": 91,
            "taker_side": "no"
        },
        {
            "trade_id": "faa26bc5-d10c-4932-8247-febe984a9890",
            "ticker": "KXHIGHMIA-24DEC11-B81.5",
            "count": 200,
            "created_time": "2024-12-11T02:57:35.902224Z",
            "yes_price": 7,
            "no_price": 93,
            "taker_side": "yes"
        },
        {
            "trade_id": "eb7ead98-0444-4183-9ae4-496f5d529a86",
            "ticker": "KXHIGHMIA-24DEC11-B81.5",
            "count": 75,
            "created_time": "2024-12-11T02:45:43.592409Z",
            "yes_price": 7,
            "no_price": 93,
            "taker_side": "no"
        },
        {
            "trade_id": "493d1bee-0c69-424e-8d78-0ed9b1fb9d1e",
            "ticker": "KXHIGHMIA-24DEC11-B81.5",
            "count": 21,
            "created_time": "2024-12-11T01:30:58.203731Z",
            "yes_price": 10,
            "no_price": 90,
            "taker_side": "yes"
        },
        {
            "trade_id": "0d069ccc-857b-4264-a936-3d696bee6a9c",
            "ticker": "KXHIGHMIA-24DEC11-B81.5",
            "count": 30,
            "created_time": "2024-12-11T01:30:58.203731Z",
            "yes_price": 9,
            "no_price": 91,
            "taker_side": "yes"
        },
        {
            "trade_id": "a60bb436-c9fc-458f-8966-6480c09164c2",
            "ticker": "KXHIGHMIA-24DEC11-B81.5",
            "count": 6,
            "created_time": "2024-12-11T01:11:53.658373Z",
            "yes_price": 9,
            "no_price": 91,
            "taker_side": "yes"
        },
        {
            "trade_id": "2dd79dcd-cc14-4d7f-9e0b-6ba29b2f467c",
            "ticker": "KXHIGHMIA-24DEC11-B81.5",
            "count": 45,
            "created_time": "2024-12-11T00:50:02.243699Z",
            "yes_price": 12,
            "no_price": 88,
            "taker_side": "no"
        },
        {
            "trade_id": "46513c06-49fc-4296-959e-7a4641b88923",
            "ticker": "KXHIGHMIA-24DEC11-B81.5",
            "count": 100,
            "created_time": "2024-12-10T22:45:49.80565Z",
            "yes_price": 19,
            "no_price": 81,
            "taker_side": "yes"
        },
        {
            "trade_id": "98f13f9d-9e98-4e91-b6cf-e41ff1df9386",
            "ticker": "KXHIGHMIA-24DEC11-B81.5",
            "count": 20,
            "created_time": "2024-12-10T21:31:53.649204Z",
            "yes_price": 21,
            "no_price": 79,
            "taker_side": "no"
        },
        {
            "trade_id": "607ef2ea-2b2e-4ee1-92ec-213596ac69d7",
            "ticker": "KXHIGHMIA-24DEC11-B81.5",
            "count": 200,
            "created_time": "2024-12-10T20:45:46.029843Z",
            "yes_price": 21,
            "no_price": 79,
            "taker_side": "no"
        },
        {
            "trade_id": "56ba5a81-8d97-4293-94ff-c85feaf6d08d",
            "ticker": "KXHIGHMIA-24DEC11-B81.5",
            "count": 200,
            "created_time": "2024-12-10T20:45:45.947289Z",
            "yes_price": 21,
            "no_price": 79,
            "taker_side": "no"
        },
        {
            "trade_id": "7753e516-2c28-4744-93eb-8bfe89f56a73",
            "ticker": "KXHIGHMIA-24DEC11-B81.5",
            "count": 200,
            "created_time": "2024-12-10T20:45:45.876703Z",
            "yes_price": 21,
            "no_price": 79,
            "taker_side": "no"
        },
        {
            "trade_id": "ae063ee6-709a-4478-b4d2-cebb389d1f13",
            "ticker": "KXHIGHMIA-24DEC11-B81.5",
            "count": 20,
            "created_time": "2024-12-10T20:44:27.513731Z",
            "yes_price": 22,
            "no_price": 78,
            "taker_side": "yes"
        },
        {
            "trade_id": "35f2cfea-10c0-4e81-8e5d-74d46a3f0e23",
            "ticker": "KXHIGHMIA-24DEC11-B81.5",
            "count": 30,
            "created_time": "2024-12-10T20:44:27.513731Z",
            "yes_price": 22,
            "no_price": 78,
            "taker_side": "yes"
        },
        {
            "trade_id": "9dca9e3c-c448-4929-ac28-e54bd29c687e",
            "ticker": "KXHIGHMIA-24DEC11-B81.5",
            "count": 70,
            "created_time": "2024-12-10T20:35:15.677494Z",
            "yes_price": 22,
            "no_price": 78,
            "taker_side": "yes"
        },
        {
            "trade_id": "4e8d954d-f4b1-4511-8829-de47801b7822",
            "ticker": "KXHIGHMIA-24DEC11-B81.5",
            "count": 1,
            "created_time": "2024-12-10T17:30:23.028118Z",
            "yes_price": 23,
            "no_price": 77,
            "taker_side": "yes"
        },
        {
            "trade_id": "6f4237da-474c-4d7e-837f-fa32c796653d",
            "ticker": "KXHIGHMIA-24DEC11-B81.5",
            "count": 9,
            "created_time": "2024-12-10T17:07:28.190545Z",
            "yes_price": 24,
            "no_price": 76,
            "taker_side": "yes"
        },
        {
            "trade_id": "99174f4e-3426-4230-8698-317d84f71fc3",
            "ticker": "KXHIGHMIA-24DEC11-B81.5",
            "count": 11,
            "created_time": "2024-12-10T17:06:56.516163Z",
            "yes_price": 23,
            "no_price": 77,
            "taker_side": "yes"
        },
        {
            "trade_id": "d26a4e2c-80b4-4d19-855b-9e2d65f68382",
            "ticker": "KXHIGHMIA-24DEC11-B81.5",
            "count": 1,
            "created_time": "2024-12-10T16:46:13.601163Z",
            "yes_price": 24,
            "no_price": 76,
            "taker_side": "yes"
        }
    ],
    "KXHIGHMIA-24DEC11-B83.5": [
        {
            "trade_id": "776b1c3c-98b4-498b-bb93-c089568b91fe",
            "ticker": "KXHIGHMIA-24DEC11-B83.5",
            "count": 93,
            "created_time": "2024-12-12T00:40:29.117403Z",
            "yes_price": 1,
            "no_price": 99,
            "taker_side": "yes"
        },
        {
            "trade_id": "7e7b1d1e-21cb-4d81-9d65-bcd694912afe",
            "ticker": "KXHIGHMIA-24DEC11-B83.5",
            "count": 409,
            "created_time": "2024-12-11T20:43:34.384026Z",
            "yes_price": 1,
            "no_price": 99,
            "taker_side": "yes"
        },
        {
            "trade_id": "3b54cd5d-87b2-4ac5-8a25-4c7099a0e606",
            "ticker": "KXHIGHMIA-24DEC11-B83.5",
            "count": 36,
            "created_time": "2024-12-11T20:43:34.384026Z",
            "yes_price": 1,
            "no_price": 99,
            "taker_side": "yes"
        },
        {
            "trade_id": "0fc1cee9-26d2-4d07-8eb6-2026127b16c8",
            "ticker": "KXHIGHMIA-24DEC11-B83.5",
            "count": 489,
            "created_time": "2024-12-11T20:43:34.384026Z",
            "yes_price": 1,
            "no_price": 99,
            "taker_side": "yes"
        },
        {
            "trade_id": "85370de3-8ad0-4c4f-8f0a-aef0d33d1c0e",
            "ticker": "KXHIGHMIA-24DEC11-B83.5",
            "count": 2,
            "created_time": "2024-12-11T20:16:51.459755Z",
            "yes_price": 1,
            "no_price": 99,
            "taker_side": "yes"
        },
        {
            "trade_id": "64218eb1-1367-4695-929e-98fa676645c4",
            "ticker": "KXHIGHMIA-24DEC11-B83.5",
            "count": 158,
            "created_time": "2024-12-11T19:59:40.378616Z",
            "yes_price": 1,
            "no_price": 99,
            "taker_side": "yes"
        },
        {
            "trade_id": "659b6135-99c8-4b3f-b8c5-24002539127a",
            "ticker": "KXHIGHMIA-24DEC11-B83.5",
            "count": 400,
            "created_time": "2024-12-11T19:50:18.249521Z",
            "yes_price": 1,
            "no_price": 99,
            "taker_side": "yes"
        },
        {
            "trade_id": "15ec5dfd-7cb0-4984-a4de-099c912b7c18",
            "ticker": "KXHIGHMIA-24DEC11-B83.5",
            "count": 187,
            "created_time": "2024-12-11T19:22:40.339936Z",
            "yes_price": 1,
            "no_price": 99,
            "taker_side": "yes"
        },
        {
            "trade_id": "ad4642fa-798c-4acc-8cd1-1dac4445a2d2",
            "ticker": "KXHIGHMIA-24DEC11-B83.5",
            "count": 6546,
            "created_time": "2024-12-11T19:06:25.169758Z",
            "yes_price": 1,
            "no_price": 99,
            "taker_side": "yes"
        },
        {
            "trade_id": "d4f8edd3-3d6c-4eb4-abdc-c7e371884171",
            "ticker": "KXHIGHMIA-24DEC11-B83.5",
            "count": 1870,
            "created_time": "2024-12-11T19:02:11.8584Z",
            "yes_price": 1,
            "no_price": 99,
            "taker_side": "yes"
        },
        {
            "trade_id": "b756d6c2-69b4-4268-a3a4-1b0930b94343",
            "ticker": "KXHIGHMIA-24DEC11-B83.5",
            "count": 10,
            "created_time": "2024-12-11T18:39:37.054931Z",
            "yes_price": 1,
            "no_price": 99,
            "taker_side": "yes"
        },
        {
            "trade_id": "5afa4890-52bc-405c-9f5f-58e1cf09f411",
            "ticker": "KXHIGHMIA-24DEC11-B83.5",
            "count": 93,
            "created_time": "2024-12-11T18:37:41.028884Z",
            "yes_price": 1,
            "no_price": 99,
            "taker_side": "yes"
        },
        {
            "trade_id": "ed944ba7-49f1-461b-9de9-de396734891f",
            "ticker": "KXHIGHMIA-24DEC11-B83.5",
            "count": 462,
            "created_time": "2024-12-11T18:37:40.226461Z",
            "yes_price": 1,
            "no_price": 99,
            "taker_side": "yes"
        },
        {
            "trade_id": "b0627768-8c78-4b98-9d18-8989ebbe3e40",
            "ticker": "KXHIGHMIA-24DEC11-B83.5",
            "count": 235,
            "created_time": "2024-12-11T18:36:25.226231Z",
            "yes_price": 1,
            "no_price": 99,
            "taker_side": "yes"
        },
        {
            "trade_id": "1a911434-3c62-4726-8544-e13d0b2107b3",
            "ticker": "KXHIGHMIA-24DEC11-B83.5",
            "count": 25,
            "created_time": "2024-12-11T18:29:27.242164Z",
            "yes_price": 1,
            "no_price": 99,
            "taker_side": "yes"
        },
        {
            "trade_id": "89907481-d6f5-4e0e-927a-4caadd82fc99",
            "ticker": "KXHIGHMIA-24DEC11-B83.5",
            "count": 100,
            "created_time": "2024-12-11T18:27:38.238017Z",
            "yes_price": 1,
            "no_price": 99,
            "taker_side": "yes"
        },
        {
            "trade_id": "491beae3-81ec-45f4-8d9c-9819c343edc2",
            "ticker": "KXHIGHMIA-24DEC11-B83.5",
            "count": 31,
            "created_time": "2024-12-11T18:21:02.826679Z",
            "yes_price": 1,
            "no_price": 99,
            "taker_side": "yes"
        },
        {
            "trade_id": "b3cd641d-5ade-4b17-87b0-5a802c869d27",
            "ticker": "KXHIGHMIA-24DEC11-B83.5",
            "count": 15,
            "created_time": "2024-12-11T18:18:28.176583Z",
            "yes_price": 1,
            "no_price": 99,
            "taker_side": "yes"
        },
        {
            "trade_id": "f1f1d77d-1e65-4e2f-9050-55ed3450f8b9",
            "ticker": "KXHIGHMIA-24DEC11-B83.5",
            "count": 40,
            "created_time": "2024-12-11T18:16:09.502322Z",
            "yes_price": 1,
            "no_price": 99,
            "taker_side": "yes"
        },
        {
            "trade_id": "c6ceccc8-137e-41f5-9f8e-68c9752a7ea2",
            "ticker": "KXHIGHMIA-24DEC11-B83.5",
            "count": 14,
            "created_time": "2024-12-11T18:14:36.294568Z",
            "yes_price": 1,
            "no_price": 99,
            "taker_side": "yes"
        },
        {
            "trade_id": "449fe71e-598d-4392-b245-0c976eddf7f2",
            "ticker": "KXHIGHMIA-24DEC11-B83.5",
            "count": 40,
            "created_time": "2024-12-11T18:11:15.134605Z",
            "yes_price": 1,
            "no_price": 99,
            "taker_side": "yes"
        },
        {
            "trade_id": "fb411b89-3d0e-4437-bdb2-6ffe7a375bce",
            "ticker": "KXHIGHMIA-24DEC11-B83.5",
            "count": 40,
            "created_time": "2024-12-11T18:06:05.978374Z",
            "yes_price": 1,
            "no_price": 99,
            "taker_side": "yes"
        },
        {
            "trade_id": "f7a2f938-ca5b-4ad3-a8e1-8a291effa777",
            "ticker": "KXHIGHMIA-24DEC11-B83.5",
            "count": 33,
            "created_time": "2024-12-11T18:06:04.774121Z",
            "yes_price": 1,
            "no_price": 99,
            "taker_side": "yes"
        },
        {
            "trade_id": "c567f2a5-5592-4ae1-917b-4097e62c4b2c",
            "ticker": "KXHIGHMIA-24DEC11-B83.5",
            "count": 40,
            "created_time": "2024-12-11T18:01:04.769747Z",
            "yes_price": 1,
            "no_price": 99,
            "taker_side": "yes"
        },
        {
            "trade_id": "d900863a-7f7c-4ce3-9240-68d28125c95c",
            "ticker": "KXHIGHMIA-24DEC11-B83.5",
            "count": 40,
            "created_time": "2024-12-11T18:01:04.577839Z",
            "yes_price": 1,
            "no_price": 99,
            "taker_side": "yes"
        },
        {
            "trade_id": "4902d2fe-4fed-40ad-b134-1d7bd6fbc85d",
            "ticker": "KXHIGHMIA-24DEC11-B83.5",
            "count": 4675,
            "created_time": "2024-12-11T17:57:38.10945Z",
            "yes_price": 1,
            "no_price": 99,
            "taker_side": "yes"
        },
        {
            "trade_id": "80d50b97-5e27-4d1f-9c0f-a30980026b1b",
            "ticker": "KXHIGHMIA-24DEC11-B83.5",
            "count": 935,
            "created_time": "2024-12-11T17:57:25.895739Z",
            "yes_price": 1,
            "no_price": 99,
            "taker_side": "yes"
        },
        {
            "trade_id": "f3e1b643-8233-46a9-b61b-0a041e010f49",
            "ticker": "KXHIGHMIA-24DEC11-B83.5",
            "count": 40,
            "created_time": "2024-12-11T17:56:13.941081Z",
            "yes_price": 1,
            "no_price": 99,
            "taker_side": "yes"
        },
        {
            "trade_id": "10b9f55f-2fc6-49dd-af2c-048a706a5d0b",
            "ticker": "KXHIGHMIA-24DEC11-B83.5",
            "count": 40,
            "created_time": "2024-12-11T17:56:13.758266Z",
            "yes_price": 1,
            "no_price": 99,
            "taker_side": "yes"
        },
        {
            "trade_id": "031264ff-e1f0-429d-bb81-7235a04316dd",
            "ticker": "KXHIGHMIA-24DEC11-B83.5",
            "count": 40,
            "created_time": "2024-12-11T17:56:12.476794Z",
            "yes_price": 1,
            "no_price": 99,
            "taker_side": "yes"
        },
        {
            "trade_id": "80aa86e5-d3d3-427c-a5f9-082bded57dd4",
            "ticker": "KXHIGHMIA-24DEC11-B83.5",
            "count": 201,
            "created_time": "2024-12-11T17:55:39.761579Z",
            "yes_price": 1,
            "no_price": 99,
            "taker_side": "yes"
        },
        {
            "trade_id": "7c118456-3a2b-4da1-b448-12db23f8b537",
            "ticker": "KXHIGHMIA-24DEC11-B83.5",
            "count": 102,
            "created_time": "2024-12-11T17:55:36.797679Z",
            "yes_price": 1,
            "no_price": 99,
            "taker_side": "yes"
        },
        {
            "trade_id": "fac30f32-233d-47b8-acfa-6ce889a31874",
            "ticker": "KXHIGHMIA-24DEC11-B83.5",
            "count": 40,
            "created_time": "2024-12-11T17:55:36.644415Z",
            "yes_price": 47,
            "no_price": 53,
            "taker_side": "no"
        },
        {
            "trade_id": "ed4c5738-75d0-41b2-8e00-1380217d24d4",
            "ticker": "KXHIGHMIA-24DEC11-B83.5",
            "count": 100,
            "created_time": "2024-12-11T17:55:36.644415Z",
            "yes_price": 29,
            "no_price": 71,
            "taker_side": "no"
        },
        {
            "trade_id": "e9704ab8-2d65-4ad3-ae2a-5ff1b152a7f9",
            "ticker": "KXHIGHMIA-24DEC11-B83.5",
            "count": 100,
            "created_time": "2024-12-11T17:55:36.644415Z",
            "yes_price": 30,
            "no_price": 70,
            "taker_side": "no"
        },
        {
            "trade_id": "d6368957-55ed-4af3-9a6a-61984e5eefef",
            "ticker": "KXHIGHMIA-24DEC11-B83.5",
            "count": 40,
            "created_time": "2024-12-11T17:55:36.644415Z",
            "yes_price": 15,
            "no_price": 85,
            "taker_side": "no"
        },
        {
            "trade_id": "d2677b7b-ba47-4993-9265-8d8bd180490d",
            "ticker": "KXHIGHMIA-24DEC11-B83.5",
            "count": 40,
            "created_time": "2024-12-11T17:55:36.644415Z",
            "yes_price": 50,
            "no_price": 50,
            "taker_side": "no"
        },
        {
            "trade_id": "ce68fb20-7830-4ac1-8970-f50ed1884dad",
            "ticker": "KXHIGHMIA-24DEC11-B83.5",
            "count": 120,
            "created_time": "2024-12-11T17:55:36.644415Z",
            "yes_price": 1,
            "no_price": 99,
            "taker_side": "no"
        },
        {
            "trade_id": "7da3cffa-fb23-49be-828a-1ddd0cd0876f",
            "ticker": "KXHIGHMIA-24DEC11-B83.5",
            "count": 120,
            "created_time": "2024-12-11T17:55:36.644415Z",
            "yes_price": 1,
            "no_price": 99,
            "taker_side": "no"
        },
        {
            "trade_id": "6d4b1644-09e3-49a2-b416-1018f4f3a5c7",
            "ticker": "KXHIGHMIA-24DEC11-B83.5",
            "count": 80,
            "created_time": "2024-12-11T17:55:36.644415Z",
            "yes_price": 50,
            "no_price": 50,
            "taker_side": "no"
        },
        {
            "trade_id": "61d1749f-c3f2-437a-b4f8-2712e022a3a4",
            "ticker": "KXHIGHMIA-24DEC11-B83.5",
            "count": 19,
            "created_time": "2024-12-11T17:55:36.644415Z",
            "yes_price": 17,
            "no_price": 83,
            "taker_side": "no"
        },
        {
            "trade_id": "576de4ae-a031-4960-bf5e-3e3b1c9d44d1",
            "ticker": "KXHIGHMIA-24DEC11-B83.5",
            "count": 50,
            "created_time": "2024-12-11T17:55:36.644415Z",
            "yes_price": 50,
            "no_price": 50,
            "taker_side": "no"
        },
        {
            "trade_id": "4f5435e8-3f73-4130-91e2-87378a5ed76c",
            "ticker": "KXHIGHMIA-24DEC11-B83.5",
            "count": 61,
            "created_time": "2024-12-11T17:55:36.644415Z",
            "yes_price": 52,
            "no_price": 48,
            "taker_side": "no"
        },
        {
            "trade_id": "4d5f864e-211c-453e-b59d-f1a5740726db",
            "ticker": "KXHIGHMIA-24DEC11-B83.5",
            "count": 40,
            "created_time": "2024-12-11T17:55:36.644415Z",
            "yes_price": 14,
            "no_price": 86,
            "taker_side": "no"
        },
        {
            "trade_id": "48b9a6f3-1a1b-4607-9070-35d24fee54d0",
            "ticker": "KXHIGHMIA-24DEC11-B83.5",
            "count": 40,
            "created_time": "2024-12-11T17:55:36.644415Z",
            "yes_price": 30,
            "no_price": 70,
            "taker_side": "no"
        },
        {
            "trade_id": "309209e4-4498-4c03-8bfb-90ca4e2d61aa",
            "ticker": "KXHIGHMIA-24DEC11-B83.5",
            "count": 120,
            "created_time": "2024-12-11T17:55:36.644415Z",
            "yes_price": 1,
            "no_price": 99,
            "taker_side": "no"
        },
        {
            "trade_id": "2df77b69-6570-4891-8ac1-0f1cc9af7a28",
            "ticker": "KXHIGHMIA-24DEC11-B83.5",
            "count": 4,
            "created_time": "2024-12-11T17:55:36.644415Z",
            "yes_price": 54,
            "no_price": 46,
            "taker_side": "no"
        },
        {
            "trade_id": "1ed42008-bbd4-458f-bb8a-350edd7ce483",
            "ticker": "KXHIGHMIA-24DEC11-B83.5",
            "count": 151,
            "created_time": "2024-12-11T17:55:36.644415Z",
            "yes_price": 32,
            "no_price": 68,
            "taker_side": "no"
        },
        {
            "trade_id": "1baa0387-92af-4466-895a-d0ea43bbce0b",
            "ticker": "KXHIGHMIA-24DEC11-B83.5",
            "count": 40,
            "created_time": "2024-12-11T17:55:36.644415Z",
            "yes_price": 16,
            "no_price": 84,
            "taker_side": "no"
        },
        {
            "trade_id": "0cb92324-e557-46a3-bee1-c888b440b24c",
            "ticker": "KXHIGHMIA-24DEC11-B83.5",
            "count": 60,
            "created_time": "2024-12-11T17:55:36.644415Z",
            "yes_price": 51,
            "no_price": 49,
            "taker_side": "no"
        },
        {
            "trade_id": "057a7859-672d-43fa-b81e-a2b21a5e201f",
            "ticker": "KXHIGHMIA-24DEC11-B83.5",
            "count": 40,
            "created_time": "2024-12-11T17:55:36.644415Z",
            "yes_price": 40,
            "no_price": 60,
            "taker_side": "no"
        },
        {
            "trade_id": "87e222a4-62e5-41b7-802f-4b6981cc8186",
            "ticker": "KXHIGHMIA-24DEC11-B83.5",
            "count": 36,
            "created_time": "2024-12-11T17:55:19.334544Z",
            "yes_price": 54,
            "no_price": 46,
            "taker_side": "no"
        },
        {
            "trade_id": "61870c4e-42a3-48e6-9997-6966f8df738b",
            "ticker": "KXHIGHMIA-24DEC11-B83.5",
            "count": 4,
            "created_time": "2024-12-11T17:55:14.669267Z",
            "yes_price": 55,
            "no_price": 45,
            "taker_side": "no"
        },
        {
            "trade_id": "1021f557-7d43-4f20-8285-a27f99211187",
            "ticker": "KXHIGHMIA-24DEC11-B83.5",
            "count": 23,
            "created_time": "2024-12-11T17:55:09.524232Z",
            "yes_price": 55,
            "no_price": 45,
            "taker_side": "no"
        },
        {
            "trade_id": "e3305565-d72d-4c5f-83ed-1b032f04e592",
            "ticker": "KXHIGHMIA-24DEC11-B83.5",
            "count": 19,
            "created_time": "2024-12-11T17:53:52.811459Z",
            "yes_price": 65,
            "no_price": 35,
            "taker_side": "no"
        },
        {
            "trade_id": "911d10dd-248e-447d-b9fd-ca693307e5a7",
            "ticker": "KXHIGHMIA-24DEC11-B83.5",
            "count": 40,
            "created_time": "2024-12-11T17:53:30.226667Z",
            "yes_price": 60,
            "no_price": 40,
            "taker_side": "no"
        },
        {
            "trade_id": "90215009-3bc4-48f6-8f2e-f8d5181d703f",
            "ticker": "KXHIGHMIA-24DEC11-B83.5",
            "count": 100,
            "created_time": "2024-12-11T17:53:30.226667Z",
            "yes_price": 60,
            "no_price": 40,
            "taker_side": "no"
        },
        {
            "trade_id": "9eb0ceb5-35e8-4cd6-880d-9f1a5b95641c",
            "ticker": "KXHIGHMIA-24DEC11-B83.5",
            "count": 60,
            "created_time": "2024-12-11T17:53:28.874962Z",
            "yes_price": 64,
            "no_price": 36,
            "taker_side": "no"
        },
        {
            "trade_id": "3b3981d3-e982-4c2c-b2e2-10bfa92981c1",
            "ticker": "KXHIGHMIA-24DEC11-B83.5",
            "count": 35,
            "created_time": "2024-12-11T17:53:28.874962Z",
            "yes_price": 64,
            "no_price": 36,
            "taker_side": "no"
        },
        {
            "trade_id": "e9edb412-11d2-4029-8f7a-4de95cdc73d6",
            "ticker": "KXHIGHMIA-24DEC11-B83.5",
            "count": 50,
            "created_time": "2024-12-11T17:52:20.191829Z",
            "yes_price": 66,
            "no_price": 34,
            "taker_side": "no"
        },
        {
            "trade_id": "d5dccd06-35fa-434a-8afb-f1ebdc17fa18",
            "ticker": "KXHIGHMIA-24DEC11-B83.5",
            "count": 28,
            "created_time": "2024-12-11T17:52:20.191829Z",
            "yes_price": 68,
            "no_price": 32,
            "taker_side": "no"
        },
        {
            "trade_id": "cb49ae26-002e-4b01-9e31-67345d436e0d",
            "ticker": "KXHIGHMIA-24DEC11-B83.5",
            "count": 1,
            "created_time": "2024-12-11T17:52:20.191829Z",
            "yes_price": 67,
            "no_price": 33,
            "taker_side": "no"
        },
        {
            "trade_id": "b1adb508-76c4-46bf-bd80-13d6b3847a52",
            "ticker": "KXHIGHMIA-24DEC11-B83.5",
            "count": 25,
            "created_time": "2024-12-11T17:52:20.191829Z",
            "yes_price": 67,
            "no_price": 33,
            "taker_side": "no"
        },
        {
            "trade_id": "a35d09d4-7ff6-45dd-88b8-15ec883034b7",
            "ticker": "KXHIGHMIA-24DEC11-B83.5",
            "count": 60,
            "created_time": "2024-12-11T17:52:20.191829Z",
            "yes_price": 68,
            "no_price": 32,
            "taker_side": "no"
        },
        {
            "trade_id": "5c8b7fb8-2698-4ff0-b126-59dd62b1b967",
            "ticker": "KXHIGHMIA-24DEC11-B83.5",
            "count": 36,
            "created_time": "2024-12-11T17:52:20.191829Z",
            "yes_price": 65,
            "no_price": 35,
            "taker_side": "no"
        },
        {
            "trade_id": "ba01c7aa-7c39-4574-bda2-6462ae9b5965",
            "ticker": "KXHIGHMIA-24DEC11-B83.5",
            "count": 2,
            "created_time": "2024-12-11T17:52:17.72823Z",
            "yes_price": 68,
            "no_price": 32,
            "taker_side": "no"
        },
        {
            "trade_id": "3e552278-83cf-4c80-97b0-0de1f83d11fa",
            "ticker": "KXHIGHMIA-24DEC11-B83.5",
            "count": 60,
            "created_time": "2024-12-11T17:50:52.785048Z",
            "yes_price": 70,
            "no_price": 30,
            "taker_side": "no"
        },
        {
            "trade_id": "26b2595a-5d4b-4b78-b1d9-449c4685e694",
            "ticker": "KXHIGHMIA-24DEC11-B83.5",
            "count": 189,
            "created_time": "2024-12-11T17:50:52.785048Z",
            "yes_price": 70,
            "no_price": 30,
            "taker_side": "no"
        },
        {
            "trade_id": "65508e37-4636-401d-8811-a1432912697c",
            "ticker": "KXHIGHMIA-24DEC11-B83.5",
            "count": 11,
            "created_time": "2024-12-11T17:50:37.632569Z",
            "yes_price": 70,
            "no_price": 30,
            "taker_side": "no"
        },
        {
            "trade_id": "c25825be-74b1-4c5e-be87-70cf8149e253",
            "ticker": "KXHIGHMIA-24DEC11-B83.5",
            "count": 23,
            "created_time": "2024-12-11T17:50:20.857762Z",
            "yes_price": 70,
            "no_price": 30,
            "taker_side": "no"
        },
        {
            "trade_id": "33059d06-182a-4b93-8f4b-920221ad7496",
            "ticker": "KXHIGHMIA-24DEC11-B83.5",
            "count": 6,
            "created_time": "2024-12-11T17:50:20.857762Z",
            "yes_price": 71,
            "no_price": 29,
            "taker_side": "no"
        },
        {
            "trade_id": "60d784c1-af64-4a75-8cbf-9b85df6121f5",
            "ticker": "KXHIGHMIA-24DEC11-B83.5",
            "count": 20,
            "created_time": "2024-12-11T17:50:20.616476Z",
            "yes_price": 86,
            "no_price": 14,
            "taker_side": "yes"
        },
        {
            "trade_id": "5fa19b3b-64b1-4c69-849f-35e41d6c9afb",
            "ticker": "KXHIGHMIA-24DEC11-B83.5",
            "count": 92,
            "created_time": "2024-12-11T17:50:20.616476Z",
            "yes_price": 87,
            "no_price": 13,
            "taker_side": "yes"
        },
        {
            "trade_id": "79272617-0f9b-44e7-a610-72e43ff27819",
            "ticker": "KXHIGHMIA-24DEC11-B83.5",
            "count": 5,
            "created_time": "2024-12-11T17:49:04.259294Z",
            "yes_price": 70,
            "no_price": 30,
            "taker_side": "yes"
        },
        {
            "trade_id": "d7770170-ccea-469a-a756-787eae94cde7",
            "ticker": "KXHIGHMIA-24DEC11-B83.5",
            "count": 101,
            "created_time": "2024-12-11T17:47:41.81927Z",
            "yes_price": 87,
            "no_price": 13,
            "taker_side": "yes"
        },
        {
            "trade_id": "9c34e960-ec91-49e3-8d6a-33c3bb45f812",
            "ticker": "KXHIGHMIA-24DEC11-B83.5",
            "count": 123,
            "created_time": "2024-12-11T17:46:21.468596Z",
            "yes_price": 80,
            "no_price": 20,
            "taker_side": "yes"
        },
        {
            "trade_id": "639b0375-2c3c-4c7b-9633-b3733166d4b0",
            "ticker": "KXHIGHMIA-24DEC11-B83.5",
            "count": 100,
            "created_time": "2024-12-11T17:46:13.133797Z",
            "yes_price": 71,
            "no_price": 29,
            "taker_side": "no"
        },
        {
            "trade_id": "db695421-5afa-4697-9160-7e89f4bdf80e",
            "ticker": "KXHIGHMIA-24DEC11-B83.5",
            "count": 112,
            "created_time": "2024-12-11T17:45:44.492669Z",
            "yes_price": 88,
            "no_price": 12,
            "taker_side": "yes"
        },
        {
            "trade_id": "898f64fc-c0bf-4e0b-9f05-a7ef42b4b6a4",
            "ticker": "KXHIGHMIA-24DEC11-B83.5",
            "count": 15,
            "created_time": "2024-12-11T17:43:59.897715Z",
            "yes_price": 80,
            "no_price": 20,
            "taker_side": "no"
        },
        {
            "trade_id": "00590195-0f31-49ab-bf7e-f8ff5f1e3a10",
            "ticker": "KXHIGHMIA-24DEC11-B83.5",
            "count": 60,
            "created_time": "2024-12-11T17:43:59.897715Z",
            "yes_price": 80,
            "no_price": 20,
            "taker_side": "no"
        },
        {
            "trade_id": "f9413315-5ab7-4e29-b886-f19a748899ad",
            "ticker": "KXHIGHMIA-24DEC11-B83.5",
            "count": 50,
            "created_time": "2024-12-11T17:42:14.674221Z",
            "yes_price": 85,
            "no_price": 15,
            "taker_side": "yes"
        },
        {
            "trade_id": "e405ffd5-0b6f-498f-845e-56f340e68e7b",
            "ticker": "KXHIGHMIA-24DEC11-B83.5",
            "count": 48,
            "created_time": "2024-12-11T17:42:14.674221Z",
            "yes_price": 80,
            "no_price": 20,
            "taker_side": "yes"
        },
        {
            "trade_id": "dd0c8559-fa3b-4828-836e-aa0d9dc1e84b",
            "ticker": "KXHIGHMIA-24DEC11-B83.5",
            "count": 19,
            "created_time": "2024-12-11T17:42:14.674221Z",
            "yes_price": 90,
            "no_price": 10,
            "taker_side": "yes"
        },
        {
            "trade_id": "bfccd6d2-e4c6-411d-b4d5-701a11acb7f5",
            "ticker": "KXHIGHMIA-24DEC11-B83.5",
            "count": 22,
            "created_time": "2024-12-11T17:42:14.674221Z",
            "yes_price": 82,
            "no_price": 18,
            "taker_side": "yes"
        },
        {
            "trade_id": "8a1eb760-5da0-4e9b-bfd3-71bd8eaad0cc",
            "ticker": "KXHIGHMIA-24DEC11-B83.5",
            "count": 40,
            "created_time": "2024-12-11T17:42:14.674221Z",
            "yes_price": 89,
            "no_price": 11,
            "taker_side": "yes"
        },
        {
            "trade_id": "64eec01d-b93f-4007-a508-612cd336a33f",
            "ticker": "KXHIGHMIA-24DEC11-B83.5",
            "count": 40,
            "created_time": "2024-12-11T17:42:14.674221Z",
            "yes_price": 89,
            "no_price": 11,
            "taker_side": "yes"
        },
        {
            "trade_id": "50809608-9b8d-438e-8903-1547955d38fb",
            "ticker": "KXHIGHMIA-24DEC11-B83.5",
            "count": 60,
            "created_time": "2024-12-11T17:42:14.674221Z",
            "yes_price": 79,
            "no_price": 21,
            "taker_side": "yes"
        },
        {
            "trade_id": "49b51f94-6513-472e-be0d-28816ea38431",
            "ticker": "KXHIGHMIA-24DEC11-B83.5",
            "count": 40,
            "created_time": "2024-12-11T17:42:14.674221Z",
            "yes_price": 90,
            "no_price": 10,
            "taker_side": "yes"
        },
        {
            "trade_id": "48ff519e-48c7-4474-89f2-4f8a3b70ab5c",
            "ticker": "KXHIGHMIA-24DEC11-B83.5",
            "count": 100,
            "created_time": "2024-12-11T17:42:14.674221Z",
            "yes_price": 83,
            "no_price": 17,
            "taker_side": "yes"
        },
        {
            "trade_id": "4364c0dd-ecc8-44db-b9f2-022523276570",
            "ticker": "KXHIGHMIA-24DEC11-B83.5",
            "count": 52,
            "created_time": "2024-12-11T17:42:14.674221Z",
            "yes_price": 79,
            "no_price": 21,
            "taker_side": "yes"
        },
        {
            "trade_id": "d4c11cda-81af-497a-86a4-7327bd47272d",
            "ticker": "KXHIGHMIA-24DEC11-B83.5",
            "count": 24,
            "created_time": "2024-12-11T17:41:52.372208Z",
            "yes_price": 79,
            "no_price": 21,
            "taker_side": "yes"
        },
        {
            "trade_id": "6e65f76d-bd7d-4e39-a349-3cea0a623ed2",
            "ticker": "KXHIGHMIA-24DEC11-B83.5",
            "count": 24,
            "created_time": "2024-12-11T17:39:43.759062Z",
            "yes_price": 80,
            "no_price": 20,
            "taker_side": "yes"
        },
        {
            "trade_id": "7f7a5cb5-a194-416b-afba-4e74b53ce545",
            "ticker": "KXHIGHMIA-24DEC11-B83.5",
            "count": 18,
            "created_time": "2024-12-11T17:39:22.88277Z",
            "yes_price": 79,
            "no_price": 21,
            "taker_side": "yes"
        },
        {
            "trade_id": "6c2b68b2-729e-4304-a838-2d1436977935",
            "ticker": "KXHIGHMIA-24DEC11-B83.5",
            "count": 28,
            "created_time": "2024-12-11T17:39:22.88277Z",
            "yes_price": 80,
            "no_price": 20,
            "taker_side": "yes"
        },
        {
            "trade_id": "4c7c80d8-e66b-4307-b424-5a6b6112d4ea",
            "ticker": "KXHIGHMIA-24DEC11-B83.5",
            "count": 18,
            "created_time": "2024-12-11T17:39:22.88277Z",
            "yes_price": 79,
            "no_price": 21,
            "taker_side": "yes"
        },
        {
            "trade_id": "1cf3b849-2aed-4506-bf67-6bb630c29677",
            "ticker": "KXHIGHMIA-24DEC11-B83.5",
            "count": 60,
            "created_time": "2024-12-11T17:39:22.88277Z",
            "yes_price": 79,
            "no_price": 21,
            "taker_side": "yes"
        },
        {
            "trade_id": "03a90473-786b-4d3d-8a02-96e036185d0a",
            "ticker": "KXHIGHMIA-24DEC11-B83.5",
            "count": 12,
            "created_time": "2024-12-11T17:35:20.957684Z",
            "yes_price": 78,
            "no_price": 22,
            "taker_side": "yes"
        },
        {
            "trade_id": "e2576c89-5611-49a8-9a30-64bd09327136",
            "ticker": "KXHIGHMIA-24DEC11-B83.5",
            "count": 5,
            "created_time": "2024-12-11T17:34:01.593247Z",
            "yes_price": 70,
            "no_price": 30,
            "taker_side": "yes"
        },
        {
            "trade_id": "7946c68d-0974-40d3-9116-e819db7421ec",
            "ticker": "KXHIGHMIA-24DEC11-B83.5",
            "count": 6,
            "created_time": "2024-12-11T17:27:35.333564Z",
            "yes_price": 79,
            "no_price": 21,
            "taker_side": "yes"
        },
        {
            "trade_id": "197c9080-6239-43b4-987c-26a6fb4320c0",
            "ticker": "KXHIGHMIA-24DEC11-B83.5",
            "count": 5,
            "created_time": "2024-12-11T17:18:54.114614Z",
            "yes_price": 66,
            "no_price": 34,
            "taker_side": "yes"
        },
        {
            "trade_id": "23c1f111-085b-48d3-bad1-f09082a09dcc",
            "ticker": "KXHIGHMIA-24DEC11-B83.5",
            "count": 6,
            "created_time": "2024-12-11T17:17:05.304641Z",
            "yes_price": 78,
            "no_price": 22,
            "taker_side": "yes"
        },
        {
            "trade_id": "74ff8825-b8cc-4992-899e-37662785ee6a",
            "ticker": "KXHIGHMIA-24DEC11-B83.5",
            "count": 12,
            "created_time": "2024-12-11T17:13:44.173835Z",
            "yes_price": 78,
            "no_price": 22,
            "taker_side": "yes"
        },
        {
            "trade_id": "ef0a9618-04fe-46f8-82ef-99293594bdb8",
            "ticker": "KXHIGHMIA-24DEC11-B83.5",
            "count": 6,
            "created_time": "2024-12-11T17:13:37.56784Z",
            "yes_price": 78,
            "no_price": 22,
            "taker_side": "yes"
        },
        {
            "trade_id": "f28565f7-41a2-4453-b93d-73800c25cae0",
            "ticker": "KXHIGHMIA-24DEC11-B83.5",
            "count": 4,
            "created_time": "2024-12-11T17:11:06.754651Z",
            "yes_price": 70,
            "no_price": 30,
            "taker_side": "yes"
        },
        {
            "trade_id": "10d8dad1-c326-42bd-abea-c222d7e335c1",
            "ticker": "KXHIGHMIA-24DEC11-B83.5",
            "count": 2,
            "created_time": "2024-12-11T17:11:06.754651Z",
            "yes_price": 79,
            "no_price": 21,
            "taker_side": "yes"
        },
        {
            "trade_id": "86434337-9565-434f-b313-18cc08822229",
            "ticker": "KXHIGHMIA-24DEC11-B83.5",
            "count": 7,
            "created_time": "2024-12-11T17:10:25.334106Z",
            "yes_price": 66,
            "no_price": 34,
            "taker_side": "yes"
        },
        {
            "trade_id": "ffa08f6f-98a0-4893-94e2-b8a80ad71eed",
            "ticker": "KXHIGHMIA-24DEC11-B83.5",
            "count": 3,
            "created_time": "2024-12-11T17:09:32.117818Z",
            "yes_price": 66,
            "no_price": 34,
            "taker_side": "yes"
        },
        {
            "trade_id": "d5c88f49-6a32-4294-9242-718b4fe15360",
            "ticker": "KXHIGHMIA-24DEC11-B83.5",
            "count": 100,
            "created_time": "2024-12-11T17:03:27.644761Z",
            "yes_price": 65,
            "no_price": 35,
            "taker_side": "yes"
        },
        {
            "trade_id": "8492626d-8c7b-49c6-9622-6de0c080a2da",
            "ticker": "KXHIGHMIA-24DEC11-B83.5",
            "count": 185,
            "created_time": "2024-12-11T17:03:27.644761Z",
            "yes_price": 65,
            "no_price": 35,
            "taker_side": "yes"
        },
        {
            "trade_id": "475d4535-fc17-4296-90f6-b4fe25f19d95",
            "ticker": "KXHIGHMIA-24DEC11-B83.5",
            "count": 60,
            "created_time": "2024-12-11T17:03:27.644761Z",
            "yes_price": 65,
            "no_price": 35,
            "taker_side": "yes"
        },
        {
            "trade_id": "0f10140a-d6ea-48a9-ba5e-093a30e29e0c",
            "ticker": "KXHIGHMIA-24DEC11-B83.5",
            "count": 8,
            "created_time": "2024-12-11T17:03:27.644761Z",
            "yes_price": 65,
            "no_price": 35,
            "taker_side": "yes"
        },
        {
            "trade_id": "31c162f8-151a-4c97-9de4-b707a66a71bc",
            "ticker": "KXHIGHMIA-24DEC11-B83.5",
            "count": 2,
            "created_time": "2024-12-11T17:02:55.390725Z",
            "yes_price": 60,
            "no_price": 40,
            "taker_side": "no"
        },
        {
            "trade_id": "39422d6c-731e-454f-91c0-a5b2d600ed07",
            "ticker": "KXHIGHMIA-24DEC11-B83.5",
            "count": 9,
            "created_time": "2024-12-11T16:55:24.809414Z",
            "yes_price": 65,
            "no_price": 35,
            "taker_side": "yes"
        },
        {
            "trade_id": "6562d16e-8750-48b1-af98-2cba7fa15259",
            "ticker": "KXHIGHMIA-24DEC11-B83.5",
            "count": 4,
            "created_time": "2024-12-11T16:51:32.989722Z",
            "yes_price": 65,
            "no_price": 35,
            "taker_side": "yes"
        },
        {
            "trade_id": "047277e6-e503-4c58-9309-c219fc3506b9",
            "ticker": "KXHIGHMIA-24DEC11-B83.5",
            "count": 15,
            "created_time": "2024-12-11T16:49:35.309575Z",
            "yes_price": 65,
            "no_price": 35,
            "taker_side": "yes"
        },
        {
            "trade_id": "781e8405-4a57-49f7-877a-4136f347e753",
            "ticker": "KXHIGHMIA-24DEC11-B83.5",
            "count": 4,
            "created_time": "2024-12-11T16:48:52.943461Z",
            "yes_price": 65,
            "no_price": 35,
            "taker_side": "yes"
        },
        {
            "trade_id": "075b7f49-6b9a-445f-84d3-e96407b7cc89",
            "ticker": "KXHIGHMIA-24DEC11-B83.5",
            "count": 50,
            "created_time": "2024-12-11T16:48:10.578152Z",
            "yes_price": 65,
            "no_price": 35,
            "taker_side": "yes"
        },
        {
            "trade_id": "f8f843f9-5440-4241-86d1-e4983f554900",
            "ticker": "KXHIGHMIA-24DEC11-B83.5",
            "count": 4,
            "created_time": "2024-12-11T16:46:50.192943Z",
            "yes_price": 65,
            "no_price": 35,
            "taker_side": "yes"
        },
        {
            "trade_id": "c2d18265-1bac-4745-8062-eac32c857de0",
            "ticker": "KXHIGHMIA-24DEC11-B83.5",
            "count": 186,
            "created_time": "2024-12-11T16:43:44.483982Z",
            "yes_price": 60,
            "no_price": 40,
            "taker_side": "no"
        },
        {
            "trade_id": "a7cfe087-d02f-4a14-a9b3-e79f7c56e4f4",
            "ticker": "KXHIGHMIA-24DEC11-B83.5",
            "count": 11,
            "created_time": "2024-12-11T16:43:44.483982Z",
            "yes_price": 61,
            "no_price": 39,
            "taker_side": "no"
        },
        {
            "trade_id": "a146e199-492b-4211-9306-d7d72bf27031",
            "ticker": "KXHIGHMIA-24DEC11-B83.5",
            "count": 60,
            "created_time": "2024-12-11T16:43:44.483982Z",
            "yes_price": 61,
            "no_price": 39,
            "taker_side": "no"
        },
        {
            "trade_id": "79d46fe7-6eff-41d3-9c2e-4b9100c4379a",
            "ticker": "KXHIGHMIA-24DEC11-B83.5",
            "count": 12,
            "created_time": "2024-12-11T16:43:44.483982Z",
            "yes_price": 58,
            "no_price": 42,
            "taker_side": "no"
        },
        {
            "trade_id": "6f79a922-10c5-44ab-b89e-e39dbaba0f7d",
            "ticker": "KXHIGHMIA-24DEC11-B83.5",
            "count": 80,
            "created_time": "2024-12-11T16:43:44.483982Z",
            "yes_price": 59,
            "no_price": 41,
            "taker_side": "no"
        },
        {
            "trade_id": "4ef6775e-696e-440a-a5b3-2d62f0fa0705",
            "ticker": "KXHIGHMIA-24DEC11-B83.5",
            "count": 25,
            "created_time": "2024-12-11T16:43:44.483982Z",
            "yes_price": 60,
            "no_price": 40,
            "taker_side": "no"
        },
        {
            "trade_id": "ffa084e5-31fa-4df7-9ccf-efb16762286a",
            "ticker": "KXHIGHMIA-24DEC11-B83.5",
            "count": 3,
            "created_time": "2024-12-11T16:43:05.579732Z",
            "yes_price": 65,
            "no_price": 35,
            "taker_side": "yes"
        },
        {
            "trade_id": "abfd0f07-4816-4c30-8365-8ff1fb6c0220",
            "ticker": "KXHIGHMIA-24DEC11-B83.5",
            "count": 127,
            "created_time": "2024-12-11T16:42:49.210367Z",
            "yes_price": 65,
            "no_price": 35,
            "taker_side": "yes"
        },
        {
            "trade_id": "edcc1a19-d558-4362-bfcc-eb8c4b41222c",
            "ticker": "KXHIGHMIA-24DEC11-B83.5",
            "count": 11,
            "created_time": "2024-12-11T16:42:14.587753Z",
            "yes_price": 64,
            "no_price": 36,
            "taker_side": "yes"
        },
        {
            "trade_id": "085ab86c-864a-439a-a43c-c88fbfc045bf",
            "ticker": "KXHIGHMIA-24DEC11-B83.5",
            "count": 4,
            "created_time": "2024-12-11T16:42:14.587753Z",
            "yes_price": 64,
            "no_price": 36,
            "taker_side": "yes"
        },
        {
            "trade_id": "d4c1e1e3-114a-4cc2-a8d8-208ec8a5b1ea",
