{
    "HIGHMIA-24MAR25-T74": [],
    "HIGHMIA-24MAR25-B74.5": [],
    "HIGHMIA-24MAR25-B76.5": [
        {
            "trade_id": "a12e5c3c-eeb0-4bf3-82e1-45d6eb5aa9b4",
            "ticker": "HIGHMIA-24MAR25-B76.5",
            "count": 30,
            "created_time": "2024-03-25T18:08:45.09933Z",
            "yes_price": 1,
            "no_price": 99,
            "taker_side": "yes"
        },
        {
            "trade_id": "c6d9712f-60fe-4a30-9798-35fd2da002a2",
            "ticker": "HIGHMIA-24MAR25-B76.5",
            "count": 4,
            "created_time": "2024-03-25T16:03:16.58922Z",
            "yes_price": 1,
            "no_price": 99,
            "taker_side": "yes"
        },
        {
            "trade_id": "4523bff4-c5d3-4734-8351-82adea2b9dd5",
            "ticker": "HIGHMIA-24MAR25-B76.5",
            "count": 10,
            "created_time": "2024-03-25T14:46:45.720363Z",
            "yes_price": 1,
            "no_price": 99,
            "taker_side": "yes"
        },
        {
            "trade_id": "5d9212aa-43e1-4d41-98f3-a7b5d89c88ae",
            "ticker": "HIGHMIA-24MAR25-B76.5",
            "count": 5,
            "created_time": "2024-03-25T14:46:39.26239Z",
            "yes_price": 1,
            "no_price": 99,
            "taker_side": "yes"
        },
        {
            "trade_id": "311b02a1-6560-4f26-9733-d65f01eb7cf1",
            "ticker": "HIGHMIA-24MAR25-B76.5",
            "count": 1,
            "created_time": "2024-03-25T14:46:11.656923Z",
            "yes_price": 1,
            "no_price": 99,
            "taker_side": "yes"
        },
        {
            "trade_id": "0b5852cd-76b6-4055-8ca3-f4f5624fc7fe",
            "ticker": "HIGHMIA-24MAR25-B76.5",
            "count": 7,
            "created_time": "2024-03-25T14:37:38.905203Z",
            "yes_price": 1,
            "no_price": 99,
            "taker_side": "no"
        },
        {
            "trade_id": "e2ae6d61-e174-410f-a4a8-7c2ff6acc229",
            "ticker": "HIGHMIA-24MAR25-B76.5",
            "count": 7,
            "created_time": "2024-03-25T14:11:28.665303Z",
            "yes_price": 9,
            "no_price": 91,
            "taker_side": "yes"
        },
        {
            "trade_id": "d293eb00-9966-4f0e-9657-40dc714a7916",
            "ticker": "HIGHMIA-24MAR25-B76.5",
            "count": 23,
            "created_time": "2024-03-25T14:11:28.665303Z",
            "yes_price": 9,
            "no_price": 91,
            "taker_side": "yes"
        },
        {
            "trade_id": "059a4fad-e32f-4d25-9e84-9139ac1a3bae",
            "ticker": "HIGHMIA-24MAR25-B76.5",
            "count": 10,
            "created_time": "2024-03-25T03:58:42.098247Z",
            "yes_price": 9,
            "no_price": 91,
            "taker_side": "yes"
        },
        {
            "trade_id": "a52c48f7-6eab-497e-adb6-5cbede158831",
            "ticker": "HIGHMIA-24MAR25-B76.5",
            "count": 50,
            "created_time": "2024-03-24T14:41:29.211331Z",
            "yes_price": 6,
            "no_price": 94,
            "taker_side": "no"
        }
    ],
    "HIGHMIA-24MAR25-B78.5": [
        {
            "trade_id": "683b606c-5e34-450a-9dbc-9eb9316f0eed",
            "ticker": "HIGHMIA-24MAR25-B78.5",
            "count": 935,
            "created_time": "2024-03-25T21:58:11.996238Z",
            "yes_price": 1,
            "no_price": 99,
            "taker_side": "yes"
        },
        {
            "trade_id": "d0c1dad2-1577-473d-ae24-10045bb33629",
            "ticker": "HIGHMIA-24MAR25-B78.5",
            "count": 224,
            "created_time": "2024-03-25T19:29:20.936211Z",
            "yes_price": 1,
            "no_price": 99,
            "taker_side": "yes"
        },
        {
            "trade_id": "9633960b-341a-4652-8c76-383e9bc936fd",
            "ticker": "HIGHMIA-24MAR25-B78.5",
            "count": 500,
            "created_time": "2024-03-25T19:17:06.123233Z",
            "yes_price": 1,
            "no_price": 99,
            "taker_side": "yes"
        },
        {
            "trade_id": "401f02d6-2374-478b-9a91-1a14581b3a91",
            "ticker": "HIGHMIA-24MAR25-B78.5",
            "count": 500,
            "created_time": "2024-03-25T19:16:29.677357Z",
            "yes_price": 1,
            "no_price": 99,
            "taker_side": "yes"
        },
        {
            "trade_id": "4e1da328-fe18-439e-94f8-ae817b615a14",
            "ticker": "HIGHMIA-24MAR25-B78.5",
            "count": 1,
            "created_time": "2024-03-25T18:32:06.52966Z",
            "yes_price": 1,
            "no_price": 99,
            "taker_side": "yes"
        },
        {
            "trade_id": "af43b708-1479-46b6-b6b2-89d5fca76b62",
            "ticker": "HIGHMIA-24MAR25-B78.5",
            "count": 100,
            "created_time": "2024-03-25T18:08:36.828882Z",
            "yes_price": 1,
            "no_price": 99,
            "taker_side": "yes"
        },
        {
            "trade_id": "0f776486-ba29-4489-ba7b-09482f68b6d7",
            "ticker": "HIGHMIA-24MAR25-B78.5",
            "count": 19,
            "created_time": "2024-03-25T18:07:59.509558Z",
            "yes_price": 1,
            "no_price": 99,
            "taker_side": "yes"
        },
        {
            "trade_id": "9275c36f-553c-473f-88d1-9c59712f9056",
            "ticker": "HIGHMIA-24MAR25-B78.5",
            "count": 6,
            "created_time": "2024-03-25T16:47:00.768994Z",
            "yes_price": 30,
            "no_price": 70,
            "taker_side": "yes"
        },
        {
            "trade_id": "0c8f4a78-1d85-4510-8169-df9ce896b004",
            "ticker": "HIGHMIA-24MAR25-B78.5",
            "count": 3,
            "created_time": "2024-03-25T16:36:38.681158Z",
            "yes_price": 30,
            "no_price": 70,
            "taker_side": "yes"
        },
        {
            "trade_id": "1816bff8-a12e-492d-9d83-b06f405e43aa",
            "ticker": "HIGHMIA-24MAR25-B78.5",
            "count": 12,
            "created_time": "2024-03-25T15:20:58.854093Z",
            "yes_price": 30,
            "no_price": 70,
            "taker_side": "yes"
        },
        {
            "trade_id": "e0eb672d-301f-42fa-89d5-a9c93fb0606d",
            "ticker": "HIGHMIA-24MAR25-B78.5",
            "count": 150,
            "created_time": "2024-03-25T14:54:43.87122Z",
            "yes_price": 14,
            "no_price": 86,
            "taker_side": "no"
        },
        {
            "trade_id": "37db65f8-fdb5-43a0-8be6-9180d49a0654",
            "ticker": "HIGHMIA-24MAR25-B78.5",
            "count": 12,
            "created_time": "2024-03-25T14:40:39.116899Z",
            "yes_price": 20,
            "no_price": 80,
            "taker_side": "yes"
        },
        {
            "trade_id": "dbd2f954-9b7d-4918-ad2e-5d8c8dab4a7a",
            "ticker": "HIGHMIA-24MAR25-B78.5",
            "count": 15,
            "created_time": "2024-03-25T14:36:31.033166Z",
            "yes_price": 20,
            "no_price": 80,
            "taker_side": "yes"
        },
        {
            "trade_id": "a03b68e3-dfe4-480c-a256-40427a0911f7",
            "ticker": "HIGHMIA-24MAR25-B78.5",
            "count": 18,
            "created_time": "2024-03-25T14:20:29.784517Z",
            "yes_price": 20,
            "no_price": 80,
            "taker_side": "yes"
        },
        {
            "trade_id": "3cfd1601-52fe-44d3-8ba5-9f9879a2adca",
            "ticker": "HIGHMIA-24MAR25-B78.5",
            "count": 17,
            "created_time": "2024-03-25T14:13:24.809725Z",
            "yes_price": 20,
            "no_price": 80,
            "taker_side": "no"
        },
        {
            "trade_id": "34278497-fddb-4278-b1f7-15fcca14172d",
            "ticker": "HIGHMIA-24MAR25-B78.5",
            "count": 20,
            "created_time": "2024-03-25T14:10:55.982843Z",
            "yes_price": 25,
            "no_price": 75,
            "taker_side": "yes"
        },
        {
            "trade_id": "225fcc41-f9a3-4737-b185-82986ecd6dbc",
            "ticker": "HIGHMIA-24MAR25-B78.5",
            "count": 20,
            "created_time": "2024-03-25T14:03:35.280231Z",
            "yes_price": 23,
            "no_price": 77,
            "taker_side": "yes"
        },
        {
            "trade_id": "ab09c6ec-f467-428e-be13-5cd09c4ca081",
            "ticker": "HIGHMIA-24MAR25-B78.5",
            "count": 9,
            "created_time": "2024-03-25T13:46:05.614794Z",
            "yes_price": 15,
            "no_price": 85,
            "taker_side": "no"
        },
        {
            "trade_id": "80fb8a87-6eb3-48d3-9b44-b4d6b8a17745",
            "ticker": "HIGHMIA-24MAR25-B78.5",
            "count": 35,
            "created_time": "2024-03-25T13:46:05.614794Z",
            "yes_price": 17,
            "no_price": 83,
            "taker_side": "no"
        },
        {
            "trade_id": "e0b031b7-16bc-4bcd-8951-d482bdd8eadb",
            "ticker": "HIGHMIA-24MAR25-B78.5",
            "count": 13,
            "created_time": "2024-03-25T13:45:49.001659Z",
            "yes_price": 18,
            "no_price": 82,
            "taker_side": "no"
        },
        {
            "trade_id": "c661b8fd-66e3-4cf2-a021-29010edd79bd",
            "ticker": "HIGHMIA-24MAR25-B78.5",
            "count": 5,
            "created_time": "2024-03-25T13:41:36.058359Z",
            "yes_price": 17,
            "no_price": 83,
            "taker_side": "no"
        },
        {
            "trade_id": "091327dd-2419-4ab0-9cf7-9a0b06945cfd",
            "ticker": "HIGHMIA-24MAR25-B78.5",
            "count": 146,
            "created_time": "2024-03-25T13:41:36.058359Z",
            "yes_price": 17,
            "no_price": 83,
            "taker_side": "no"
        },
        {
            "trade_id": "9d776aff-627b-40ca-b90a-f65147ac25ae",
            "ticker": "HIGHMIA-24MAR25-B78.5",
            "count": 78,
            "created_time": "2024-03-25T12:34:34.9444Z",
            "yes_price": 15,
            "no_price": 85,
            "taker_side": "yes"
        },
        {
            "trade_id": "948554b8-24ea-473b-8f94-dc9f583aa6ab",
            "ticker": "HIGHMIA-24MAR25-B78.5",
            "count": 12,
            "created_time": "2024-03-25T12:34:34.9444Z",
            "yes_price": 17,
            "no_price": 83,
            "taker_side": "yes"
        },
        {
            "trade_id": "5096173e-db79-41d5-a348-b071fc424ec2",
            "ticker": "HIGHMIA-24MAR25-B78.5",
            "count": 32,
            "created_time": "2024-03-25T12:34:34.9444Z",
            "yes_price": 20,
            "no_price": 80,
            "taker_side": "yes"
        },
        {
            "trade_id": "3cfe5e87-970f-455a-9185-cd03d28410d9",
            "ticker": "HIGHMIA-24MAR25-B78.5",
            "count": 32,
            "created_time": "2024-03-25T12:34:34.9444Z",
            "yes_price": 19,
            "no_price": 81,
            "taker_side": "yes"
        },
        {
            "trade_id": "e361b061-3400-42a6-8196-0f8a81b15f42",
            "ticker": "HIGHMIA-24MAR25-B78.5",
            "count": 3,
            "created_time": "2024-03-25T03:58:57.12202Z",
            "yes_price": 27,
            "no_price": 73,
            "taker_side": "yes"
        },
        {
            "trade_id": "a2a639fb-cc00-466a-a4d7-210fdf84a0d3",
            "ticker": "HIGHMIA-24MAR25-B78.5",
            "count": 23,
            "created_time": "2024-03-25T03:56:39.001947Z",
            "yes_price": 19,
            "no_price": 81,
            "taker_side": "no"
        },
        {
            "trade_id": "4f8e635b-9dff-4a22-8fae-7980eb8f65d0",
            "ticker": "HIGHMIA-24MAR25-B78.5",
            "count": 7,
            "created_time": "2024-03-25T03:51:49.447505Z",
            "yes_price": 25,
            "no_price": 75,
            "taker_side": "yes"
        },
        {
            "trade_id": "c245d145-4c77-4f3d-8faf-8e28712bd4b9",
            "ticker": "HIGHMIA-24MAR25-B78.5",
            "count": 21,
            "created_time": "2024-03-25T00:07:15.225039Z",
            "yes_price": 22,
            "no_price": 78,
            "taker_side": "no"
        },
        {
            "trade_id": "acc01a7d-a957-484f-ad7a-4de2aecc4c22",
            "ticker": "HIGHMIA-24MAR25-B78.5",
            "count": 12,
            "created_time": "2024-03-25T00:07:15.225039Z",
            "yes_price": 24,
            "no_price": 76,
            "taker_side": "no"
        },
        {
            "trade_id": "586c0688-a4b6-4427-b2fc-2dcadeb71f01",
            "ticker": "HIGHMIA-24MAR25-B78.5",
            "count": 200,
            "created_time": "2024-03-25T00:07:15.225039Z",
            "yes_price": 21,
            "no_price": 79,
            "taker_side": "no"
        },
        {
            "trade_id": "30f40ccf-acae-4914-95d4-2e781a2c7794",
            "ticker": "HIGHMIA-24MAR25-B78.5",
            "count": 40,
            "created_time": "2024-03-25T00:07:15.225039Z",
            "yes_price": 23,
            "no_price": 77,
            "taker_side": "no"
        },
        {
            "trade_id": "d45e3fb6-3d69-46d7-b1fb-ecdcfd1ff3df",
            "ticker": "HIGHMIA-24MAR25-B78.5",
            "count": 19,
            "created_time": "2024-03-25T00:05:57.73352Z",
            "yes_price": 32,
            "no_price": 68,
            "taker_side": "no"
        },
        {
            "trade_id": "2de56d3b-6dbc-45e5-b556-5ed765c6c1f4",
            "ticker": "HIGHMIA-24MAR25-B78.5",
            "count": 66,
            "created_time": "2024-03-25T00:05:57.73352Z",
            "yes_price": 28,
            "no_price": 72,
            "taker_side": "no"
        },
        {
            "trade_id": "2382bcb9-35f4-4c36-9dfd-70d851e74b01",
            "ticker": "HIGHMIA-24MAR25-B78.5",
            "count": 20,
            "created_time": "2024-03-25T00:05:57.73352Z",
            "yes_price": 35,
            "no_price": 65,
            "taker_side": "no"
        },
        {
            "trade_id": "164afed4-93eb-4313-9da0-e9094126ceb4",
            "ticker": "HIGHMIA-24MAR25-B78.5",
            "count": 65,
            "created_time": "2024-03-25T00:05:57.73352Z",
            "yes_price": 30,
            "no_price": 70,
            "taker_side": "no"
        },
        {
            "trade_id": "708b4170-4dcf-4386-b70a-a2712977d9e2",
            "ticker": "HIGHMIA-24MAR25-B78.5",
            "count": 33,
            "created_time": "2024-03-24T23:19:52.482447Z",
            "yes_price": 38,
            "no_price": 62,
            "taker_side": "yes"
        },
        {
            "trade_id": "bb8bfdbe-a393-4dee-ba49-7fa31f92162d",
            "ticker": "HIGHMIA-24MAR25-B78.5",
            "count": 33,
            "created_time": "2024-03-24T22:19:28.497684Z",
            "yes_price": 37,
            "no_price": 63,
            "taker_side": "no"
        },
        {
            "trade_id": "fef557fb-26a2-41da-b13e-21d3b85370f2",
            "ticker": "HIGHMIA-24MAR25-B78.5",
            "count": 33,
            "created_time": "2024-03-24T22:19:25.764717Z",
            "yes_price": 36,
            "no_price": 64,
            "taker_side": "yes"
        },
        {
            "trade_id": "b9a9f222-a817-468b-9eb8-898e70865786",
            "ticker": "HIGHMIA-24MAR25-B78.5",
            "count": 26,
            "created_time": "2024-03-24T22:19:17.303911Z",
            "yes_price": 35,
            "no_price": 65,
            "taker_side": "yes"
        },
        {
            "trade_id": "f04aa472-034b-4607-b5c2-8e7e0e639bdd",
            "ticker": "HIGHMIA-24MAR25-B78.5",
            "count": 26,
            "created_time": "2024-03-24T22:18:25.846868Z",
            "yes_price": 34,
            "no_price": 66,
            "taker_side": "yes"
        },
        {
            "trade_id": "d20128b4-f246-4897-927b-956db42c707d",
            "ticker": "HIGHMIA-24MAR25-B78.5",
            "count": 22,
            "created_time": "2024-03-24T18:31:19.792252Z",
            "yes_price": 32,
            "no_price": 68,
            "taker_side": "yes"
        },
        {
            "trade_id": "658ce366-d9ca-4069-9a30-3605fbd91014",
            "ticker": "HIGHMIA-24MAR25-B78.5",
            "count": 13,
            "created_time": "2024-03-24T16:40:19.153344Z",
            "yes_price": 24,
            "no_price": 76,
            "taker_side": "no"
        },
        {
            "trade_id": "8e1edff3-d2bd-412b-baf4-8eccf160cf17",
            "ticker": "HIGHMIA-24MAR25-B78.5",
            "count": 68,
            "created_time": "2024-03-24T16:39:56.139345Z",
            "yes_price": 24,
            "no_price": 76,
            "taker_side": "no"
        },
        {
            "trade_id": "67158874-b18f-40d6-928d-48fbcaa50a57",
            "ticker": "HIGHMIA-24MAR25-B78.5",
            "count": 20,
            "created_time": "2024-03-24T16:39:56.139345Z",
            "yes_price": 26,
            "no_price": 74,
            "taker_side": "no"
        },
        {
            "trade_id": "d972cfad-9476-4b24-af3a-d8098b816cec",
            "ticker": "HIGHMIA-24MAR25-B78.5",
            "count": 68,
            "created_time": "2024-03-24T16:39:21.49689Z",
            "yes_price": 25,
            "no_price": 75,
            "taker_side": "no"
        },
        {
            "trade_id": "c7a04300-1fa1-479e-ad73-61ef7fcceb59",
            "ticker": "HIGHMIA-24MAR25-B78.5",
            "count": 13,
            "created_time": "2024-03-24T16:39:21.49689Z",
            "yes_price": 27,
            "no_price": 73,
            "taker_side": "no"
        },
        {
            "trade_id": "817bcd92-ed4a-4806-8f40-93476b9b636c",
            "ticker": "HIGHMIA-24MAR25-B78.5",
            "count": 68,
            "created_time": "2024-03-24T16:39:10.344049Z",
            "yes_price": 28,
            "no_price": 72,
            "taker_side": "no"
        },
        {
            "trade_id": "49c9246d-e535-4ea2-b965-0a14c655058d",
            "ticker": "HIGHMIA-24MAR25-B78.5",
            "count": 13,
            "created_time": "2024-03-24T16:39:10.344049Z",
            "yes_price": 34,
            "no_price": 66,
            "taker_side": "no"
        },
        {
            "trade_id": "435b4f85-598c-4b0d-bcd7-8271cfbda6e4",
            "ticker": "HIGHMIA-24MAR25-B78.5",
            "count": 6,
            "created_time": "2024-03-24T16:39:10.344049Z",
            "yes_price": 31,
            "no_price": 69,
            "taker_side": "no"
        },
        {
            "trade_id": "282131f4-6b19-421e-b3b1-8a8009e84f47",
            "ticker": "HIGHMIA-24MAR25-B78.5",
            "count": 68,
            "created_time": "2024-03-24T16:39:10.344049Z",
            "yes_price": 27,
            "no_price": 73,
            "taker_side": "no"
        }
    ],
    "HIGHMIA-24MAR25-B80.5": [
        {
            "trade_id": "491f30ca-7515-4526-b16e-ac204089acb2",
            "ticker": "HIGHMIA-24MAR25-B80.5",
            "count": 10,
            "created_time": "2024-03-25T18:53:01.36178Z",
            "yes_price": 33,
            "no_price": 67,
            "taker_side": "no"
        },
        {
            "trade_id": "3e092b69-25c5-4a53-a6bd-de4b2bc12a42",
            "ticker": "HIGHMIA-24MAR25-B80.5",
            "count": 1,
            "created_time": "2024-03-25T18:32:50.601476Z",
            "yes_price": 33,
            "no_price": 67,
            "taker_side": "no"
        },
        {
            "trade_id": "8f855a28-cf81-4ac7-becd-eb716259f1d3",
            "ticker": "HIGHMIA-24MAR25-B80.5",
            "count": 40,
            "created_time": "2024-03-25T13:58:22.674714Z",
            "yes_price": 72,
            "no_price": 28,
            "taker_side": "yes"
        },
        {
            "trade_id": "14fd0774-328d-4b02-99e2-401cde47f665",
            "ticker": "HIGHMIA-24MAR25-B80.5",
            "count": 1,
            "created_time": "2024-03-25T13:58:22.674714Z",
            "yes_price": 72,
            "no_price": 28,
            "taker_side": "yes"
        },
        {
            "trade_id": "ff555547-dd30-462a-9ae6-f3348039626f",
            "ticker": "HIGHMIA-24MAR25-B80.5",
            "count": 32,
            "created_time": "2024-03-25T12:34:37.442643Z",
            "yes_price": 71,
            "no_price": 29,
            "taker_side": "no"
        },
        {
            "trade_id": "ca59054f-2661-4815-8793-2e1a1613ca74",
            "ticker": "HIGHMIA-24MAR25-B80.5",
            "count": 32,
            "created_time": "2024-03-25T12:34:37.442643Z",
            "yes_price": 73,
            "no_price": 27,
            "taker_side": "no"
        },
        {
            "trade_id": "d5cc655b-9c57-4f4e-91c0-4bc53781a6e1",
            "ticker": "HIGHMIA-24MAR25-B80.5",
            "count": 47,
            "created_time": "2024-03-25T03:56:57.958217Z",
            "yes_price": 62,
            "no_price": 38,
            "taker_side": "no"
        },
        {
            "trade_id": "50c674e7-0bc3-42ac-8e30-6926ccc1e9ab",
            "ticker": "HIGHMIA-24MAR25-B80.5",
            "count": 40,
            "created_time": "2024-03-25T03:56:57.958217Z",
            "yes_price": 62,
            "no_price": 38,
            "taker_side": "no"
        },
        {
            "trade_id": "e2bcd5a8-c744-4671-88ac-b8d431be89aa",
            "ticker": "HIGHMIA-24MAR25-B80.5",
            "count": 47,
            "created_time": "2024-03-25T03:56:52.0002Z",
            "yes_price": 64,
            "no_price": 36,
            "taker_side": "no"
        },
        {
            "trade_id": "87d456a4-b7b9-482f-8026-a0d67e3f01cf",
            "ticker": "HIGHMIA-24MAR25-B80.5",
            "count": 23,
            "created_time": "2024-03-25T03:56:39.010267Z",
            "yes_price": 67,
            "no_price": 33,
            "taker_side": "no"
        },
        {
            "trade_id": "ae7963ad-3c28-44eb-94e9-b512edc06fcd",
            "ticker": "HIGHMIA-24MAR25-B80.5",
            "count": 48,
            "created_time": "2024-03-25T02:25:46.960384Z",
            "yes_price": 74,
            "no_price": 26,
            "taker_side": "yes"
        },
        {
            "trade_id": "9ccacb33-3d63-408f-a4fe-7bed79b126f2",
            "ticker": "HIGHMIA-24MAR25-B80.5",
            "count": 5,
            "created_time": "2024-03-25T02:25:46.960384Z",
            "yes_price": 72,
            "no_price": 28,
            "taker_side": "yes"
        },
        {
            "trade_id": "63f9a730-a3d4-42c3-abbb-3542963fc15d",
            "ticker": "HIGHMIA-24MAR25-B80.5",
            "count": 64,
            "created_time": "2024-03-25T00:06:06.602031Z",
            "yes_price": 66,
            "no_price": 34,
            "taker_side": "yes"
        },
        {
            "trade_id": "3331c886-f8eb-49be-a3ea-3a8f3221bc77",
            "ticker": "HIGHMIA-24MAR25-B80.5",
            "count": 64,
            "created_time": "2024-03-25T00:06:06.602031Z",
            "yes_price": 64,
            "no_price": 36,
            "taker_side": "yes"
        },
        {
            "trade_id": "325574f0-60aa-4e6e-90be-7b8f8e1c2264",
            "ticker": "HIGHMIA-24MAR25-B80.5",
            "count": 33,
            "created_time": "2024-03-25T00:06:06.602031Z",
            "yes_price": 66,
            "no_price": 34,
            "taker_side": "yes"
        },
        {
            "trade_id": "11721219-379c-49aa-88a3-43ce4b966130",
            "ticker": "HIGHMIA-24MAR25-B80.5",
            "count": 12,
            "created_time": "2024-03-25T00:06:06.602031Z",
            "yes_price": 62,
            "no_price": 38,
            "taker_side": "yes"
        },
        {
            "trade_id": "d67494f4-cec3-4b84-a8bb-1fbc3c4a8cfc",
            "ticker": "HIGHMIA-24MAR25-B80.5",
            "count": 68,
            "created_time": "2024-03-24T16:40:34.438901Z",
            "yes_price": 65,
            "no_price": 35,
            "taker_side": "yes"
        },
        {
            "trade_id": "3aa94b82-edc9-40f8-bd50-f6f7e1e88a37",
            "ticker": "HIGHMIA-24MAR25-B80.5",
            "count": 27,
            "created_time": "2024-03-24T16:40:34.438901Z",
            "yes_price": 63,
            "no_price": 37,
            "taker_side": "yes"
        },
        {
            "trade_id": "f33a8216-da68-4732-9099-d3190b6ba425",
            "ticker": "HIGHMIA-24MAR25-B80.5",
            "count": 68,
            "created_time": "2024-03-24T16:40:06.032866Z",
            "yes_price": 63,
            "no_price": 37,
            "taker_side": "yes"
        },
        {
            "trade_id": "ced943aa-ac46-404c-bdec-f0cd8357c6f2",
            "ticker": "HIGHMIA-24MAR25-B80.5",
            "count": 68,
            "created_time": "2024-03-24T16:40:06.032866Z",
            "yes_price": 60,
            "no_price": 40,
            "taker_side": "yes"
        },
        {
            "trade_id": "5be1f247-f838-41a2-8e11-8f293fb409e3",
            "ticker": "HIGHMIA-24MAR25-B80.5",
            "count": 27,
            "created_time": "2024-03-24T16:40:06.032866Z",
            "yes_price": 58,
            "no_price": 42,
            "taker_side": "yes"
        },
        {
            "trade_id": "10431449-b15f-4529-be8e-32efc857adee",
            "ticker": "HIGHMIA-24MAR25-B80.5",
            "count": 19,
            "created_time": "2024-03-24T16:39:44.158771Z",
            "yes_price": 53,
            "no_price": 47,
            "taker_side": "yes"
        }
    ],
    "HIGHMIA-24MAR25-T81": [
        {
            "trade_id": "b2f7b76d-a28d-43a4-9725-9e4482709c96",
            "ticker": "HIGHMIA-24MAR25-T81",
            "count": 11,
            "created_time": "2024-03-25T21:53:22.297498Z",
            "yes_price": 1,
            "no_price": 99,
            "taker_side": "no"
        },
        {
            "trade_id": "3c49a3ca-d57d-4122-a37e-225196c16073",
            "ticker": "HIGHMIA-24MAR25-T81",
            "count": 10,
            "created_time": "2024-03-25T21:38:23.556964Z",
            "yes_price": 99,
            "no_price": 1,
            "taker_side": "yes"
        },
        {
            "trade_id": "6d5225fa-c741-4b5d-b5c9-f11058c173dc",
            "ticker": "HIGHMIA-24MAR25-T81",
            "count": 1,
            "created_time": "2024-03-25T17:18:37.899571Z",
            "yes_price": 98,
            "no_price": 2,
            "taker_side": "yes"
        },
        {
            "trade_id": "844ab50d-4b4e-4d82-97f4-c3e12f65bb36",
            "ticker": "HIGHMIA-24MAR25-T81",
            "count": 23,
            "created_time": "2024-03-25T03:56:38.94261Z",
            "yes_price": 16,
            "no_price": 84,
            "taker_side": "yes"
        },
        {
            "trade_id": "179a8862-e1a6-4810-bf38-30faf76e4a9d",
            "ticker": "HIGHMIA-24MAR25-T81",
            "count": 33,
            "created_time": "2024-03-25T03:56:38.94261Z",
            "yes_price": 16,
            "no_price": 84,
            "taker_side": "yes"
        },
        {
            "trade_id": "b5e183a1-c8d3-405f-a7f0-e1bd72fe2f4d",
            "ticker": "HIGHMIA-24MAR25-T81",
            "count": 68,
            "created_time": "2024-03-24T16:39:41.113199Z",
            "yes_price": 9,
            "no_price": 91,
            "taker_side": "no"
        },
        {
            "trade_id": "a52bb3c6-ab5a-454b-837a-c5c6ffcd500d",
            "ticker": "HIGHMIA-24MAR25-T81",
            "count": 68,
            "created_time": "2024-03-24T16:39:41.113199Z",
            "yes_price": 11,
            "no_price": 89,
            "taker_side": "no"
        },
        {
            "trade_id": "588a83de-2c10-424a-bbff-ea6beff20961",
            "ticker": "HIGHMIA-24MAR25-T81",
            "count": 68,
            "created_time": "2024-03-24T16:39:41.113199Z",
            "yes_price": 10,
            "no_price": 90,
            "taker_side": "no"
        }
    ]
}