{
    "HIGHMIA-24OCT07-T79": [
        {
            "trade_id": "66c7808a-6472-408e-955e-e009b76119f1",
            "ticker": "HIGHMIA-24OCT07-T79",
            "count": 235,
            "created_time": "2024-10-07T22:40:15.667193Z",
            "yes_price": 1,
            "no_price": 99,
            "taker_side": "yes"
        },
        {
            "trade_id": "5452e8e6-a197-4a06-b681-3a1d380ac407",
            "ticker": "HIGHMIA-24OCT07-T79",
            "count": 44,
            "created_time": "2024-10-07T22:40:15.667193Z",
            "yes_price": 1,
            "no_price": 99,
            "taker_side": "yes"
        },
        {
            "trade_id": "cbb9d07d-4ef6-488d-8917-5135a3e2000c",
            "ticker": "HIGHMIA-24OCT07-T79",
            "count": 300,
            "created_time": "2024-10-07T14:55:52.606331Z",
            "yes_price": 1,
            "no_price": 99,
            "taker_side": "no"
        },
        {
            "trade_id": "d8700ab4-842e-4549-8aa6-600f97cc2e67",
            "ticker": "HIGHMIA-24OCT07-T79",
            "count": 16,
            "created_time": "2024-10-07T14:41:57.467917Z",
            "yes_price": 4,
            "no_price": 96,
            "taker_side": "yes"
        },
        {
            "trade_id": "6f4fa2c3-7600-4d19-b2e4-4d754a0068d9",
            "ticker": "HIGHMIA-24OCT07-T79",
            "count": 300,
            "created_time": "2024-10-07T14:41:57.467917Z",
            "yes_price": 5,
            "no_price": 95,
            "taker_side": "yes"
        },
        {
            "trade_id": "7e3d974b-2777-41c5-be71-85bd8d281923",
            "ticker": "HIGHMIA-24OCT07-T79",
            "count": 50,
            "created_time": "2024-10-06T14:21:28.512359Z",
            "yes_price": 1,
            "no_price": 99,
            "taker_side": "no"
        }
    ],
    "HIGHMIA-24OCT07-B79.5": [
        {
            "trade_id": "a4cddf54-c087-4ce4-b8a1-7f78f18bf3c5",
            "ticker": "HIGHMIA-24OCT07-B79.5",
            "count": 449,
            "created_time": "2024-10-07T15:03:56.3979Z",
            "yes_price": 3,
            "no_price": 97,
            "taker_side": "no"
        },
        {
            "trade_id": "349b26a4-cdee-4437-bf6c-59a76b5fb52b",
            "ticker": "HIGHMIA-24OCT07-B79.5",
            "count": 50,
            "created_time": "2024-10-07T15:03:56.3979Z",
            "yes_price": 1,
            "no_price": 99,
            "taker_side": "no"
        },
        {
            "trade_id": "37ce7f34-292b-49e1-9a7d-7f3e44212aee",
            "ticker": "HIGHMIA-24OCT07-B79.5",
            "count": 51,
            "created_time": "2024-10-07T14:52:15.968669Z",
            "yes_price": 3,
            "no_price": 97,
            "taker_side": "no"
        },
        {
            "trade_id": "e51ce001-4288-4cd3-a1c7-6465c5b86693",
            "ticker": "HIGHMIA-24OCT07-B79.5",
            "count": 2,
            "created_time": "2024-10-07T14:42:55.97857Z",
            "yes_price": 29,
            "no_price": 71,
            "taker_side": "yes"
        },
        {
            "trade_id": "1a11f183-ffd6-43f9-8d08-5e1fed12abe1",
            "ticker": "HIGHMIA-24OCT07-B79.5",
            "count": 110,
            "created_time": "2024-10-07T14:42:55.97857Z",
            "yes_price": 30,
            "no_price": 70,
            "taker_side": "yes"
        },
        {
            "trade_id": "e9711e34-b48e-4130-9479-53292aaf1dfc",
            "ticker": "HIGHMIA-24OCT07-B79.5",
            "count": 155,
            "created_time": "2024-10-07T14:42:31.653516Z",
            "yes_price": 25,
            "no_price": 75,
            "taker_side": "yes"
        },
        {
            "trade_id": "c3eaa459-60fb-481b-8146-ac5f58baf179",
            "ticker": "HIGHMIA-24OCT07-B79.5",
            "count": 72,
            "created_time": "2024-10-07T12:45:30.779113Z",
            "yes_price": 16,
            "no_price": 84,
            "taker_side": "yes"
        },
        {
            "trade_id": "1a4e27a7-031c-437e-b5d4-750b9b6ba996",
            "ticker": "HIGHMIA-24OCT07-B79.5",
            "count": 180,
            "created_time": "2024-10-07T12:45:30.779113Z",
            "yes_price": 17,
            "no_price": 83,
            "taker_side": "yes"
        },
        {
            "trade_id": "0a301847-204d-4ff1-96fd-525df6e1b0dd",
            "ticker": "HIGHMIA-24OCT07-B79.5",
            "count": 180,
            "created_time": "2024-10-07T12:45:30.779113Z",
            "yes_price": 18,
            "no_price": 82,
            "taker_side": "yes"
        },
        {
            "trade_id": "7d495224-dcf9-431f-ad97-8c735d5235b2",
            "ticker": "HIGHMIA-24OCT07-B79.5",
            "count": 2,
            "created_time": "2024-10-07T03:44:24.480264Z",
            "yes_price": 10,
            "no_price": 90,
            "taker_side": "no"
        },
        {
            "trade_id": "fa21b833-da49-45c6-8d49-32039d251f5c",
            "ticker": "HIGHMIA-24OCT07-B79.5",
            "count": 180,
            "created_time": "2024-10-07T02:43:43.978797Z",
            "yes_price": 18,
            "no_price": 82,
            "taker_side": "yes"
        },
        {
            "trade_id": "7fdf8c71-c358-4dde-825b-e5c15e84e427",
            "ticker": "HIGHMIA-24OCT07-B79.5",
            "count": 72,
            "created_time": "2024-10-07T02:43:43.978797Z",
            "yes_price": 17,
            "no_price": 83,
            "taker_side": "yes"
        },
        {
            "trade_id": "39be88f7-0bdd-42f1-971d-2c616be66dfa",
            "ticker": "HIGHMIA-24OCT07-B79.5",
            "count": 13,
            "created_time": "2024-10-07T02:43:43.978797Z",
            "yes_price": 19,
            "no_price": 81,
            "taker_side": "yes"
        },
        {
            "trade_id": "d6c0942e-a74b-4a1d-973b-e02a0569a429",
            "ticker": "HIGHMIA-24OCT07-B79.5",
            "count": 180,
            "created_time": "2024-10-06T23:41:01.762639Z",
            "yes_price": 15,
            "no_price": 85,
            "taker_side": "yes"
        },
        {
            "trade_id": "a6c7dd56-9e3c-4986-8cbe-5dc0dcdc043e",
            "ticker": "HIGHMIA-24OCT07-B79.5",
            "count": 126,
            "created_time": "2024-10-06T23:41:01.762639Z",
            "yes_price": 13,
            "no_price": 87,
            "taker_side": "yes"
        },
        {
            "trade_id": "0f5c8782-47c8-4b0f-9f8c-bbd7efe357be",
            "ticker": "HIGHMIA-24OCT07-B79.5",
            "count": 11,
            "created_time": "2024-10-06T23:41:01.762639Z",
            "yes_price": 14,
            "no_price": 86,
            "taker_side": "yes"
        },
        {
            "trade_id": "0aea3ed1-4100-41dd-8168-87828c5850a0",
            "ticker": "HIGHMIA-24OCT07-B79.5",
            "count": 180,
            "created_time": "2024-10-06T23:41:01.762639Z",
            "yes_price": 14,
            "no_price": 86,
            "taker_side": "yes"
        }
    ],
    "HIGHMIA-24OCT07-B81.5": [
        {
            "trade_id": "bc3dfac8-ccfc-4ccc-9395-ba0b59f6c67b",
            "ticker": "HIGHMIA-24OCT07-B81.5",
            "count": 45,
            "created_time": "2024-10-08T02:42:44.302059Z",
            "yes_price": 1,
            "no_price": 99,
            "taker_side": "yes"
        },
        {
            "trade_id": "b5be1382-23c5-4b96-984a-360495c25f35",
            "ticker": "HIGHMIA-24OCT07-B81.5",
            "count": 50,
            "created_time": "2024-10-07T20:24:13.580914Z",
            "yes_price": 1,
            "no_price": 99,
            "taker_side": "no"
        },
        {
            "trade_id": "475d2f8c-017a-4812-941e-6302f15c048c",
            "ticker": "HIGHMIA-24OCT07-B81.5",
            "count": 18,
            "created_time": "2024-10-07T20:12:17.231973Z",
            "yes_price": 5,
            "no_price": 95,
            "taker_side": "no"
        },
        {
            "trade_id": "427429b9-0526-46ee-a7eb-0ae056853e79",
            "ticker": "HIGHMIA-24OCT07-B81.5",
            "count": 12,
            "created_time": "2024-10-07T20:12:17.231973Z",
            "yes_price": 6,
            "no_price": 94,
            "taker_side": "no"
        },
        {
            "trade_id": "047603b3-ffeb-402b-ab98-3e72dadab83d",
            "ticker": "HIGHMIA-24OCT07-B81.5",
            "count": 168,
            "created_time": "2024-10-07T20:12:17.231973Z",
            "yes_price": 4,
            "no_price": 96,
            "taker_side": "no"
        },
        {
            "trade_id": "5a213514-6ad7-4b72-aba1-a37ce4b3499a",
            "ticker": "HIGHMIA-24OCT07-B81.5",
            "count": 3,
            "created_time": "2024-10-07T15:21:51.972764Z",
            "yes_price": 4,
            "no_price": 96,
            "taker_side": "no"
        },
        {
            "trade_id": "2f6e47e2-1583-49ee-aef3-4d2aca34003e",
            "ticker": "HIGHMIA-24OCT07-B81.5",
            "count": 45,
            "created_time": "2024-10-07T15:06:39.417926Z",
            "yes_price": 3,
            "no_price": 97,
            "taker_side": "no"
        },
        {
            "trade_id": "b06926c6-65d9-4b4f-97a8-611b859998ef",
            "ticker": "HIGHMIA-24OCT07-B81.5",
            "count": 16,
            "created_time": "2024-10-07T15:05:04.610298Z",
            "yes_price": 3,
            "no_price": 97,
            "taker_side": "no"
        },
        {
            "trade_id": "1913fc91-6739-4090-b5de-8f1a31c0df93",
            "ticker": "HIGHMIA-24OCT07-B81.5",
            "count": 2,
            "created_time": "2024-10-07T14:40:04.316733Z",
            "yes_price": 84,
            "no_price": 16,
            "taker_side": "yes"
        },
        {
            "trade_id": "4893ad7a-8eaa-45f8-8c96-fefa2d80bf6e",
            "ticker": "HIGHMIA-24OCT07-B81.5",
            "count": 4,
            "created_time": "2024-10-06T23:36:44.769741Z",
            "yes_price": 47,
            "no_price": 53,
            "taker_side": "yes"
        },
        {
            "trade_id": "85e50b63-533e-4a54-a412-28250a19067e",
            "ticker": "HIGHMIA-24OCT07-B81.5",
            "count": 72,
            "created_time": "2024-10-06T23:36:34.588331Z",
            "yes_price": 47,
            "no_price": 53,
            "taker_side": "yes"
        },
        {
            "trade_id": "ccbe4142-28b3-42d7-b92b-b5bdf82678ab",
            "ticker": "HIGHMIA-24OCT07-B81.5",
            "count": 18,
            "created_time": "2024-10-06T23:36:27.328642Z",
            "yes_price": 47,
            "no_price": 53,
            "taker_side": "yes"
        },
        {
            "trade_id": "b902641d-e08f-4677-90fe-879fa8ce9243",
            "ticker": "HIGHMIA-24OCT07-B81.5",
            "count": 180,
            "created_time": "2024-10-06T20:23:04.365347Z",
            "yes_price": 35,
            "no_price": 65,
            "taker_side": "yes"
        },
        {
            "trade_id": "63825ce5-6373-4d74-b730-41ef21c1fc51",
            "ticker": "HIGHMIA-24OCT07-B81.5",
            "count": 90,
            "created_time": "2024-10-06T20:22:50.71351Z",
            "yes_price": 31,
            "no_price": 69,
            "taker_side": "yes"
        },
        {
            "trade_id": "561c5874-49bf-4e96-866f-15f4bbf1854d",
            "ticker": "HIGHMIA-24OCT07-B81.5",
            "count": 180,
            "created_time": "2024-10-06T20:22:50.71351Z",
            "yes_price": 33,
            "no_price": 67,
            "taker_side": "yes"
        },
        {
            "trade_id": "0cd4ee11-c3d0-4150-8ffb-7592b3a3b9ba",
            "ticker": "HIGHMIA-24OCT07-B81.5",
            "count": 74,
            "created_time": "2024-10-06T20:22:50.71351Z",
            "yes_price": 32,
            "no_price": 68,
            "taker_side": "yes"
        },
        {
            "trade_id": "995f9fcc-e535-44ca-bcba-c44ffc008ea2",
            "ticker": "HIGHMIA-24OCT07-B81.5",
            "count": 11,
            "created_time": "2024-10-06T14:40:06.043017Z",
            "yes_price": 22,
            "no_price": 78,
            "taker_side": "no"
        }
    ],
    "HIGHMIA-24OCT07-B83.5": [
        {
            "trade_id": "22cd0b6b-9f2b-42cd-9eb2-739925414356",
            "ticker": "HIGHMIA-24OCT07-B83.5",
            "count": 50,
            "created_time": "2024-10-07T22:21:27.399055Z",
            "yes_price": 99,
            "no_price": 1,
            "taker_side": "yes"
        },
        {
            "trade_id": "acff97ac-4d31-4b5f-a6a5-a6ab3c6ea257",
            "ticker": "HIGHMIA-24OCT07-B83.5",
            "count": 23,
            "created_time": "2024-10-07T21:45:52.981874Z",
            "yes_price": 97,
            "no_price": 3,
            "taker_side": "yes"
        },
        {
            "trade_id": "1124bb9b-fa2f-4a40-88af-5aa65cc16f6f",
            "ticker": "HIGHMIA-24OCT07-B83.5",
            "count": 6,
            "created_time": "2024-10-07T21:45:49.389321Z",
            "yes_price": 96,
            "no_price": 4,
            "taker_side": "yes"
        },
        {
            "trade_id": "bfc6726d-674e-4af7-91c7-ea5e1cc70079",
            "ticker": "HIGHMIA-24OCT07-B83.5",
            "count": 14,
            "created_time": "2024-10-07T20:12:59.802079Z",
            "yes_price": 93,
            "no_price": 7,
            "taker_side": "yes"
        },
        {
            "trade_id": "9436186e-4218-4572-a2e5-59c9a8864b08",
            "ticker": "HIGHMIA-24OCT07-B83.5",
            "count": 149,
            "created_time": "2024-10-07T20:12:59.802079Z",
            "yes_price": 94,
            "no_price": 6,
            "taker_side": "yes"
        },
        {
            "trade_id": "e591f8b4-d840-47cf-83df-a50ba6adbf49",
            "ticker": "HIGHMIA-24OCT07-B83.5",
            "count": 2,
            "created_time": "2024-10-07T15:21:51.909049Z",
            "yes_price": 97,
            "no_price": 3,
            "taker_side": "yes"
        },
        {
            "trade_id": "d99bf1b5-e43a-4d7e-bfce-c6c9d44f85f9",
            "ticker": "HIGHMIA-24OCT07-B83.5",
            "count": 3,
            "created_time": "2024-10-07T15:21:51.909049Z",
            "yes_price": 96,
            "no_price": 4,
            "taker_side": "yes"
        },
        {
            "trade_id": "d77b4c48-dc6a-436d-a609-5bbe7d9e23b8",
            "ticker": "HIGHMIA-24OCT07-B83.5",
            "count": 2,
            "created_time": "2024-10-07T14:41:05.31916Z",
            "yes_price": 11,
            "no_price": 89,
            "taker_side": "no"
        },
        {
            "trade_id": "52e7b760-163e-479c-8036-554f067c3bd6",
            "ticker": "HIGHMIA-24OCT07-B83.5",
            "count": 3,
            "created_time": "2024-10-07T14:41:05.31916Z",
            "yes_price": 11,
            "no_price": 89,
            "taker_side": "no"
        },
        {
            "trade_id": "3720f3d8-a8ad-400a-9cb2-48267a2d3904",
            "ticker": "HIGHMIA-24OCT07-B83.5",
            "count": 54,
            "created_time": "2024-10-07T12:32:57.400115Z",
            "yes_price": 41,
            "no_price": 59,
            "taker_side": "no"
        },
        {
            "trade_id": "eaaa3c24-102c-4ce7-ab4f-1bbe81a79688",
            "ticker": "HIGHMIA-24OCT07-B83.5",
            "count": 12,
            "created_time": "2024-10-07T03:21:44.322155Z",
            "yes_price": 39,
            "no_price": 61,
            "taker_side": "yes"
        },
        {
            "trade_id": "fd1574f1-2f11-442d-8782-318b9c0827af",
            "ticker": "HIGHMIA-24OCT07-B83.5",
            "count": 124,
            "created_time": "2024-10-07T03:21:06.171478Z",
            "yes_price": 39,
            "no_price": 61,
            "taker_side": "yes"
        },
        {
            "trade_id": "f908efd5-a7e5-4e0e-88b7-f597da0cbbc8",
            "ticker": "HIGHMIA-24OCT07-B83.5",
            "count": 180,
            "created_time": "2024-10-07T03:21:06.171478Z",
            "yes_price": 37,
            "no_price": 63,
            "taker_side": "yes"
        },
        {
            "trade_id": "b0fba109-062e-4f81-b01a-14c03d23adb2",
            "ticker": "HIGHMIA-24OCT07-B83.5",
            "count": 54,
            "created_time": "2024-10-07T03:21:06.171478Z",
            "yes_price": 35,
            "no_price": 65,
            "taker_side": "yes"
        },
        {
            "trade_id": "fe1bcd37-e19f-4da8-82f3-2f7946debc0b",
            "ticker": "HIGHMIA-24OCT07-B83.5",
            "count": 90,
            "created_time": "2024-10-07T01:02:40.327121Z",
            "yes_price": 32,
            "no_price": 68,
            "taker_side": "yes"
        },
        {
            "trade_id": "cdb850a3-c85f-4f5d-bdc9-e78071ff5b21",
            "ticker": "HIGHMIA-24OCT07-B83.5",
            "count": 180,
            "created_time": "2024-10-07T01:00:30.995726Z",
            "yes_price": 31,
            "no_price": 69,
            "taker_side": "no"
        },
        {
            "trade_id": "9b01c20e-3021-4fce-88da-04a1d4dcf65a",
            "ticker": "HIGHMIA-24OCT07-B83.5",
            "count": 95,
            "created_time": "2024-10-07T01:00:30.980351Z",
            "yes_price": 33,
            "no_price": 67,
            "taker_side": "no"
        },
        {
            "trade_id": "18499f7c-5688-40fd-94f1-f98c5f2844e2",
            "ticker": "HIGHMIA-24OCT07-B83.5",
            "count": 85,
            "created_time": "2024-10-07T01:00:30.980351Z",
            "yes_price": 31,
            "no_price": 69,
            "taker_side": "no"
        },
        {
            "trade_id": "011d1b9a-cdd2-41d0-bb22-841ab731546d",
            "ticker": "HIGHMIA-24OCT07-B83.5",
            "count": 54,
            "created_time": "2024-10-07T01:00:30.96511Z",
            "yes_price": 33,
            "no_price": 67,
            "taker_side": "no"
        },
        {
            "trade_id": "3bca10c9-ee1d-4079-877e-f0a45468c9d6",
            "ticker": "HIGHMIA-24OCT07-B83.5",
            "count": 54,
            "created_time": "2024-10-06T23:38:01.665168Z",
            "yes_price": 35,
            "no_price": 65,
            "taker_side": "yes"
        },
        {
            "trade_id": "2df08323-b6c9-47e4-969e-da595233d9ef",
            "ticker": "HIGHMIA-24OCT07-B83.5",
            "count": 12,
            "created_time": "2024-10-06T21:30:31.945404Z",
            "yes_price": 40,
            "no_price": 60,
            "taker_side": "yes"
        },
        {
            "trade_id": "cf50f5f4-b346-4639-9d79-367178ac219e",
            "ticker": "HIGHMIA-24OCT07-B83.5",
            "count": 90,
            "created_time": "2024-10-06T20:22:55.68923Z",
            "yes_price": 47,
            "no_price": 53,
            "taker_side": "no"
        },
        {
            "trade_id": "c36f2824-66b7-45c0-961b-e14fefb53bbd",
            "ticker": "HIGHMIA-24OCT07-B83.5",
            "count": 180,
            "created_time": "2024-10-06T20:22:55.68923Z",
            "yes_price": 44,
            "no_price": 56,
            "taker_side": "no"
        },
        {
            "trade_id": "befeff5f-1db7-4a1d-841f-b22da278b48f",
            "ticker": "HIGHMIA-24OCT07-B83.5",
            "count": 180,
            "created_time": "2024-10-06T20:22:55.68923Z",
            "yes_price": 42,
            "no_price": 58,
            "taker_side": "no"
        },
        {
            "trade_id": "0e3b8a89-fa97-4cbe-8450-c86bb395fba4",
            "ticker": "HIGHMIA-24OCT07-B83.5",
            "count": 11,
            "created_time": "2024-10-06T14:40:06.409875Z",
            "yes_price": 48,
            "no_price": 52,
            "taker_side": "no"
        }
    ],
    "HIGHMIA-24OCT07-B85.5": [
        {
            "trade_id": "a34ab3b3-ff63-4721-9d3d-b1a8c23c64e9",
            "ticker": "HIGHMIA-24OCT07-B85.5",
            "count": 47,
            "created_time": "2024-10-07T22:21:32.291684Z",
            "yes_price": 1,
            "no_price": 99,
            "taker_side": "no"
        },
        {
            "trade_id": "69ee6b9b-3f4d-4b5c-929a-f3d7e3e996e4",
            "ticker": "HIGHMIA-24OCT07-B85.5",
            "count": 3,
            "created_time": "2024-10-07T15:21:51.966525Z",
            "yes_price": 1,
            "no_price": 99,
            "taker_side": "no"
        },
        {
            "trade_id": "6ad4db1d-1ea8-4ce5-b0c7-7a63b71a26f0",
            "ticker": "HIGHMIA-24OCT07-B85.5",
            "count": 50,
            "created_time": "2024-10-07T00:07:57.692145Z",
            "yes_price": 20,
            "no_price": 80,
            "taker_side": "yes"
        }
    ],
    "HIGHMIA-24OCT07-T86": [
        {
            "trade_id": "6393dcdd-7aef-4690-91ed-09fd5773810d",
            "ticker": "HIGHMIA-24OCT07-T86",
            "count": 47,
            "created_time": "2024-10-07T15:55:30.690577Z",
            "yes_price": 1,
            "no_price": 99,
            "taker_side": "no"
        },
        {
            "trade_id": "12de9e52-7c9f-4c91-acd1-f64585a6c6ab",
            "ticker": "HIGHMIA-24OCT07-T86",
            "count": 3,
            "created_time": "2024-10-07T15:21:51.998085Z",
            "yes_price": 1,
            "no_price": 99,
            "taker_side": "no"
        },
        {
            "trade_id": "f7871067-9d7c-4c52-a781-c086071e68f7",
            "ticker": "HIGHMIA-24OCT07-T86",
            "count": 11,
            "created_time": "2024-10-06T15:06:56.040707Z",
            "yes_price": 14,
            "no_price": 86,
            "taker_side": "yes"
        }
    ]
}