{
    "KXHIGHMIA-24NOV26-T77": [
        {
            "trade_id": "9a7cc36b-b570-473c-8416-5fedac20eb1e",
            "ticker": "KXHIGHMIA-24NOV26-T77",
            "count": 120,
            "created_time": "2024-11-25T15:13:46.86353Z",
            "yes_price": 1,
            "no_price": 99,
            "taker_side": "no"
        },
        {
            "trade_id": "9b613c61-bf31-4978-a1fb-670b89780b04",
            "ticker": "KXHIGHMIA-24NOV26-T77",
            "count": 120,
            "created_time": "2024-11-25T15:13:36.920154Z",
            "yes_price": 2,
            "no_price": 98,
            "taker_side": "no"
        }
    ],
    "KXHIGHMIA-24NOV26-B77.5": [
        {
            "trade_id": "77d90c03-ec13-42a8-9d1b-728097360df3",
            "ticker": "KXHIGHMIA-24NOV26-B77.5",
            "count": 800,
            "created_time": "2024-11-26T15:58:14.341221Z",
            "yes_price": 1,
            "no_price": 99,
            "taker_side": "yes"
        },
        {
            "trade_id": "2b3643f4-1af2-41b7-9608-8ef608cadf04",
            "ticker": "KXHIGHMIA-24NOV26-B77.5",
            "count": 200,
            "created_time": "2024-11-26T15:58:14.341221Z",
            "yes_price": 1,
            "no_price": 99,
            "taker_side": "yes"
        },
        {
            "trade_id": "f5db5865-34e6-4d87-8add-79751feaa16f",
            "ticker": "KXHIGHMIA-24NOV26-B77.5",
            "count": 24,
            "created_time": "2024-11-26T06:32:01.144626Z",
            "yes_price": 1,
            "no_price": 99,
            "taker_side": "no"
        },
        {
            "trade_id": "b8f3b7c0-ed49-40a1-b394-f3519db460c6",
            "ticker": "KXHIGHMIA-24NOV26-B77.5",
            "count": 2,
            "created_time": "2024-11-26T05:46:41.751737Z",
            "yes_price": 1,
            "no_price": 99,
            "taker_side": "no"
        },
        {
            "trade_id": "5f3fd63c-4288-4e3a-a471-2537dbdab355",
            "ticker": "KXHIGHMIA-24NOV26-B77.5",
            "count": 24,
            "created_time": "2024-11-26T05:11:20.654765Z",
            "yes_price": 1,
            "no_price": 99,
            "taker_side": "yes"
        },
        {
            "trade_id": "c3e1b8dc-a571-4958-bf92-3cf60efe4438",
            "ticker": "KXHIGHMIA-24NOV26-B77.5",
            "count": 20,
            "created_time": "2024-11-26T04:30:40.076964Z",
            "yes_price": 1,
            "no_price": 99,
            "taker_side": "no"
        },
        {
            "trade_id": "049784a8-af97-480f-9977-e19f67ec93ba",
            "ticker": "KXHIGHMIA-24NOV26-B77.5",
            "count": 100,
            "created_time": "2024-11-26T04:30:40.004217Z",
            "yes_price": 1,
            "no_price": 99,
            "taker_side": "no"
        },
        {
            "trade_id": "4da08046-36ef-4f59-a6f1-bc56aec83232",
            "ticker": "KXHIGHMIA-24NOV26-B77.5",
            "count": 22,
            "created_time": "2024-11-26T02:20:42.182471Z",
            "yes_price": 1,
            "no_price": 99,
            "taker_side": "no"
        },
        {
            "trade_id": "71d1c33d-f6c6-40b5-8c7f-4a534b7dc0ee",
            "ticker": "KXHIGHMIA-24NOV26-B77.5",
            "count": 21,
            "created_time": "2024-11-26T02:20:42.031441Z",
            "yes_price": 1,
            "no_price": 99,
            "taker_side": "no"
        },
        {
            "trade_id": "b95879a5-9c68-4e9d-af33-bbcbbcde8406",
            "ticker": "KXHIGHMIA-24NOV26-B77.5",
            "count": 21,
            "created_time": "2024-11-26T02:20:42.015819Z",
            "yes_price": 1,
            "no_price": 99,
            "taker_side": "no"
        },
        {
            "trade_id": "05df2d09-5ec2-4a9a-ae00-ad5615d83b2a",
            "ticker": "KXHIGHMIA-24NOV26-B77.5",
            "count": 36,
            "created_time": "2024-11-26T01:56:55.272855Z",
            "yes_price": 1,
            "no_price": 99,
            "taker_side": "no"
        },
        {
            "trade_id": "1b04a93c-2e5a-4daf-9b91-05d063d99016",
            "ticker": "KXHIGHMIA-24NOV26-B77.5",
            "count": 50,
            "created_time": "2024-11-26T01:39:51.738083Z",
            "yes_price": 1,
            "no_price": 99,
            "taker_side": "no"
        },
        {
            "trade_id": "399927df-67ad-4d9d-9dcf-c00885f20304",
            "ticker": "KXHIGHMIA-24NOV26-B77.5",
            "count": 12,
            "created_time": "2024-11-26T01:18:39.311717Z",
            "yes_price": 1,
            "no_price": 99,
            "taker_side": "no"
        },
        {
            "trade_id": "70101fe2-7bac-4cf8-984c-3e47e3a23292",
            "ticker": "KXHIGHMIA-24NOV26-B77.5",
            "count": 202,
            "created_time": "2024-11-26T00:23:41.256481Z",
            "yes_price": 1,
            "no_price": 99,
            "taker_side": "no"
        },
        {
            "trade_id": "a27a8cf4-3d46-4d77-9896-bc5240d2380c",
            "ticker": "KXHIGHMIA-24NOV26-B77.5",
            "count": 49,
            "created_time": "2024-11-25T23:56:45.641108Z",
            "yes_price": 1,
            "no_price": 99,
            "taker_side": "no"
        },
        {
            "trade_id": "447e0d99-3ab1-476c-abd6-a121db5e392d",
            "ticker": "KXHIGHMIA-24NOV26-B77.5",
            "count": 102,
            "created_time": "2024-11-25T23:56:45.641108Z",
            "yes_price": 1,
            "no_price": 99,
            "taker_side": "no"
        },
        {
            "trade_id": "4fb95c9d-cc86-4513-aea9-00934b8c22e3",
            "ticker": "KXHIGHMIA-24NOV26-B77.5",
            "count": 9,
            "created_time": "2024-11-25T21:52:43.45224Z",
            "yes_price": 1,
            "no_price": 99,
            "taker_side": "no"
        },
        {
            "trade_id": "94eff467-c8fd-427b-a831-07e0e8440029",
            "ticker": "KXHIGHMIA-24NOV26-B77.5",
            "count": 30,
            "created_time": "2024-11-25T20:17:26.808762Z",
            "yes_price": 2,
            "no_price": 98,
            "taker_side": "no"
        },
        {
            "trade_id": "ec9c671b-0101-4346-8431-b1b272f41383",
            "ticker": "KXHIGHMIA-24NOV26-B77.5",
            "count": 9,
            "created_time": "2024-11-25T20:17:26.426133Z",
            "yes_price": 1,
            "no_price": 99,
            "taker_side": "no"
        },
        {
            "trade_id": "f9602c7b-6bb3-4ecf-8635-74f2651f8842",
            "ticker": "KXHIGHMIA-24NOV26-B77.5",
            "count": 61,
            "created_time": "2024-11-25T20:17:26.201649Z",
            "yes_price": 2,
            "no_price": 98,
            "taker_side": "no"
        },
        {
            "trade_id": "dc92042b-b39b-42c8-83a4-6d89d4bd6532",
            "ticker": "KXHIGHMIA-24NOV26-B77.5",
            "count": 9,
            "created_time": "2024-11-25T20:11:58.555951Z",
            "yes_price": 2,
            "no_price": 98,
            "taker_side": "no"
        },
        {
            "trade_id": "6ff3bd44-7b3f-43c0-83c7-b3dfbe967519",
            "ticker": "KXHIGHMIA-24NOV26-B77.5",
            "count": 50,
            "created_time": "2024-11-25T17:43:02.768303Z",
            "yes_price": 2,
            "no_price": 98,
            "taker_side": "no"
        },
        {
            "trade_id": "ddb75dd6-383e-4581-aaea-0f2c4c86c410",
            "ticker": "KXHIGHMIA-24NOV26-B77.5",
            "count": 1,
            "created_time": "2024-11-25T17:30:22.172923Z",
            "yes_price": 7,
            "no_price": 93,
            "taker_side": "yes"
        }
    ],
    "KXHIGHMIA-24NOV26-B79.5": [
        {
            "trade_id": "a1303a6d-dcb5-4079-9477-2ebb21b7d08f",
            "ticker": "KXHIGHMIA-24NOV26-B79.5",
            "count": 187,
            "created_time": "2024-11-27T03:32:06.288883Z",
            "yes_price": 1,
            "no_price": 99,
            "taker_side": "yes"
        },
        {
            "trade_id": "37d67510-7d27-4530-800a-a63d398fa3ad",
            "ticker": "KXHIGHMIA-24NOV26-B79.5",
            "count": 93,
            "created_time": "2024-11-26T16:39:32.623042Z",
            "yes_price": 1,
            "no_price": 99,
            "taker_side": "yes"
        },
        {
            "trade_id": "1ddfcc65-0fda-4c15-85a2-8d6cd3cb5d4f",
            "ticker": "KXHIGHMIA-24NOV26-B79.5",
            "count": 28,
            "created_time": "2024-11-26T16:28:41.310434Z",
            "yes_price": 1,
            "no_price": 99,
            "taker_side": "no"
        },
        {
            "trade_id": "67fc1351-0a8b-4211-93fd-882cb0c1529e",
            "ticker": "KXHIGHMIA-24NOV26-B79.5",
            "count": 50,
            "created_time": "2024-11-26T16:14:46.728201Z",
            "yes_price": 2,
            "no_price": 98,
            "taker_side": "yes"
        },
        {
            "trade_id": "d40677fe-5903-407e-b72f-20e608cf1884",
            "ticker": "KXHIGHMIA-24NOV26-B79.5",
            "count": 50,
            "created_time": "2024-11-26T16:14:16.152584Z",
            "yes_price": 2,
            "no_price": 98,
            "taker_side": "yes"
        },
        {
            "trade_id": "18c30713-6594-4978-b055-d3c7f50cd0f4",
            "ticker": "KXHIGHMIA-24NOV26-B79.5",
            "count": 69,
            "created_time": "2024-11-26T16:14:00.308285Z",
            "yes_price": 1,
            "no_price": 99,
            "taker_side": "no"
        },
        {
            "trade_id": "2ee382f5-589d-4d4d-aa05-dda68591b7f2",
            "ticker": "KXHIGHMIA-24NOV26-B79.5",
            "count": 200,
            "created_time": "2024-11-26T16:13:49.224901Z",
            "yes_price": 2,
            "no_price": 98,
            "taker_side": "yes"
        },
        {
            "trade_id": "f29c312c-1c96-4dbb-aa0c-de28ff3334e9",
            "ticker": "KXHIGHMIA-24NOV26-B79.5",
            "count": 5,
            "created_time": "2024-11-26T16:13:29.429064Z",
            "yes_price": 1,
            "no_price": 99,
            "taker_side": "no"
        },
        {
            "trade_id": "d7e39b81-4bef-4da1-bb1c-277a105b987b",
            "ticker": "KXHIGHMIA-24NOV26-B79.5",
            "count": 15,
            "created_time": "2024-11-26T16:13:27.498084Z",
            "yes_price": 1,
            "no_price": 99,
            "taker_side": "no"
        },
        {
            "trade_id": "66de0856-fed9-40d7-9f77-43a7ff78058a",
            "ticker": "KXHIGHMIA-24NOV26-B79.5",
            "count": 31,
            "created_time": "2024-11-26T16:10:48.701391Z",
            "yes_price": 1,
            "no_price": 99,
            "taker_side": "no"
        },
        {
            "trade_id": "15bdfeb7-5424-4018-9b36-69c55ee9c4b4",
            "ticker": "KXHIGHMIA-24NOV26-B79.5",
            "count": 46,
            "created_time": "2024-11-26T16:10:38.83314Z",
            "yes_price": 1,
            "no_price": 99,
            "taker_side": "no"
        },
        {
            "trade_id": "45a5a891-ba99-4dff-9e7d-a27bc344f0b4",
            "ticker": "KXHIGHMIA-24NOV26-B79.5",
            "count": 10,
            "created_time": "2024-11-26T16:07:36.536091Z",
            "yes_price": 2,
            "no_price": 98,
            "taker_side": "yes"
        },
        {
            "trade_id": "8ce20f23-70d5-4f6d-a8d5-2dfd800098a4",
            "ticker": "KXHIGHMIA-24NOV26-B79.5",
            "count": 100,
            "created_time": "2024-11-26T15:59:06.703952Z",
            "yes_price": 2,
            "no_price": 98,
            "taker_side": "yes"
        },
        {
            "trade_id": "1f200104-4434-4df2-a346-c2116d2e8681",
            "ticker": "KXHIGHMIA-24NOV26-B79.5",
            "count": 73,
            "created_time": "2024-11-26T15:58:44.972291Z",
            "yes_price": 1,
            "no_price": 99,
            "taker_side": "no"
        },
        {
            "trade_id": "6c6eca4d-7b44-474a-ac76-a44227701d62",
            "ticker": "KXHIGHMIA-24NOV26-B79.5",
            "count": 5,
            "created_time": "2024-11-26T15:57:20.999205Z",
            "yes_price": 1,
            "no_price": 99,
            "taker_side": "no"
        },
        {
            "trade_id": "209eee55-4a58-4374-b5b7-8bcaf5faaae2",
            "ticker": "KXHIGHMIA-24NOV26-B79.5",
            "count": 97,
            "created_time": "2024-11-26T15:57:13.617087Z",
            "yes_price": 1,
            "no_price": 99,
            "taker_side": "no"
        },
        {
            "trade_id": "f06e8208-5586-472e-bc37-d2ee29527133",
            "ticker": "KXHIGHMIA-24NOV26-B79.5",
            "count": 97,
            "created_time": "2024-11-26T15:57:06.251136Z",
            "yes_price": 1,
            "no_price": 99,
            "taker_side": "no"
        },
        {
            "trade_id": "7d93acc8-a055-4ff1-80b8-369635b71c12",
            "ticker": "KXHIGHMIA-24NOV26-B79.5",
            "count": 9,
            "created_time": "2024-11-26T15:56:47.589611Z",
            "yes_price": 1,
            "no_price": 99,
            "taker_side": "yes"
        },
        {
            "trade_id": "dc934ce6-f102-4c2d-981c-0baffff6a74e",
            "ticker": "KXHIGHMIA-24NOV26-B79.5",
            "count": 69,
            "created_time": "2024-11-26T15:56:31.616245Z",
            "yes_price": 1,
            "no_price": 99,
            "taker_side": "yes"
        },
        {
            "trade_id": "893db041-e07e-46aa-9050-77ed4fe1b3c9",
            "ticker": "KXHIGHMIA-24NOV26-B79.5",
            "count": 9,
            "created_time": "2024-11-26T15:56:31.616245Z",
            "yes_price": 1,
            "no_price": 99,
            "taker_side": "yes"
        },
        {
            "trade_id": "f9d706a1-ef1a-4ebc-9557-649874193818",
            "ticker": "KXHIGHMIA-24NOV26-B79.5",
            "count": 46,
            "created_time": "2024-11-26T14:54:01.654827Z",
            "yes_price": 2,
            "no_price": 98,
            "taker_side": "yes"
        },
        {
            "trade_id": "ef26ae00-c968-4d61-b936-b424e5bfe1ca",
            "ticker": "KXHIGHMIA-24NOV26-B79.5",
            "count": 78,
            "created_time": "2024-11-26T14:41:44.691284Z",
            "yes_price": 1,
            "no_price": 99,
            "taker_side": "no"
        },
        {
            "trade_id": "ecd57d29-d588-48bb-a8a0-36b92d912bb1",
            "ticker": "KXHIGHMIA-24NOV26-B79.5",
            "count": 70,
            "created_time": "2024-11-26T14:41:44.691284Z",
            "yes_price": 1,
            "no_price": 99,
            "taker_side": "no"
        },
        {
            "trade_id": "e52051e5-01e0-4944-82cc-c6bbe8044725",
            "ticker": "KXHIGHMIA-24NOV26-B79.5",
            "count": 94,
            "created_time": "2024-11-26T14:41:44.691284Z",
            "yes_price": 1,
            "no_price": 99,
            "taker_side": "no"
        },
        {
            "trade_id": "9502896a-629c-4add-bdaa-f4aadcaf70cd",
            "ticker": "KXHIGHMIA-24NOV26-B79.5",
            "count": 200,
            "created_time": "2024-11-26T14:41:44.691284Z",
            "yes_price": 1,
            "no_price": 99,
            "taker_side": "no"
        },
        {
            "trade_id": "9383e0af-41b4-4d3f-812f-59de10ad2141",
            "ticker": "KXHIGHMIA-24NOV26-B79.5",
            "count": 240,
            "created_time": "2024-11-26T14:41:44.691284Z",
            "yes_price": 1,
            "no_price": 99,
            "taker_side": "no"
        },
        {
            "trade_id": "76f1c42d-103c-42ab-a5c5-67f57cce4dd6",
            "ticker": "KXHIGHMIA-24NOV26-B79.5",
            "count": 103,
            "created_time": "2024-11-26T14:41:44.691284Z",
            "yes_price": 1,
            "no_price": 99,
            "taker_side": "no"
        },
        {
            "trade_id": "2aba4d72-1ce8-4bea-b739-1401a1cf9280",
            "ticker": "KXHIGHMIA-24NOV26-B79.5",
            "count": 1000,
            "created_time": "2024-11-26T14:41:44.691284Z",
            "yes_price": 1,
            "no_price": 99,
            "taker_side": "no"
        },
        {
            "trade_id": "1798ebf5-0c2e-4c31-9631-4deb572c6f22",
            "ticker": "KXHIGHMIA-24NOV26-B79.5",
            "count": 50,
            "created_time": "2024-11-26T14:34:29.584043Z",
            "yes_price": 1,
            "no_price": 99,
            "taker_side": "no"
        },
        {
            "trade_id": "a495546c-3dbf-4c20-ac8b-4d4cdb193f70",
            "ticker": "KXHIGHMIA-24NOV26-B79.5",
            "count": 240,
            "created_time": "2024-11-26T14:22:07.087907Z",
            "yes_price": 2,
            "no_price": 98,
            "taker_side": "no"
        },
        {
            "trade_id": "fb566ef6-a5fd-4632-a964-e3babf84352e",
            "ticker": "KXHIGHMIA-24NOV26-B79.5",
            "count": 100,
            "created_time": "2024-11-26T14:19:36.982297Z",
            "yes_price": 4,
            "no_price": 96,
            "taker_side": "yes"
        },
        {
            "trade_id": "508034c8-f19c-45f8-81d7-c13d5508f8a4",
            "ticker": "KXHIGHMIA-24NOV26-B79.5",
            "count": 10,
            "created_time": "2024-11-26T14:13:04.26073Z",
            "yes_price": 2,
            "no_price": 98,
            "taker_side": "no"
        },
        {
            "trade_id": "e77206f4-7986-4d7f-87a9-dcd6f439a381",
            "ticker": "KXHIGHMIA-24NOV26-B79.5",
            "count": 5,
            "created_time": "2024-11-26T14:12:44.614582Z",
            "yes_price": 2,
            "no_price": 98,
            "taker_side": "no"
        },
        {
            "trade_id": "cf4b101a-aeb7-4655-b616-5ec4a287edab",
            "ticker": "KXHIGHMIA-24NOV26-B79.5",
            "count": 10,
            "created_time": "2024-11-26T14:12:36.620936Z",
            "yes_price": 2,
            "no_price": 98,
            "taker_side": "no"
        },
        {
            "trade_id": "d6a2e3ed-b00e-467c-bb42-22e59990f513",
            "ticker": "KXHIGHMIA-24NOV26-B79.5",
            "count": 240,
            "created_time": "2024-11-26T14:10:29.90294Z",
            "yes_price": 3,
            "no_price": 97,
            "taker_side": "no"
        },
        {
            "trade_id": "5160d464-6d0d-4feb-acf4-6031542297fb",
            "ticker": "KXHIGHMIA-24NOV26-B79.5",
            "count": 963,
            "created_time": "2024-11-26T14:10:29.90294Z",
            "yes_price": 3,
            "no_price": 97,
            "taker_side": "no"
        },
        {
            "trade_id": "5f48b762-6f56-4a9a-86ec-debdc7c7ef40",
            "ticker": "KXHIGHMIA-24NOV26-B79.5",
            "count": 140,
            "created_time": "2024-11-26T14:09:55.071377Z",
            "yes_price": 4,
            "no_price": 96,
            "taker_side": "no"
        },
        {
            "trade_id": "4f0bb71b-c9f2-4054-ab31-076a9e046a52",
            "ticker": "KXHIGHMIA-24NOV26-B79.5",
            "count": 60,
            "created_time": "2024-11-26T14:09:55.071377Z",
            "yes_price": 4,
            "no_price": 96,
            "taker_side": "no"
        },
        {
            "trade_id": "4e83dcd0-2204-4c2b-9559-bb8673ab2725",
            "ticker": "KXHIGHMIA-24NOV26-B79.5",
            "count": 100,
            "created_time": "2024-11-26T14:09:38.616138Z",
            "yes_price": 4,
            "no_price": 96,
            "taker_side": "no"
        },
        {
            "trade_id": "7a044509-dd26-45e4-865a-77ce5d484555",
            "ticker": "KXHIGHMIA-24NOV26-B79.5",
            "count": 28,
            "created_time": "2024-11-26T14:09:31.846626Z",
            "yes_price": 3,
            "no_price": 97,
            "taker_side": "no"
        },
        {
            "trade_id": "2b8f7746-cb22-4d80-bb69-7a5ea1f0aef0",
            "ticker": "KXHIGHMIA-24NOV26-B79.5",
            "count": 9,
            "created_time": "2024-11-26T14:00:03.512763Z",
            "yes_price": 3,
            "no_price": 97,
            "taker_side": "no"
        },
        {
            "trade_id": "e84806c0-3aa9-4869-b262-7b8d7d3dffad",
            "ticker": "KXHIGHMIA-24NOV26-B79.5",
            "count": 73,
            "created_time": "2024-11-26T13:59:53.768084Z",
            "yes_price": 5,
            "no_price": 95,
            "taker_side": "yes"
        },
        {
            "trade_id": "2e3577ee-af77-4841-8b0e-8b18c797ef9b",
            "ticker": "KXHIGHMIA-24NOV26-B79.5",
            "count": 970,
            "created_time": "2024-11-26T13:55:14.69603Z",
            "yes_price": 4,
            "no_price": 96,
            "taker_side": "no"
        },
        {
            "trade_id": "e20220df-5316-4555-a6a1-186695003f07",
            "ticker": "KXHIGHMIA-24NOV26-B79.5",
            "count": 30,
            "created_time": "2024-11-26T13:47:33.882978Z",
            "yes_price": 4,
            "no_price": 96,
            "taker_side": "no"
        },
        {
            "trade_id": "360ee323-8ffe-41b0-9a4b-930efde4dee7",
            "ticker": "KXHIGHMIA-24NOV26-B79.5",
            "count": 15,
            "created_time": "2024-11-26T13:41:08.496014Z",
            "yes_price": 6,
            "no_price": 94,
            "taker_side": "yes"
        },
        {
            "trade_id": "247e43ce-5057-4ecd-b6a1-b36ed1fba95f",
            "ticker": "KXHIGHMIA-24NOV26-B79.5",
            "count": 121,
            "created_time": "2024-11-26T13:17:30.86872Z",
            "yes_price": 8,
            "no_price": 92,
            "taker_side": "yes"
        },
        {
            "trade_id": "d9176fe5-2f40-41b6-bce8-10edd0fb2d90",
            "ticker": "KXHIGHMIA-24NOV26-B79.5",
            "count": 240,
            "created_time": "2024-11-26T13:17:21.914887Z",
            "yes_price": 8,
            "no_price": 92,
            "taker_side": "yes"
        },
        {
            "trade_id": "16bea04c-81cc-49a2-9a1c-44f376277b9a",
            "ticker": "KXHIGHMIA-24NOV26-B79.5",
            "count": 24,
            "created_time": "2024-11-26T13:17:21.914887Z",
            "yes_price": 8,
            "no_price": 92,
            "taker_side": "yes"
        },
        {
            "trade_id": "d6c55b1d-4171-41a8-8a40-b974421570bb",
            "ticker": "KXHIGHMIA-24NOV26-B79.5",
            "count": 200,
            "created_time": "2024-11-26T13:17:12.121299Z",
            "yes_price": 7,
            "no_price": 93,
            "taker_side": "yes"
        },
        {
            "trade_id": "1b337b4a-b63f-41e3-afbf-8a271de5cfae",
            "ticker": "KXHIGHMIA-24NOV26-B79.5",
            "count": 15,
            "created_time": "2024-11-26T13:16:56.456848Z",
            "yes_price": 6,
            "no_price": 94,
            "taker_side": "yes"
        },
        {
            "trade_id": "5f9d2051-2883-4570-a036-c75b11d99069",
            "ticker": "KXHIGHMIA-24NOV26-B79.5",
            "count": 13,
            "created_time": "2024-11-26T13:11:15.075092Z",
            "yes_price": 7,
            "no_price": 93,
            "taker_side": "yes"
        },
        {
            "trade_id": "728ff1ad-68d6-4f9c-821e-b9f0d5d19645",
            "ticker": "KXHIGHMIA-24NOV26-B79.5",
            "count": 33,
            "created_time": "2024-11-26T06:36:26.856789Z",
            "yes_price": 3,
            "no_price": 97,
            "taker_side": "no"
        },
        {
            "trade_id": "2d63ae08-2008-456e-93b3-115a65f6fa80",
            "ticker": "KXHIGHMIA-24NOV26-B79.5",
            "count": 54,
            "created_time": "2024-11-26T06:34:34.000197Z",
            "yes_price": 4,
            "no_price": 96,
            "taker_side": "no"
        },
        {
            "trade_id": "cc278607-88fc-41b3-8032-a0bffb08a149",
            "ticker": "KXHIGHMIA-24NOV26-B79.5",
            "count": 156,
            "created_time": "2024-11-26T06:33:22.236953Z",
            "yes_price": 5,
            "no_price": 95,
            "taker_side": "no"
        },
        {
            "trade_id": "ff796a71-657e-48c4-9951-404f3ab5d119",
            "ticker": "KXHIGHMIA-24NOV26-B79.5",
            "count": 24,
            "created_time": "2024-11-26T06:32:01.155204Z",
            "yes_price": 4,
            "no_price": 96,
            "taker_side": "no"
        },
        {
            "trade_id": "2476bbce-f29d-43f6-bcc6-5f8e31d73e4a",
            "ticker": "KXHIGHMIA-24NOV26-B79.5",
            "count": 2,
            "created_time": "2024-11-26T05:46:41.774662Z",
            "yes_price": 3,
            "no_price": 97,
            "taker_side": "no"
        },
        {
            "trade_id": "823f925f-cfd5-47fb-8741-0374e0151d62",
            "ticker": "KXHIGHMIA-24NOV26-B79.5",
            "count": 20,
            "created_time": "2024-11-26T05:12:55.682198Z",
            "yes_price": 8,
            "no_price": 92,
            "taker_side": "yes"
        },
        {
            "trade_id": "b39daea4-f876-4181-b919-c42427d47263",
            "ticker": "KXHIGHMIA-24NOV26-B79.5",
            "count": 100,
            "created_time": "2024-11-26T04:30:40.010383Z",
            "yes_price": 7,
            "no_price": 93,
            "taker_side": "no"
        },
        {
            "trade_id": "3ca7a31d-ecdb-43d8-a974-aad6589c4f70",
            "ticker": "KXHIGHMIA-24NOV26-B79.5",
            "count": 15,
            "created_time": "2024-11-26T04:29:24.483677Z",
            "yes_price": 10,
            "no_price": 90,
            "taker_side": "yes"
        },
        {
            "trade_id": "d3942e50-ccb7-4d59-9ff6-c986735a606c",
            "ticker": "KXHIGHMIA-24NOV26-B79.5",
            "count": 100,
            "created_time": "2024-11-26T03:40:09.190921Z",
            "yes_price": 7,
            "no_price": 93,
            "taker_side": "yes"
        },
        {
            "trade_id": "a8f5d6f3-6609-49c4-a5e1-1c634ad04c46",
            "ticker": "KXHIGHMIA-24NOV26-B79.5",
            "count": 40,
            "created_time": "2024-11-26T03:40:09.190921Z",
            "yes_price": 7,
            "no_price": 93,
            "taker_side": "yes"
        },
        {
            "trade_id": "160ee574-da55-4735-b9e2-39600049a856",
            "ticker": "KXHIGHMIA-24NOV26-B79.5",
            "count": 100,
            "created_time": "2024-11-26T03:40:09.190921Z",
            "yes_price": 7,
            "no_price": 93,
            "taker_side": "yes"
        },
        {
            "trade_id": "f7ec8a2c-3d87-4b51-837d-e9103fe9d7cc",
            "ticker": "KXHIGHMIA-24NOV26-B79.5",
            "count": 3,
            "created_time": "2024-11-26T03:15:59.304725Z",
            "yes_price": 8,
            "no_price": 92,
            "taker_side": "yes"
        },
        {
            "trade_id": "dc17b525-1003-4481-bed3-a3d3994800c3",
            "ticker": "KXHIGHMIA-24NOV26-B79.5",
            "count": 68,
            "created_time": "2024-11-26T03:15:59.304725Z",
            "yes_price": 8,
            "no_price": 92,
            "taker_side": "yes"
        },
        {
            "trade_id": "aa99734c-a880-49f9-8f9b-a25a37614893",
            "ticker": "KXHIGHMIA-24NOV26-B79.5",
            "count": 7,
            "created_time": "2024-11-26T03:15:59.304725Z",
            "yes_price": 7,
            "no_price": 93,
            "taker_side": "yes"
        },
        {
            "trade_id": "94e2b902-0bd8-4f09-af09-4826350a87b4",
            "ticker": "KXHIGHMIA-24NOV26-B79.5",
            "count": 10,
            "created_time": "2024-11-26T03:09:34.439935Z",
            "yes_price": 7,
            "no_price": 93,
            "taker_side": "yes"
        },
        {
            "trade_id": "40dbd2e8-7634-474f-b1e1-192bb380c9d1",
            "ticker": "KXHIGHMIA-24NOV26-B79.5",
            "count": 4,
            "created_time": "2024-11-26T03:09:15.018853Z",
            "yes_price": 7,
            "no_price": 93,
            "taker_side": "yes"
        },
        {
            "trade_id": "824a108b-0289-43dd-a9b2-f03f9aa3080f",
            "ticker": "KXHIGHMIA-24NOV26-B79.5",
            "count": 22,
            "created_time": "2024-11-26T02:20:42.176799Z",
            "yes_price": 5,
            "no_price": 95,
            "taker_side": "no"
        },
        {
            "trade_id": "50c1942c-8667-4c74-a521-65a5817e91a0",
            "ticker": "KXHIGHMIA-24NOV26-B79.5",
            "count": 21,
            "created_time": "2024-11-26T02:20:42.023Z",
            "yes_price": 7,
            "no_price": 93,
            "taker_side": "no"
        },
        {
            "trade_id": "f5126daa-22db-4310-b628-4644d30ca367",
            "ticker": "KXHIGHMIA-24NOV26-B79.5",
            "count": 29,
            "created_time": "2024-11-26T01:56:55.269304Z",
            "yes_price": 7,
            "no_price": 93,
            "taker_side": "no"
        },
        {
            "trade_id": "95d9f8a6-ccc3-46cf-89a5-6a5d48409d14",
            "ticker": "KXHIGHMIA-24NOV26-B79.5",
            "count": 7,
            "created_time": "2024-11-26T01:56:55.269304Z",
            "yes_price": 7,
            "no_price": 93,
            "taker_side": "no"
        },
        {
            "trade_id": "523f7940-b2b9-4d91-9ad2-aa8076d25727",
            "ticker": "KXHIGHMIA-24NOV26-B79.5",
            "count": 50,
            "created_time": "2024-11-26T01:39:51.708418Z",
            "yes_price": 7,
            "no_price": 93,
            "taker_side": "no"
        },
        {
            "trade_id": "062ea11a-4bef-4a3b-a13d-b8b85e762460",
            "ticker": "KXHIGHMIA-24NOV26-B79.5",
            "count": 12,
            "created_time": "2024-11-26T01:18:39.328905Z",
            "yes_price": 7,
            "no_price": 93,
            "taker_side": "no"
        },
        {
            "trade_id": "d8d5c7bf-63b9-451b-85de-a14ce044a17c",
            "ticker": "KXHIGHMIA-24NOV26-B79.5",
            "count": 10,
            "created_time": "2024-11-25T23:46:57.78152Z",
            "yes_price": 9,
            "no_price": 91,
            "taker_side": "yes"
        },
        {
            "trade_id": "8c0e7f19-ec57-4304-a538-bf5c56b71f86",
            "ticker": "KXHIGHMIA-24NOV26-B79.5",
            "count": 600,
            "created_time": "2024-11-25T23:43:12.914025Z",
            "yes_price": 7,
            "no_price": 93,
            "taker_side": "no"
        },
        {
            "trade_id": "f02fb7c4-6b12-49c0-85cd-95c43ff34615",
            "ticker": "KXHIGHMIA-24NOV26-B79.5",
            "count": 16,
            "created_time": "2024-11-25T23:28:12.469181Z",
            "yes_price": 7,
            "no_price": 93,
            "taker_side": "no"
        },
        {
            "trade_id": "3b0ad50b-c7f0-47eb-b753-a9ccb1ebda90",
            "ticker": "KXHIGHMIA-24NOV26-B79.5",
            "count": 90,
            "created_time": "2024-11-25T22:29:37.685635Z",
            "yes_price": 8,
            "no_price": 92,
            "taker_side": "no"
        },
        {
            "trade_id": "7289700a-91a2-4955-8721-50a8bfc66f08",
            "ticker": "KXHIGHMIA-24NOV26-B79.5",
            "count": 29,
            "created_time": "2024-11-25T22:24:45.329127Z",
            "yes_price": 13,
            "no_price": 87,
            "taker_side": "yes"
        },
        {
            "trade_id": "ac76aedc-393b-478e-97b1-2158cb9f4372",
            "ticker": "KXHIGHMIA-24NOV26-B79.5",
            "count": 154,
            "created_time": "2024-11-25T22:06:32.771707Z",
            "yes_price": 15,
            "no_price": 85,
            "taker_side": "no"
        },
        {
            "trade_id": "a4bc5fa5-4f57-4a0f-88da-e03090e6ad55",
            "ticker": "KXHIGHMIA-24NOV26-B79.5",
            "count": 9,
            "created_time": "2024-11-25T21:52:43.504355Z",
            "yes_price": 15,
            "no_price": 85,
            "taker_side": "no"
        },
        {
            "trade_id": "a9e773ae-2200-434b-80f3-45cfad1707d6",
            "ticker": "KXHIGHMIA-24NOV26-B79.5",
            "count": 31,
            "created_time": "2024-11-25T20:21:49.876272Z",
            "yes_price": 15,
            "no_price": 85,
            "taker_side": "no"
        },
        {
            "trade_id": "04eac234-a1a7-4999-8aa0-ef043453bf3e",
            "ticker": "KXHIGHMIA-24NOV26-B79.5",
            "count": 30,
            "created_time": "2024-11-25T20:17:26.797103Z",
            "yes_price": 17,
            "no_price": 83,
            "taker_side": "no"
        },
        {
            "trade_id": "7bb8afd7-da0e-455d-8f1a-bfb2a8f4ee7b",
            "ticker": "KXHIGHMIA-24NOV26-B79.5",
            "count": 9,
            "created_time": "2024-11-25T20:17:26.479906Z",
            "yes_price": 18,
            "no_price": 82,
            "taker_side": "no"
        },
        {
            "trade_id": "53800ad9-7f84-4759-ba92-77045e725c53",
            "ticker": "KXHIGHMIA-24NOV26-B79.5",
            "count": 61,
            "created_time": "2024-11-25T20:17:26.185632Z",
            "yes_price": 17,
            "no_price": 83,
            "taker_side": "no"
        },
        {
            "trade_id": "de6fdcca-3e22-4cec-905e-3897c7b22dde",
            "ticker": "KXHIGHMIA-24NOV26-B79.5",
            "count": 9,
            "created_time": "2024-11-25T20:17:21.604967Z",
            "yes_price": 17,
            "no_price": 83,
            "taker_side": "yes"
        },
        {
            "trade_id": "ff6ad752-9ffe-493c-8308-a3b712597976",
            "ticker": "KXHIGHMIA-24NOV26-B79.5",
            "count": 9,
            "created_time": "2024-11-25T20:11:58.45014Z",
            "yes_price": 18,
            "no_price": 82,
            "taker_side": "yes"
        },
        {
            "trade_id": "ae371c41-3a3b-4567-be8e-3c3d8b7c5b06",
            "ticker": "KXHIGHMIA-24NOV26-B79.5",
            "count": 6,
            "created_time": "2024-11-25T20:11:58.45014Z",
            "yes_price": 18,
            "no_price": 82,
            "taker_side": "yes"
        },
        {
            "trade_id": "fcc8ca7f-3742-46da-b8c3-50298ed9ad6c",
            "ticker": "KXHIGHMIA-24NOV26-B79.5",
            "count": 6,
            "created_time": "2024-11-25T19:31:11.341038Z",
            "yes_price": 15,
            "no_price": 85,
            "taker_side": "no"
        },
        {
            "trade_id": "37a5e560-1087-4ca2-badb-7380ae8533e5",
            "ticker": "KXHIGHMIA-24NOV26-B79.5",
            "count": 2,
            "created_time": "2024-11-25T19:29:24.32686Z",
            "yes_price": 16,
            "no_price": 84,
            "taker_side": "no"
        },
        {
            "trade_id": "34d4971f-afb7-4829-907b-fb71d55c048b",
            "ticker": "KXHIGHMIA-24NOV26-B79.5",
            "count": 15,
            "created_time": "2024-11-25T19:21:40.466372Z",
            "yes_price": 20,
            "no_price": 80,
            "taker_side": "yes"
        },
        {
            "trade_id": "c26aba0f-1c5c-439a-8266-cead2eeb2692",
            "ticker": "KXHIGHMIA-24NOV26-B79.5",
            "count": 94,
            "created_time": "2024-11-25T19:20:39.469411Z",
            "yes_price": 16,
            "no_price": 84,
            "taker_side": "no"
        },
        {
            "trade_id": "008800fa-a3fb-4085-b1ed-c5a1d17a142b",
            "ticker": "KXHIGHMIA-24NOV26-B79.5",
            "count": 100,
            "created_time": "2024-11-25T19:17:57.635237Z",
            "yes_price": 18,
            "no_price": 82,
            "taker_side": "yes"
        },
        {
            "trade_id": "1940bd0e-957b-4f82-8def-3b6302e90279",
            "ticker": "KXHIGHMIA-24NOV26-B79.5",
            "count": 200,
            "created_time": "2024-11-25T19:17:27.110538Z",
            "yes_price": 17,
            "no_price": 83,
            "taker_side": "yes"
        },
        {
            "trade_id": "3f654345-b75f-41a4-bb26-042cba1aa9e5",
            "ticker": "KXHIGHMIA-24NOV26-B79.5",
            "count": 100,
            "created_time": "2024-11-25T18:48:42.671929Z",
            "yes_price": 20,
            "no_price": 80,
            "taker_side": "yes"
        },
        {
            "trade_id": "964f0256-7bc9-42e4-898f-5104d8eefca4",
            "ticker": "KXHIGHMIA-24NOV26-B79.5",
            "count": 3,
            "created_time": "2024-11-25T18:12:28.873909Z",
            "yes_price": 19,
            "no_price": 81,
            "taker_side": "yes"
        },
        {
            "trade_id": "76edcbb8-1b81-49d7-9c1f-163c9516acb7",
            "ticker": "KXHIGHMIA-24NOV26-B79.5",
            "count": 7,
            "created_time": "2024-11-25T18:12:28.873909Z",
            "yes_price": 22,
            "no_price": 78,
            "taker_side": "yes"
        },
        {
            "trade_id": "d7fda47d-2f80-4c38-8fb8-39d4cf7fe304",
            "ticker": "KXHIGHMIA-24NOV26-B79.5",
            "count": 100,
            "created_time": "2024-11-25T18:12:28.810995Z",
            "yes_price": 19,
            "no_price": 81,
            "taker_side": "yes"
        },
        {
            "trade_id": "0eddc1c6-ab5b-4d54-b17e-80d93255e091",
            "ticker": "KXHIGHMIA-24NOV26-B79.5",
            "count": 24,
            "created_time": "2024-11-25T18:07:14.195155Z",
            "yes_price": 16,
            "no_price": 84,
            "taker_side": "no"
        },
        {
            "trade_id": "225d55b3-dc00-4826-9f8f-0575b9001f2b",
            "ticker": "KXHIGHMIA-24NOV26-B79.5",
            "count": 100,
            "created_time": "2024-11-25T17:42:33.230948Z",
            "yes_price": 17,
            "no_price": 83,
            "taker_side": "yes"
        },
        {
            "trade_id": "275f1f87-3ca0-4583-9cfc-8a2a82a10fae",
            "ticker": "KXHIGHMIA-24NOV26-B79.5",
            "count": 8,
            "created_time": "2024-11-25T15:20:16.337061Z",
            "yes_price": 11,
            "no_price": 89,
            "taker_side": "yes"
        },
        {
            "trade_id": "4da9358d-1866-4657-95cd-66ebe26390cb",
            "ticker": "KXHIGHMIA-24NOV26-B79.5",
            "count": 94,
            "created_time": "2024-11-25T15:13:06.834301Z",
            "yes_price": 10,
            "no_price": 90,
            "taker_side": "yes"
        }
    ],
    "KXHIGHMIA-24NOV26-B81.5": [
        {
            "trade_id": "ec843e1f-f63b-4ed1-aeea-88f2c6275845",
            "ticker": "KXHIGHMIA-24NOV26-B81.5",
            "count": 100,
            "created_time": "2024-11-27T03:40:49.75645Z",
            "yes_price": 1,
            "no_price": 99,
            "taker_side": "yes"
        },
        {
            "trade_id": "b5ec17f5-7b3a-4464-8e7b-7b504b1590a0",
            "ticker": "KXHIGHMIA-24NOV26-B81.5",
            "count": 200,
            "created_time": "2024-11-27T03:33:49.148151Z",
            "yes_price": 1,
            "no_price": 99,
            "taker_side": "yes"
        },
        {
            "trade_id": "d5cc8e3e-9bde-4588-9916-33cac9d8c517",
            "ticker": "KXHIGHMIA-24NOV26-B81.5",
            "count": 187,
            "created_time": "2024-11-27T03:31:54.203354Z",
            "yes_price": 1,
            "no_price": 99,
            "taker_side": "yes"
        },
        {
            "trade_id": "c42a5919-e00c-4600-a59f-b518be75e284",
            "ticker": "KXHIGHMIA-24NOV26-B81.5",
            "count": 93,
            "created_time": "2024-11-27T02:32:04.442682Z",
            "yes_price": 1,
            "no_price": 99,
            "taker_side": "yes"
        },
        {
            "trade_id": "b7c50ded-a9fc-443e-bdc9-d7029999caf5",
            "ticker": "KXHIGHMIA-24NOV26-B81.5",
            "count": 3740,
            "created_time": "2024-11-26T22:38:08.701421Z",
            "yes_price": 1,
            "no_price": 99,
            "taker_side": "yes"
        },
        {
            "trade_id": "18605a95-f53f-4419-a40b-d6e238f71d3b",
            "ticker": "KXHIGHMIA-24NOV26-B81.5",
            "count": 50,
            "created_time": "2024-11-26T22:24:25.807874Z",
            "yes_price": 1,
            "no_price": 99,
            "taker_side": "yes"
        },
        {
            "trade_id": "3270e9a7-809f-4d11-b6a2-12861f533260",
            "ticker": "KXHIGHMIA-24NOV26-B81.5",
            "count": 18,
            "created_time": "2024-11-26T22:04:00.027727Z",
            "yes_price": 1,
            "no_price": 99,
            "taker_side": "yes"
        },
        {
            "trade_id": "49c9add0-28c6-4a95-885b-775bfdbd35cf",
            "ticker": "KXHIGHMIA-24NOV26-B81.5",
            "count": 9351,
            "created_time": "2024-11-26T21:57:17.57894Z",
            "yes_price": 1,
            "no_price": 99,
            "taker_side": "yes"
        },
        {
            "trade_id": "12a8300f-ec56-41cb-90ed-322c9b47fb18",
            "ticker": "KXHIGHMIA-24NOV26-B81.5",
            "count": 93,
            "created_time": "2024-11-26T20:39:13.850172Z",
            "yes_price": 1,
            "no_price": 99,
            "taker_side": "yes"
        },
        {
            "trade_id": "852fcd43-c52a-4bd2-aa3f-a8f68fcb5e8c",
            "ticker": "KXHIGHMIA-24NOV26-B81.5",
            "count": 500,
            "created_time": "2024-11-26T20:17:10.005226Z",
            "yes_price": 1,
            "no_price": 99,
            "taker_side": "yes"
        },
        {
            "trade_id": "1aedd313-b479-4d8f-b21b-640607184961",
            "ticker": "KXHIGHMIA-24NOV26-B81.5",
            "count": 935,
            "created_time": "2024-11-26T18:55:37.217848Z",
            "yes_price": 1,
            "no_price": 99,
            "taker_side": "yes"
        },
        {
            "trade_id": "eea985bc-230e-4110-a4e2-5b94902515f2",
            "ticker": "KXHIGHMIA-24NOV26-B81.5",
            "count": 9,
            "created_time": "2024-11-26T18:49:31.472194Z",
            "yes_price": 1,
            "no_price": 99,
            "taker_side": "yes"
        },
        {
            "trade_id": "5af205c0-e147-4445-9ba8-0b75c2009168",
            "ticker": "KXHIGHMIA-24NOV26-B81.5",
            "count": 90,
            "created_time": "2024-11-26T18:46:20.32232Z",
            "yes_price": 1,
            "no_price": 99,
            "taker_side": "yes"
        },
        {
            "trade_id": "ab0ed142-cac7-448d-87df-82268029a1f9",
            "ticker": "KXHIGHMIA-24NOV26-B81.5",
            "count": 935,
            "created_time": "2024-11-26T18:39:35.313915Z",
            "yes_price": 1,
            "no_price": 99,
            "taker_side": "yes"
        },
        {
            "trade_id": "cef0fc23-86e1-4aea-a5aa-a47171917029",
            "ticker": "KXHIGHMIA-24NOV26-B81.5",
            "count": 1028,
            "created_time": "2024-11-26T18:39:31.569492Z",
            "yes_price": 1,
            "no_price": 99,
            "taker_side": "yes"
        },
        {
            "trade_id": "fc3b7baa-d0ea-4d7d-8bf7-b0119de08fdf",
            "ticker": "KXHIGHMIA-24NOV26-B81.5",
            "count": 100,
            "created_time": "2024-11-26T18:31:15.732008Z",
            "yes_price": 1,
            "no_price": 99,
            "taker_side": "yes"
        },
        {
            "trade_id": "64adb190-4850-41a9-81bc-ff4826fea917",
            "ticker": "KXHIGHMIA-24NOV26-B81.5",
            "count": 374,
            "created_time": "2024-11-26T18:21:38.764794Z",
            "yes_price": 1,
            "no_price": 99,
            "taker_side": "yes"
        },
        {
            "trade_id": "0ef1654d-4c85-47b8-9dc2-c629abb3619b",
            "ticker": "KXHIGHMIA-24NOV26-B81.5",
            "count": 100,
            "created_time": "2024-11-26T18:05:48.045558Z",
            "yes_price": 1,
            "no_price": 99,
            "taker_side": "yes"
        },
        {
            "trade_id": "e0e2c183-53eb-40c2-bc22-c0f10fc5dbcc",
            "ticker": "KXHIGHMIA-24NOV26-B81.5",
            "count": 467,
            "created_time": "2024-11-26T18:02:44.678231Z",
            "yes_price": 1,
            "no_price": 99,
            "taker_side": "yes"
        },
        {
            "trade_id": "6162d796-3903-4754-9cba-8697b465c085",
            "ticker": "KXHIGHMIA-24NOV26-B81.5",
            "count": 200,
            "created_time": "2024-11-26T17:58:12.763922Z",
            "yes_price": 1,
            "no_price": 99,
            "taker_side": "yes"
        },
        {
            "trade_id": "c8b784f2-ab75-4c0c-a9c0-1ee683d1d5bd",
            "ticker": "KXHIGHMIA-24NOV26-B81.5",
            "count": 1421,
            "created_time": "2024-11-26T17:57:18.40507Z",
            "yes_price": 1,
            "no_price": 99,
            "taker_side": "yes"
        },
        {
            "trade_id": "378f29e9-8aaf-4073-80d8-81dadc109062",
            "ticker": "KXHIGHMIA-24NOV26-B81.5",
            "count": 23,
            "created_time": "2024-11-26T17:56:27.735647Z",
            "yes_price": 1,
            "no_price": 99,
            "taker_side": "yes"
        },
        {
            "trade_id": "df705121-f76f-4050-a4ad-c82a12decfa9",
            "ticker": "KXHIGHMIA-24NOV26-B81.5",
            "count": 24,
            "created_time": "2024-11-26T17:56:27.606661Z",
            "yes_price": 1,
            "no_price": 99,
            "taker_side": "yes"
        },
        {
            "trade_id": "cf1d3f10-031e-4a12-b640-5d43a717a056",
            "ticker": "KXHIGHMIA-24NOV26-B81.5",
            "count": 276,
            "created_time": "2024-11-26T17:56:02.608653Z",
            "yes_price": 1,
            "no_price": 99,
            "taker_side": "yes"
        },
        {
            "trade_id": "d89b0ceb-e15a-49ad-a60a-1b1af82ee5df",
            "ticker": "KXHIGHMIA-24NOV26-B81.5",
            "count": 335,
            "created_time": "2024-11-26T17:55:53.926429Z",
            "yes_price": 2,
            "no_price": 98,
            "taker_side": "no"
        },
        {
            "trade_id": "d62b1f24-9b34-4d91-bbd8-629acc374d3e",
            "ticker": "KXHIGHMIA-24NOV26-B81.5",
            "count": 24,
            "created_time": "2024-11-26T17:55:53.926429Z",
            "yes_price": 2,
            "no_price": 98,
            "taker_side": "no"
        },
        {
            "trade_id": "ccf2fb6e-7e03-4b35-b330-df14334a6b5a",
            "ticker": "KXHIGHMIA-24NOV26-B81.5",
            "count": 300,
            "created_time": "2024-11-26T17:55:53.926429Z",
            "yes_price": 1,
            "no_price": 99,
            "taker_side": "no"
        },
        {
            "trade_id": "5f252f8f-cbdd-49c0-9a3d-a044ff688b22",
            "ticker": "KXHIGHMIA-24NOV26-B81.5",
            "count": 24,
            "created_time": "2024-11-26T17:55:53.926429Z",
            "yes_price": 1,
            "no_price": 99,
            "taker_side": "no"
        },
        {
            "trade_id": "4afde325-117c-424b-b8b9-276d7d319b3d",
            "ticker": "KXHIGHMIA-24NOV26-B81.5",
            "count": 48,
            "created_time": "2024-11-26T17:55:53.926429Z",
            "yes_price": 1,
            "no_price": 99,
            "taker_side": "no"
        },
        {
            "trade_id": "15ac112f-7449-4bb1-b771-6e03ab27c041",
            "ticker": "KXHIGHMIA-24NOV26-B81.5",
            "count": 86,
            "created_time": "2024-11-26T17:55:53.926429Z",
            "yes_price": 1,
            "no_price": 99,
            "taker_side": "no"
        },
        {
            "trade_id": "4b7e560b-eb39-430b-bb36-202e241a2319",
            "ticker": "KXHIGHMIA-24NOV26-B81.5",
            "count": 55,
            "created_time": "2024-11-26T17:55:52.067507Z",
            "yes_price": 3,
            "no_price": 97,
            "taker_side": "no"
        },
        {
            "trade_id": "f35faeac-0967-48f0-b3d8-5b01d2e94c9e",
            "ticker": "KXHIGHMIA-24NOV26-B81.5",
            "count": 31,
            "created_time": "2024-11-26T17:55:52.034507Z",
            "yes_price": 3,
            "no_price": 97,
            "taker_side": "no"
        },
        {
            "trade_id": "78199dcf-50ef-4a1e-9061-4dd1946eb42c",
            "ticker": "KXHIGHMIA-24NOV26-B81.5",
            "count": 72,
            "created_time": "2024-11-26T17:55:52.034507Z",
            "yes_price": 4,
            "no_price": 96,
            "taker_side": "no"
        },
        {
            "trade_id": "b63ebf59-62fd-4f49-8f5e-72b369d6246c",
            "ticker": "KXHIGHMIA-24NOV26-B81.5",
            "count": 515,
            "created_time": "2024-11-26T17:55:51.774806Z",
            "yes_price": 4,
            "no_price": 96,
            "taker_side": "no"
        },
        {
            "trade_id": "c72d2721-6ffb-44da-b6bb-aeb944c899da",
            "ticker": "KXHIGHMIA-24NOV26-B81.5",
            "count": 100,
            "created_time": "2024-11-26T17:55:51.53064Z",
            "yes_price": 4,
            "no_price": 96,
            "taker_side": "no"
        },
        {
            "trade_id": "ba49e33b-c4bc-43f2-911d-29280649cc5e",
            "ticker": "KXHIGHMIA-24NOV26-B81.5",
            "count": 413,
            "created_time": "2024-11-26T17:55:51.53064Z",
            "yes_price": 4,
            "no_price": 96,
            "taker_side": "no"
        },
        {
            "trade_id": "9bc5713b-c1bb-4e73-8383-aa430a371bf8",
            "ticker": "KXHIGHMIA-24NOV26-B81.5",
            "count": 6,
            "created_time": "2024-11-26T17:54:46.570818Z",
            "yes_price": 23,
            "no_price": 77,
            "taker_side": "yes"
        },
        {
            "trade_id": "e97b44b2-4ba9-42cb-b5a5-b5c27cee21c5",
            "ticker": "KXHIGHMIA-24NOV26-B81.5",
            "count": 6,
            "created_time": "2024-11-26T17:54:42.018506Z",
            "yes_price": 22,
            "no_price": 78,
            "taker_side": "yes"
        },
        {
            "trade_id": "f80edf66-ee51-479d-aaad-b99f5fbc79aa",
            "ticker": "KXHIGHMIA-24NOV26-B81.5",
            "count": 3,
            "created_time": "2024-11-26T17:54:30.870764Z",
            "yes_price": 20,
            "no_price": 80,
            "taker_side": "yes"
        },
        {
            "trade_id": "16762d65-2057-41a6-8e3e-650d9d1a878c",
            "ticker": "KXHIGHMIA-24NOV26-B81.5",
            "count": 3,
            "created_time": "2024-11-26T17:54:30.870764Z",
            "yes_price": 20,
            "no_price": 80,
            "taker_side": "yes"
        },
        {
            "trade_id": "c5fe0d1c-260f-4f56-8700-eb8d757c1fa3",
            "ticker": "KXHIGHMIA-24NOV26-B81.5",
            "count": 22,
            "created_time": "2024-11-26T17:54:24.862897Z",
            "yes_price": 19,
            "no_price": 81,
            "taker_side": "yes"
        },
        {
            "trade_id": "7a66d91e-7e4c-4c1a-901c-2def8898a7e2",
            "ticker": "KXHIGHMIA-24NOV26-B81.5",
            "count": 1,
            "created_time": "2024-11-26T17:52:44.16623Z",
            "yes_price": 19,
            "no_price": 81,
            "taker_side": "yes"
        },
        {
            "trade_id": "704e5b9a-2356-469a-9554-a1ec3eca62e8",
            "ticker": "KXHIGHMIA-24NOV26-B81.5",
            "count": 1,
            "created_time": "2024-11-26T17:46:40.291102Z",
            "yes_price": 20,
            "no_price": 80,
            "taker_side": "yes"
        },
        {
            "trade_id": "79d6e8d6-29be-43df-8fd5-959c2b3d90f0",
            "ticker": "KXHIGHMIA-24NOV26-B81.5",
            "count": 22,
            "created_time": "2024-11-26T17:43:30.65204Z",
            "yes_price": 14,
            "no_price": 86,
            "taker_side": "yes"
        },
        {
            "trade_id": "61648b4a-b71d-4b19-a989-b9bb50fa59a6",
            "ticker": "KXHIGHMIA-24NOV26-B81.5",
            "count": 77,
            "created_time": "2024-11-26T17:43:11.72865Z",
            "yes_price": 14,
            "no_price": 86,
            "taker_side": "yes"
        },
        {
            "trade_id": "0073c448-a008-430a-9b2a-63820c1de4b9",
            "ticker": "KXHIGHMIA-24NOV26-B81.5",
            "count": 68,
            "created_time": "2024-11-26T17:43:11.72865Z",
            "yes_price": 14,
            "no_price": 86,
            "taker_side": "yes"
        },
        {
            "trade_id": "bee3b98e-d011-408f-920f-5d24eacce084",
            "ticker": "KXHIGHMIA-24NOV26-B81.5",
            "count": 30,
            "created_time": "2024-11-26T17:36:59.892158Z",
            "yes_price": 2,
            "no_price": 98,
            "taker_side": "no"
        },
        {
            "trade_id": "33715175-e8bd-4603-9e41-6a48b496c6e3",
            "ticker": "KXHIGHMIA-24NOV26-B81.5",
            "count": 15,
            "created_time": "2024-11-26T17:36:59.892158Z",
            "yes_price": 3,
            "no_price": 97,
            "taker_side": "no"
        },
        {
            "trade_id": "a041a109-402a-4296-a0d7-e486a935728a",
            "ticker": "KXHIGHMIA-24NOV26-B81.5",
            "count": 23,
            "created_time": "2024-11-26T17:36:40.904723Z",
            "yes_price": 12,
            "no_price": 88,
            "taker_side": "yes"
        },
        {
            "trade_id": "51ed6734-c3ab-4982-bb8e-db9cda2d2f74",
            "ticker": "KXHIGHMIA-24NOV26-B81.5",
            "count": 32,
            "created_time": "2024-11-26T17:36:40.904723Z",
            "yes_price": 14,
            "no_price": 86,
            "taker_side": "yes"
        },
        {
            "trade_id": "2c46091b-eb03-4080-bee3-bd620f3d60e1",
            "ticker": "KXHIGHMIA-24NOV26-B81.5",
            "count": 2,
            "created_time": "2024-11-26T17:36:40.904723Z",
            "yes_price": 11,
            "no_price": 89,
            "taker_side": "yes"
        },
        {
            "trade_id": "5a7a0ec1-678d-464c-b520-3a76512a224e",
            "ticker": "KXHIGHMIA-24NOV26-B81.5",
            "count": 10,
            "created_time": "2024-11-26T17:35:27.70861Z",
            "yes_price": 9,
            "no_price": 91,
            "taker_side": "yes"
        },
        {
            "trade_id": "bfde3cc1-7259-4d1a-86b5-c13fc5ee3343",
            "ticker": "KXHIGHMIA-24NOV26-B81.5",
            "count": 135,
            "created_time": "2024-11-26T17:34:46.945151Z",
            "yes_price": 2,
            "no_price": 98,
            "taker_side": "no"
        },
        {
            "trade_id": "4700ab5c-69ff-4af5-9ccc-0f1bb01d4335",
            "ticker": "KXHIGHMIA-24NOV26-B81.5",
            "count": 34,
            "created_time": "2024-11-26T17:34:05.035275Z",
            "yes_price": 3,
            "no_price": 97,
            "taker_side": "yes"
        },
        {
            "trade_id": "e8cab94f-a6e4-46ff-8232-ec75602d5ac8",
            "ticker": "KXHIGHMIA-24NOV26-B81.5",
            "count": 100,
            "created_time": "2024-11-26T17:32:46.823845Z",
            "yes_price": 3,
            "no_price": 97,
            "taker_side": "no"
        },
        {
            "trade_id": "505dc7f4-be99-42a0-9c3f-3c62d70dee99",
            "ticker": "KXHIGHMIA-24NOV26-B81.5",
            "count": 50,
            "created_time": "2024-11-26T17:32:46.823845Z",
            "yes_price": 3,
            "no_price": 97,
            "taker_side": "no"
        },
        {
            "trade_id": "cbb98d61-44c9-4bb8-bce7-314ec218e3e6",
            "ticker": "KXHIGHMIA-24NOV26-B81.5",
            "count": 34,
            "created_time": "2024-11-26T17:25:39.928557Z",
            "yes_price": 1,
            "no_price": 99,
            "taker_side": "no"
        },
        {
            "trade_id": "b1c4b256-febe-4b79-8df8-150ca6641d30",
            "ticker": "KXHIGHMIA-24NOV26-B81.5",
            "count": 60,
            "created_time": "2024-11-26T17:25:39.928557Z",
            "yes_price": 9,
            "no_price": 91,
            "taker_side": "no"
        },
        {
            "trade_id": "25223227-0973-4e43-8958-dfa811356802",
            "ticker": "KXHIGHMIA-24NOV26-B81.5",
            "count": 100,
            "created_time": "2024-11-26T17:25:39.928557Z",
            "yes_price": 7,
            "no_price": 93,
            "taker_side": "no"
        },
        {
            "trade_id": "242c5022-076e-4055-a0bb-f8057b50c31d",
            "ticker": "KXHIGHMIA-24NOV26-B81.5",
            "count": 24,
            "created_time": "2024-11-26T17:25:39.928557Z",
            "yes_price": 8,
            "no_price": 92,
            "taker_side": "no"
        },
        {
            "trade_id": "118d0033-0e2b-464f-904c-2aba396b6adc",
            "ticker": "KXHIGHMIA-24NOV26-B81.5",
            "count": 58,
            "created_time": "2024-11-26T17:25:39.928557Z",
            "yes_price": 5,
            "no_price": 95,
            "taker_side": "no"
        },
        {
            "trade_id": "7f1e72e0-5161-4432-83e7-83b06fcd04a3",
            "ticker": "KXHIGHMIA-24NOV26-B81.5",
            "count": 27,
            "created_time": "2024-11-26T17:18:13.069972Z",
            "yes_price": 25,
            "no_price": 75,
            "taker_side": "yes"
        },
        {
            "trade_id": "620059e9-f757-4dd7-b412-5aae103ad529",
            "ticker": "KXHIGHMIA-24NOV26-B81.5",
            "count": 81,
            "created_time": "2024-11-26T17:18:13.069972Z",
            "yes_price": 26,
            "no_price": 74,
            "taker_side": "yes"
        },
        {
            "trade_id": "f6723220-7e9f-4837-a272-e1f1f24863ab",
            "ticker": "KXHIGHMIA-24NOV26-B81.5",
            "count": 200,
            "created_time": "2024-11-26T17:10:36.436537Z",
            "yes_price": 24,
            "no_price": 76,
            "taker_side": "yes"
        },
        {
            "trade_id": "931de52b-2424-4325-85c5-6f83fc899456",
            "ticker": "KXHIGHMIA-24NOV26-B81.5",
            "count": 29,
            "created_time": "2024-11-26T17:06:40.956685Z",
            "yes_price": 18,
            "no_price": 82,
            "taker_side": "yes"
        },
        {
            "trade_id": "37c402ed-6cf2-430e-973e-ceee2a25f1c9",
            "ticker": "KXHIGHMIA-24NOV26-B81.5",
            "count": 48,
            "created_time": "2024-11-26T17:04:14.570353Z",
            "yes_price": 7,
            "no_price": 93,
            "taker_side": "no"
        },
        {
            "trade_id": "3ccecac3-2b2b-441d-af71-6e0945c3a301",
            "ticker": "KXHIGHMIA-24NOV26-B81.5",
            "count": 1,
            "created_time": "2024-11-26T17:03:40.966555Z",
            "yes_price": 8,
            "no_price": 92,
            "taker_side": "no"
        },
        {
            "trade_id": "dfcae13c-e38d-4311-9a0f-726704abfaf9",
            "ticker": "KXHIGHMIA-24NOV26-B81.5",
            "count": 29,
            "created_time": "2024-11-26T17:02:33.359654Z",
            "yes_price": 19,
            "no_price": 81,
            "taker_side": "no"
        },
        {
            "trade_id": "2be5ba8a-91fd-4b6c-8eaf-1ddc2acf76aa",
            "ticker": "KXHIGHMIA-24NOV26-B81.5",
            "count": 3,
            "created_time": "2024-11-26T16:58:31.229295Z",
            "yes_price": 20,
            "no_price": 80,
            "taker_side": "no"
        },
        {
            "trade_id": "05657df9-915a-44d3-92c0-19624b15b656",
            "ticker": "KXHIGHMIA-24NOV26-B81.5",
            "count": 15,
            "created_time": "2024-11-26T16:54:47.074059Z",
            "yes_price": 20,
            "no_price": 80,
            "taker_side": "no"
        },
        {
            "trade_id": "931402e2-da86-4924-8e17-66c0379e140d",
            "ticker": "KXHIGHMIA-24NOV26-B81.5",
            "count": 32,
            "created_time": "2024-11-26T16:48:39.960753Z",
            "yes_price": 24,
            "no_price": 76,
            "taker_side": "no"
        },
        {
            "trade_id": "775f761e-e2f8-4cef-90da-8bdc1eb905d5",
            "ticker": "KXHIGHMIA-24NOV26-B81.5",
            "count": 60,
            "created_time": "2024-11-26T16:48:39.960753Z",
            "yes_price": 29,
            "no_price": 71,
            "taker_side": "no"
        },
        {
            "trade_id": "74f860ca-e7ed-4358-8300-3a6172e60606",
            "ticker": "KXHIGHMIA-24NOV26-B81.5",
            "count": 680,
            "created_time": "2024-11-26T16:48:39.960753Z",
            "yes_price": 21,
            "no_price": 79,
            "taker_side": "no"
        },
        {
            "trade_id": "6f619a6e-f3b9-4102-8eb9-981cabf89767",
            "ticker": "KXHIGHMIA-24NOV26-B81.5",
            "count": 349,
            "created_time": "2024-11-26T16:48:39.960753Z",
            "yes_price": 26,
            "no_price": 74,
            "taker_side": "no"
        },
        {
            "trade_id": "4b081e86-6210-4431-a005-7cdd04f57135",
            "ticker": "KXHIGHMIA-24NOV26-B81.5",
            "count": 100,
            "created_time": "2024-11-26T16:48:39.960753Z",
            "yes_price": 28,
            "no_price": 72,
            "taker_side": "no"
        },
        {
            "trade_id": "4556e1f1-20a9-4059-a4cb-0194b581439c",
            "ticker": "KXHIGHMIA-24NOV26-B81.5",
            "count": 100,
            "created_time": "2024-11-26T16:48:39.960753Z",
            "yes_price": 26,
            "no_price": 74,
            "taker_side": "no"
        },
        {
            "trade_id": "4005547f-c80e-4c9e-b155-a83c8680cd0a",
            "ticker": "KXHIGHMIA-24NOV26-B81.5",
            "count": 100,
            "created_time": "2024-11-26T16:48:39.960753Z",
            "yes_price": 27,
            "no_price": 73,
            "taker_side": "no"
        },
        {
            "trade_id": "d1c4ed0b-66d6-4d17-8724-70c74da8914f",
            "ticker": "KXHIGHMIA-24NOV26-B81.5",
            "count": 1,
            "created_time": "2024-11-26T16:44:57.264501Z",
            "yes_price": 44,
            "no_price": 56,
            "taker_side": "yes"
        },
        {
            "trade_id": "91087a62-2493-4c4d-b9f3-6bf44912df37",
            "ticker": "KXHIGHMIA-24NOV26-B81.5",
            "count": 281,
            "created_time": "2024-11-26T16:43:31.070487Z",
            "yes_price": 28,
            "no_price": 72,
            "taker_side": "no"
        },
        {
            "trade_id": "41551558-799f-42f4-a7da-c738cb832f7b",
            "ticker": "KXHIGHMIA-24NOV26-B81.5",
            "count": 34,
            "created_time": "2024-11-26T16:43:21.386318Z",
            "yes_price": 28,
            "no_price": 72,
            "taker_side": "no"
        },
        {
            "trade_id": "09a34fc8-10d0-4a30-9391-8a33caee6aa5",
            "ticker": "KXHIGHMIA-24NOV26-B81.5",
            "count": 52,
            "created_time": "2024-11-26T16:43:16.342548Z",
            "yes_price": 29,
            "no_price": 71,
            "taker_side": "no"
        },
        {
            "trade_id": "a66c6f43-c32a-4a17-9de2-0fb7e488a8ac",
            "ticker": "KXHIGHMIA-24NOV26-B81.5",
            "count": 10,
            "created_time": "2024-11-26T16:29:49.470361Z",
            "yes_price": 30,
            "no_price": 70,
            "taker_side": "yes"
        },
        {
            "trade_id": "34f0d19e-0e33-4bdc-87ce-b0654dd77fd6",
            "ticker": "KXHIGHMIA-24NOV26-B81.5",
            "count": 28,
            "created_time": "2024-11-26T16:28:41.176122Z",
            "yes_price": 39,
            "no_price": 61,
            "taker_side": "yes"
        },
        {
            "trade_id": "17662a5e-c5ce-4ebd-9c37-97d98930fd3b",
            "ticker": "KXHIGHMIA-24NOV26-B81.5",
            "count": 28,
            "created_time": "2024-11-26T16:28:41.176122Z",
            "yes_price": 38,
            "no_price": 62,
            "taker_side": "yes"
        },
        {
            "trade_id": "071bc206-38d2-4fc9-b19d-d5ce2bf68195",
            "ticker": "KXHIGHMIA-24NOV26-B81.5",
            "count": 74,
            "created_time": "2024-11-26T16:28:36.527583Z",
            "yes_price": 36,
            "no_price": 64,
            "taker_side": "yes"
        },
        {
            "trade_id": "d754379c-c689-4fca-960c-64a4918c81f6",
            "ticker": "KXHIGHMIA-24NOV26-B81.5",
            "count": 26,
            "created_time": "2024-11-26T16:27:47.3919Z",
            "yes_price": 36,
            "no_price": 64,
            "taker_side": "yes"
        },
        {
            "trade_id": "51fa9b1a-0df2-4ced-9c6f-9a9afbc0909d",
            "ticker": "KXHIGHMIA-24NOV26-B81.5",
            "count": 160,
            "created_time": "2024-11-26T16:27:23.175623Z",
            "yes_price": 28,
            "no_price": 72,
            "taker_side": "no"
        },
        {
            "trade_id": "707e6127-6e31-4b20-8d07-8c75a82ed653",
            "ticker": "KXHIGHMIA-24NOV26-B81.5",
            "count": 95,
            "created_time": "2024-11-26T16:26:06.828129Z",
            "yes_price": 37,
            "no_price": 63,
            "taker_side": "yes"
        },
        {
            "trade_id": "9152fc7f-af0b-4798-a80f-8fb8570db51e",
            "ticker": "KXHIGHMIA-24NOV26-B81.5",
            "count": 15,
            "created_time": "2024-11-26T16:23:25.836861Z",
            "yes_price": 29,
            "no_price": 71,
            "taker_side": "no"
        },
        {
            "trade_id": "abdfb5ca-9438-43d8-9223-6938c0e6ef89",
            "ticker": "KXHIGHMIA-24NOV26-B81.5",
            "count": 5,
            "created_time": "2024-11-26T16:23:10.747943Z",
            "yes_price": 37,
            "no_price": 63,
            "taker_side": "yes"
        },
        {
            "trade_id": "4170d28a-d834-4497-be00-6e6b6272a054",
            "ticker": "KXHIGHMIA-24NOV26-B81.5",
            "count": 15,
            "created_time": "2024-11-26T16:22:10.94884Z",
            "yes_price": 29,
            "no_price": 71,
            "taker_side": "no"
        },
        {
            "trade_id": "c85c8cd4-f928-4d22-b5e2-eb3a32a0da23",
            "ticker": "KXHIGHMIA-24NOV26-B81.5",
            "count": 23,
            "created_time": "2024-11-26T16:21:55.401351Z",
            "yes_price": 36,
            "no_price": 64,
            "taker_side": "yes"
        },
        {
            "trade_id": "539d0859-5428-44d6-806e-ae575381fcef",
            "ticker": "KXHIGHMIA-24NOV26-B81.5",
            "count": 69,
            "created_time": "2024-11-26T16:14:00.246741Z",
            "yes_price": 34,
            "no_price": 66,
            "taker_side": "yes"
        },
        {
            "trade_id": "59f2d68c-fe39-46bd-a03c-943493e5a5bb",
            "ticker": "KXHIGHMIA-24NOV26-B81.5",
            "count": 5,
            "created_time": "2024-11-26T16:13:29.364708Z",
            "yes_price": 34,
            "no_price": 66,
            "taker_side": "yes"
        },
        {
            "trade_id": "213f870a-43ca-4a4d-bab1-1f3d364ffd5e",
            "ticker": "KXHIGHMIA-24NOV26-B81.5",
            "count": 15,
            "created_time": "2024-11-26T16:13:26.82305Z",
            "yes_price": 28,
            "no_price": 72,
            "taker_side": "no"
        },
        {
            "trade_id": "c082c5df-dd21-4279-81db-ab2feded8e3b",
            "ticker": "KXHIGHMIA-24NOV26-B81.5",
            "count": 31,
            "created_time": "2024-11-26T16:10:48.570237Z",
            "yes_price": 28,
            "no_price": 72,
            "taker_side": "no"
        },
        {
            "trade_id": "c73b22fb-679b-44ec-9d2e-ea51fccc5627",
            "ticker": "KXHIGHMIA-24NOV26-B81.5",
            "count": 46,
            "created_time": "2024-11-26T16:10:38.854988Z",
            "yes_price": 28,
            "no_price": 72,
            "taker_side": "no"
        },
        {
            "trade_id": "e7fa3b5e-6654-44fe-bef3-f2dce04685dc",
            "ticker": "KXHIGHMIA-24NOV26-B81.5",
            "count": 13,
            "created_time": "2024-11-26T16:09:00.510683Z",
            "yes_price": 28,
            "no_price": 72,
            "taker_side": "no"
        },
        {
            "trade_id": "e88042b0-2c66-4f6d-a0b7-7a93d1486184",
            "ticker": "KXHIGHMIA-24NOV26-B81.5",
            "count": 1,
            "created_time": "2024-11-26T16:06:02.466026Z",
            "yes_price": 28,
            "no_price": 72,
            "taker_side": "no"
        },
        {
            "trade_id": "8ff6cfd0-88d5-46a5-a671-8ef204d7ed88",
            "ticker": "KXHIGHMIA-24NOV26-B81.5",
            "count": 100,
            "created_time": "2024-11-26T16:04:29.511535Z",
            "yes_price": 33,
            "no_price": 67,
            "taker_side": "yes"
        },
        {
            "trade_id": "4c795345-5d71-4932-b463-c2ef10fa9a34",
            "ticker": "KXHIGHMIA-24NOV26-B81.5",
            "count": 9,
            "created_time": "2024-11-26T16:02:32.200972Z",
            "yes_price": 26,
            "no_price": 74,
            "taker_side": "no"
        },
        {
            "trade_id": "4636dada-f295-4689-b77e-012a210950b5",
            "ticker": "KXHIGHMIA-24NOV26-B81.5",
            "count": 1,
            "created_time": "2024-11-26T16:01:52.057394Z",
            "yes_price": 27,
            "no_price": 73,
            "taker_side": "no"
        },
        {
            "trade_id": "407b38e6-8528-4df1-9d7a-829e53dc4772",
            "ticker": "KXHIGHMIA-24NOV26-B81.5",
            "count": 42,
            "created_time": "2024-11-26T16:01:52.057394Z",
            "yes_price": 26,
            "no_price": 74,
            "taker_side": "no"
        },
        {
            "trade_id": "da89a703-a82d-48b3-8aaa-abbfa6f4c079",
            "ticker": "KXHIGHMIA-24NOV26-B81.5",
            "count": 88,
            "created_time": "2024-11-26T15:56:40.458545Z",
            "yes_price": 35,
            "no_price": 65,
            "taker_side": "yes"
        },
        {
            "trade_id": "4a4aeaff-8a69-4e22-a339-8570e099ee4d",
            "ticker": "KXHIGHMIA-24NOV26-B81.5",
            "count": 88,
            "created_time": "2024-11-26T15:56:40.458545Z",
            "yes_price": 35,
            "no_price": 65,
            "taker_side": "yes"
        },
        {
            "trade_id": "50571baa-a70c-46b6-9511-91fe4cc604de",
            "ticker": "KXHIGHMIA-24NOV26-B81.5",
            "count": 144,
            "created_time": "2024-11-26T15:46:24.93975Z",
            "yes_price": 35,
            "no_price": 65,
            "taker_side": "no"
        },
        {
            "trade_id": "f6aaf99d-d613-418c-859b-86c744239bc6",
            "ticker": "KXHIGHMIA-24NOV26-B81.5",
            "count": 3,
            "created_time": "2024-11-26T15:46:24.822304Z",
            "yes_price": 36,
            "no_price": 64,
            "taker_side": "no"
        },
        {
            "trade_id": "e1b35233-85b3-4b12-aa04-ba7894ef61b1",
            "ticker": "KXHIGHMIA-24NOV26-B81.5",
            "count": 6,
            "created_time": "2024-11-26T15:45:29.480597Z",
            "yes_price": 35,
            "no_price": 65,
            "taker_side": "no"
        },
        {
            "trade_id": "8f0308ed-5b3c-49e8-b7ad-6b39e638d9ab",
            "ticker": "KXHIGHMIA-24NOV26-B81.5",
            "count": 6,
            "created_time": "2024-11-26T15:45:21.380696Z",
            "yes_price": 36,
            "no_price": 64,
            "taker_side": "no"
        },
        {
            "trade_id": "b5f53141-020a-4ead-982e-1b7555324b81",
            "ticker": "KXHIGHMIA-24NOV26-B81.5",
            "count": 2,
            "created_time": "2024-11-26T15:33:40.925165Z",
            "yes_price": 43,
            "no_price": 57,
            "taker_side": "yes"
        },
        {
            "trade_id": "9b11a606-ab76-472e-a1ca-28c5f879681e",
            "ticker": "KXHIGHMIA-24NOV26-B81.5",
            "count": 25,
            "created_time": "2024-11-26T15:27:36.960384Z",
            "yes_price": 43,
            "no_price": 57,
            "taker_side": "no"
        },
        {
            "trade_id": "7acc3f62-58d3-4ffd-b042-d43ad2a8b095",
            "ticker": "KXHIGHMIA-24NOV26-B81.5",
            "count": 15,
            "created_time": "2024-11-26T15:27:36.960384Z",
            "yes_price": 44,
            "no_price": 56,
            "taker_side": "no"
        },
        {
            "trade_id": "e2f93f6d-d658-45a8-a812-d1107c065696",
            "ticker": "KXHIGHMIA-24NOV26-B81.5",
            "count": 32,
            "created_time": "2024-11-26T15:09:40.883519Z",
            "yes_price": 52,
            "no_price": 48,
            "taker_side": "yes"
        },
        {
            "trade_id": "341b6bec-0e3c-4a87-9746-c3bb3c5fada2",
            "ticker": "KXHIGHMIA-24NOV26-B81.5",
            "count": 59,
            "created_time": "2024-11-26T15:09:40.883519Z",
            "yes_price": 53,
            "no_price": 47,
            "taker_side": "yes"
        },
        {
            "trade_id": "e9e4b68b-14e8-45a5-a06f-985a48ef3d72",
            "ticker": "KXHIGHMIA-24NOV26-B81.5",
            "count": 9,
            "created_time": "2024-11-26T15:01:51.519221Z",
            "yes_price": 50,
            "no_price": 50,
            "taker_side": "yes"
        },
        {
            "trade_id": "9a58f422-96c0-4d79-bfad-fa5653e1aaf6",
            "ticker": "KXHIGHMIA-24NOV26-B81.5",
            "count": 5,
            "created_time": "2024-11-26T15:01:51.519221Z",
            "yes_price": 50,
            "no_price": 50,
            "taker_side": "yes"
        },
        {
            "trade_id": "4d7fba00-d45f-48c8-9c59-ac3b804b2a8d",
            "ticker": "KXHIGHMIA-24NOV26-B81.5",
            "count": 82,
            "created_time": "2024-11-26T15:01:51.519221Z",
            "yes_price": 50,
            "no_price": 50,
            "taker_side": "yes"
        },
        {
            "trade_id": "f2fc8fb2-df7f-4c1c-9e94-bf4c70616042",
            "ticker": "KXHIGHMIA-24NOV26-B81.5",
            "count": 9,
            "created_time": "2024-11-26T14:56:35.565806Z",
            "yes_price": 50,
            "no_price": 50,
            "taker_side": "yes"
        },
        {
            "trade_id": "aaedfce3-be82-4bea-a6d9-0347275f8b7c",
            "ticker": "KXHIGHMIA-24NOV26-B81.5",
            "count": 9,
            "created_time": "2024-11-26T14:55:44.49339Z",
            "yes_price": 50,
            "no_price": 50,
            "taker_side": "yes"
        },
        {
            "trade_id": "591ff4c1-91d2-48d7-ba12-677b93d93377",
            "ticker": "KXHIGHMIA-24NOV26-B81.5",
            "count": 8,
            "created_time": "2024-11-26T14:54:33.362879Z",
            "yes_price": 45,
            "no_price": 55,
            "taker_side": "no"
        },
        {
            "trade_id": "4b7c238a-1772-4120-bce8-718f48bc10b7",
            "ticker": "KXHIGHMIA-24NOV26-B81.5",
            "count": 45,
            "created_time": "2024-11-26T14:35:01.395294Z",
            "yes_price": 53,
            "no_price": 47,
            "taker_side": "yes"
        },
        {
            "trade_id": "98e607bf-bbb4-4882-ac6c-39892bdc04dc",
            "ticker": "KXHIGHMIA-24NOV26-B81.5",
            "count": 7,
            "created_time": "2024-11-26T14:26:32.240431Z",
            "yes_price": 54,
            "no_price": 46,
            "taker_side": "yes"
        },
        {
            "trade_id": "b6a06039-0de1-4c4e-b16e-083e928b434f",
            "ticker": "KXHIGHMIA-24NOV26-B81.5",
            "count": 44,
            "created_time": "2024-11-26T14:15:39.427892Z",
            "yes_price": 54,
            "no_price": 46,
            "taker_side": "yes"
        },
        {
            "trade_id": "0743a491-51e6-4cf3-9827-54ff0f913312",
            "ticker": "KXHIGHMIA-24NOV26-B81.5",
            "count": 4,
            "created_time": "2024-11-26T14:10:45.730335Z",
            "yes_price": 53,
            "no_price": 47,
            "taker_side": "yes"
        },
        {
            "trade_id": "444e77c3-4994-4859-a5ef-b64daa412a95",
            "ticker": "KXHIGHMIA-24NOV26-B81.5",
            "count": 28,
            "created_time": "2024-11-26T14:09:31.711009Z",
            "yes_price": 52,
            "no_price": 48,
            "taker_side": "no"
        },
        {
            "trade_id": "35a4ca76-1dd4-4236-81ea-cd652c8fadce",
            "ticker": "KXHIGHMIA-24NOV26-B81.5",
            "count": 37,
            "created_time": "2024-11-26T14:09:31.600492Z",
            "yes_price": 51,
            "no_price": 49,
            "taker_side": "yes"
        },
        {
            "trade_id": "8a3cc5bb-a0cb-4f1d-98ae-1b65c9d4b282",
            "ticker": "KXHIGHMIA-24NOV26-B81.5",
            "count": 9,
            "created_time": "2024-11-26T14:00:03.399727Z",
            "yes_price": 52,
            "no_price": 48,
            "taker_side": "yes"
        },
        {
            "trade_id": "183a4944-4cfe-45e1-a7cb-416c9456af61",
            "ticker": "KXHIGHMIA-24NOV26-B81.5",
            "count": 48,
            "created_time": "2024-11-26T13:47:21.299901Z",
            "yes_price": 50,
            "no_price": 50,
            "taker_side": "yes"
        },
        {
            "trade_id": "a9046062-7f48-42f6-8f1c-f55223981c71",
            "ticker": "KXHIGHMIA-24NOV26-B81.5",
            "count": 19,
            "created_time": "2024-11-26T13:23:51.875084Z",
            "yes_price": 50,
            "no_price": 50,
            "taker_side": "yes"
        },
        {
            "trade_id": "0134b644-d12f-4fb0-ab89-b463ad10708d",
            "ticker": "KXHIGHMIA-24NOV26-B81.5",
            "count": 96,
            "created_time": "2024-11-26T13:21:42.171902Z",
            "yes_price": 51,
            "no_price": 49,
            "taker_side": "yes"
        },
        {
            "trade_id": "7409e864-67e9-4aba-acaf-20bb988dd80d",
            "ticker": "KXHIGHMIA-24NOV26-B81.5",
            "count": 1,
            "created_time": "2024-11-26T13:20:18.488267Z",
            "yes_price": 50,
            "no_price": 50,
            "taker_side": "yes"
        },
        {
            "trade_id": "22429ff5-c6f6-4d01-b98e-4478520d6536",
            "ticker": "KXHIGHMIA-24NOV26-B81.5",
            "count": 100,
            "created_time": "2024-11-26T13:18:09.584934Z",
            "yes_price": 51,
            "no_price": 49,
            "taker_side": "yes"
        },
        {
            "trade_id": "06e51260-2a3d-4b98-95df-d1a5b4102fe4",
            "ticker": "KXHIGHMIA-24NOV26-B81.5",
            "count": 3,
            "created_time": "2024-11-26T13:18:09.584934Z",
            "yes_price": 52,
            "no_price": 48,
            "taker_side": "yes"
        },
        {
            "trade_id": "ec2cd50b-598a-4db3-a1ec-88ab5674f566",
            "ticker": "KXHIGHMIA-24NOV26-B81.5",
            "count": 41,
            "created_time": "2024-11-26T13:05:13.184324Z",
            "yes_price": 52,
            "no_price": 48,
            "taker_side": "yes"
        },
        {
            "trade_id": "a346a087-97e1-4eb8-a5fb-2d5a53cbca2e",
            "ticker": "KXHIGHMIA-24NOV26-B81.5",
            "count": 200,
            "created_time": "2024-11-26T13:05:13.184324Z",
            "yes_price": 52,
            "no_price": 48,
            "taker_side": "yes"
        },
        {
            "trade_id": "03037daf-75fd-4eda-8000-0903f503104b",
            "ticker": "KXHIGHMIA-24NOV26-B81.5",
            "count": 50,
            "created_time": "2024-11-26T13:05:13.184324Z",
            "yes_price": 51,
            "no_price": 49,
            "taker_side": "yes"
        },
        {
            "trade_id": "4210bb43-b426-4f85-b0ba-4bfa7b608623",
            "ticker": "KXHIGHMIA-24NOV26-B81.5",
            "count": 24,
            "created_time": "2024-11-26T07:44:13.896972Z",
            "yes_price": 40,
            "no_price": 60,
            "taker_side": "no"
        },
        {
            "trade_id": "31a30859-e718-4521-b1b6-4a6872211da3",
            "ticker": "KXHIGHMIA-24NOV26-B81.5",
            "count": 100,
            "created_time": "2024-11-26T07:30:32.57267Z",
            "yes_price": 40,
            "no_price": 60,
            "taker_side": "no"
        },
        {
            "trade_id": "e69c80d9-4de0-4d6e-a3d7-f69b52b05b98",
            "ticker": "KXHIGHMIA-24NOV26-B81.5",
            "count": 100,
            "created_time": "2024-11-26T07:30:02.863774Z",
            "yes_price": 40,
            "no_price": 60,
            "taker_side": "yes"
        },
        {
            "trade_id": "89966788-68d0-47c2-be42-15103e8d0222",
            "ticker": "KXHIGHMIA-24NOV26-B81.5",
            "count": 55,
            "created_time": "2024-11-26T07:24:23.861836Z",
            "yes_price": 35,
            "no_price": 65,
            "taker_side": "no"
        },
        {
            "trade_id": "59694718-d0fc-4709-95cd-6b9446596995",
            "ticker": "KXHIGHMIA-24NOV26-B81.5",
            "count": 23,
            "created_time": "2024-11-26T07:24:23.861836Z",
            "yes_price": 34,
            "no_price": 66,
            "taker_side": "no"
        },
        {
            "trade_id": "31f9b796-80c9-46e8-bffa-09a987a18b1d",
            "ticker": "KXHIGHMIA-24NOV26-B81.5",
            "count": 22,
            "created_time": "2024-11-26T07:24:23.861836Z",
            "yes_price": 33,
            "no_price": 67,
            "taker_side": "no"
        },
        {
            "trade_id": "b06aaa8e-53ae-47f3-b377-3052f0a526e1",
            "ticker": "KXHIGHMIA-24NOV26-B81.5",
            "count": 43,
            "created_time": "2024-11-26T06:44:17.991646Z",
            "yes_price": 44,
            "no_price": 56,
            "taker_side": "yes"
        },
        {
            "trade_id": "9fdefbdf-dcc6-4e80-a2b5-624a125f13b2",
            "ticker": "KXHIGHMIA-24NOV26-B81.5",
            "count": 33,
            "created_time": "2024-11-26T06:36:26.86428Z",
            "yes_price": 45,
            "no_price": 55,
            "taker_side": "no"
        },
        {
            "trade_id": "5b1dd9ab-58a7-4560-84ca-692945e72b5a",
            "ticker": "KXHIGHMIA-24NOV26-B81.5",
            "count": 54,
            "created_time": "2024-11-26T06:34:33.914347Z",
            "yes_price": 48,
            "no_price": 52,
            "taker_side": "yes"
        },
        {
            "trade_id": "dce95757-2e55-4df8-bc48-c3675a776b97",
            "ticker": "KXHIGHMIA-24NOV26-B81.5",
            "count": 156,
            "created_time": "2024-11-26T06:33:22.088582Z",
            "yes_price": 45,
            "no_price": 55,
            "taker_side": "yes"
        },
        {
            "trade_id": "b9762475-219f-4fac-88e1-3f2cfc4af5bd",
            "ticker": "KXHIGHMIA-24NOV26-B81.5",
            "count": 44,
            "created_time": "2024-11-26T06:33:22.088582Z",
            "yes_price": 45,
            "no_price": 55,
            "taker_side": "yes"
        },
        {
            "trade_id": "54608103-1518-4cc7-b97e-bb57db3da055",
            "ticker": "KXHIGHMIA-24NOV26-B81.5",
            "count": 24,
            "created_time": "2024-11-26T06:32:01.079821Z",
            "yes_price": 44,
            "no_price": 56,
            "taker_side": "yes"
        },
        {
            "trade_id": "2a83b382-d30a-4c60-a051-fb5f61efbed4",
            "ticker": "KXHIGHMIA-24NOV26-B81.5",
            "count": 46,
            "created_time": "2024-11-26T06:27:22.311345Z",
            "yes_price": 38,
            "no_price": 62,
            "taker_side": "yes"
        },
        {
            "trade_id": "cf8f8b1c-f6ed-4d76-a843-ec457b80e51c",
            "ticker": "KXHIGHMIA-24NOV26-B81.5",
            "count": 63,
            "created_time": "2024-11-26T06:26:30.784968Z",
            "yes_price": 38,
            "no_price": 62,
            "taker_side": "yes"
        },
        {
            "trade_id": "fb95d32e-521f-41e8-bfc5-462464183cc5",
            "ticker": "KXHIGHMIA-24NOV26-B81.5",
            "count": 5,
            "created_time": "2024-11-26T06:24:10.24721Z",
            "yes_price": 38,
            "no_price": 62,
            "taker_side": "yes"
        },
        {
            "trade_id": "b2651096-904e-4a75-9d6c-cc61f6946630",
            "ticker": "KXHIGHMIA-24NOV26-B81.5",
            "count": 43,
            "created_time": "2024-11-26T06:17:24.456193Z",
            "yes_price": 39,
            "no_price": 61,
            "taker_side": "yes"
        },
        {
            "trade_id": "5bb29e56-4485-463c-a3fe-eab4f4be6359",
            "ticker": "KXHIGHMIA-24NOV26-B81.5",
            "count": 25,
            "created_time": "2024-11-26T06:14:52.47472Z",
            "yes_price": 38,
            "no_price": 62,
            "taker_side": "yes"
        },
        {
            "trade_id": "2cdab801-c125-4923-9fbd-762f63e90c7a",
            "ticker": "KXHIGHMIA-24NOV26-B81.5",
            "count": 6,
            "created_time": "2024-11-26T05:55:05.304591Z",
            "yes_price": 42,
            "no_price": 58,
            "taker_side": "yes"
        },
        {
            "trade_id": "dc940dff-168a-4af4-b4f1-b72e4dd77ef0",
            "ticker": "KXHIGHMIA-24NOV26-B81.5",
            "count": 2,
            "created_time": "2024-11-26T05:46:41.674164Z",
            "yes_price": 44,
            "no_price": 56,
            "taker_side": "yes"
        },
        {
            "trade_id": "e4c6000f-acbd-4c43-9230-5cc7d46e4964",
            "ticker": "KXHIGHMIA-24NOV26-B81.5",
            "count": 10,
            "created_time": "2024-11-26T05:25:12.522956Z",
            "yes_price": 39,
            "no_price": 61,
            "taker_side": "yes"
        },
        {
            "trade_id": "bd26b329-8b12-431c-bf2f-daab0bcf6a16",
            "ticker": "KXHIGHMIA-24NOV26-B81.5",
            "count": 100,
            "created_time": "2024-11-26T05:03:41.21114Z",
            "yes_price": 37,
            "no_price": 63,
            "taker_side": "yes"
        },
        {
            "trade_id": "ab9b7416-97b5-43b3-9a1c-d6b626e3255c",
            "ticker": "KXHIGHMIA-24NOV26-B81.5",
            "count": 1,
            "created_time": "2024-11-26T05:03:41.21114Z",
            "yes_price": 36,
            "no_price": 64,
            "taker_side": "yes"
        },
        {
            "trade_id": "6d211fe0-020d-4b22-9bb3-6aabb4ac5820",
            "ticker": "KXHIGHMIA-24NOV26-B81.5",
            "count": 59,
            "created_time": "2024-11-26T05:03:41.21114Z",
            "yes_price": 37,
            "no_price": 63,
            "taker_side": "yes"
        },
        {
            "trade_id": "3fa726b0-0852-468f-a740-2b9fa04bdd89",
            "ticker": "KXHIGHMIA-24NOV26-B81.5",
            "count": 76,
            "created_time": "2024-11-26T05:00:40.452455Z",
            "yes_price": 35,
            "no_price": 65,
            "taker_side": "no"
        },
        {
            "trade_id": "16a3eea5-0cbc-486d-b63f-9f398963d2da",
            "ticker": "KXHIGHMIA-24NOV26-B81.5",
            "count": 100,
            "created_time": "2024-11-26T04:30:39.913843Z",
            "yes_price": 45,
            "no_price": 55,
            "taker_side": "no"
        },
        {
            "trade_id": "b05042ef-8619-4144-9e86-b69e210cb66a",
            "ticker": "KXHIGHMIA-24NOV26-B81.5",
            "count": 74,
            "created_time": "2024-11-26T04:30:39.802218Z",
            "yes_price": 43,
            "no_price": 57,
            "taker_side": "yes"
        },
        {
            "trade_id": "8858e156-069d-45cc-9d5a-4fd0e4806c94",
            "ticker": "KXHIGHMIA-24NOV26-B81.5",
            "count": 18,
            "created_time": "2024-11-26T04:30:39.802218Z",
            "yes_price": 44,
            "no_price": 56,
            "taker_side": "yes"
        },
        {
            "trade_id": "edc5f503-ec5e-4e97-81eb-bf6c9c4156b5",
            "ticker": "KXHIGHMIA-24NOV26-B81.5",
            "count": 13,
            "created_time": "2024-11-26T04:30:39.740378Z",
            "yes_price": 42,
            "no_price": 58,
            "taker_side": "yes"
        },
        {
            "trade_id": "eb17a683-ccc2-4fb1-9b10-ccd052763d13",
            "ticker": "KXHIGHMIA-24NOV26-B81.5",
            "count": 87,
            "created_time": "2024-11-26T04:30:39.740378Z",
            "yes_price": 43,
            "no_price": 57,
            "taker_side": "yes"
        },
        {
            "trade_id": "a67c62f0-bc45-4fc9-b99b-9a5acbab1eec",
            "ticker": "KXHIGHMIA-24NOV26-B81.5",
            "count": 61,
            "created_time": "2024-11-26T04:24:26.512764Z",
            "yes_price": 39,
            "no_price": 61,
            "taker_side": "yes"
        },
        {
            "trade_id": "06a12560-5388-4bc2-be9e-b3fe96a4f96c",
            "ticker": "KXHIGHMIA-24NOV26-B81.5",
            "count": 39,
            "created_time": "2024-11-26T04:24:26.512764Z",
            "yes_price": 40,
            "no_price": 60,
            "taker_side": "yes"
        },
        {
            "trade_id": "5cd56d4f-6da3-4f6c-bcd7-3afd694bf1a8",
            "ticker": "KXHIGHMIA-24NOV26-B81.5",
            "count": 54,
            "created_time": "2024-11-26T03:48:47.122239Z",
            "yes_price": 35,
            "no_price": 65,
            "taker_side": "yes"
        },
        {
            "trade_id": "6d2994fe-2134-4968-bb61-704c26509a61",
            "ticker": "KXHIGHMIA-24NOV26-B81.5",
            "count": 42,
            "created_time": "2024-11-26T03:25:05.405751Z",
            "yes_price": 39,
            "no_price": 61,
            "taker_side": "no"
        },
        {
            "trade_id": "544aab7a-7728-4711-b142-44b6c7df7b40",
            "ticker": "KXHIGHMIA-24NOV26-B81.5",
            "count": 300,
            "created_time": "2024-11-26T03:25:05.405751Z",
            "yes_price": 35,
            "no_price": 65,
            "taker_side": "no"
        },
        {
            "trade_id": "c583776d-82d4-4dc3-b79d-244d2fdba265",
            "ticker": "KXHIGHMIA-24NOV26-B81.5",
            "count": 75,
            "created_time": "2024-11-26T03:24:31.290935Z",
            "yes_price": 43,
            "no_price": 57,
            "taker_side": "no"
        },
        {
            "trade_id": "b4534f56-1b1a-454f-89b7-e16128aa0001",
            "ticker": "KXHIGHMIA-24NOV26-B81.5",
            "count": 18,
            "created_time": "2024-11-26T03:00:31.222346Z",
            "yes_price": 44,
            "no_price": 56,
            "taker_side": "no"
        },
        {
            "trade_id": "1dfcbb06-6a8f-4fa0-b1da-c15ee955e1c1",
            "ticker": "KXHIGHMIA-24NOV26-B81.5",
            "count": 7,
            "created_time": "2024-11-26T03:00:31.222346Z",
            "yes_price": 43,
            "no_price": 57,
            "taker_side": "no"
        },
        {
            "trade_id": "3ab73d8e-8ae9-4f99-a9c8-bf31fcfdc836",
            "ticker": "KXHIGHMIA-24NOV26-B81.5",
            "count": 21,
            "created_time": "2024-11-26T02:59:00.147288Z",
            "yes_price": 47,
            "no_price": 53,
            "taker_side": "yes"
        },
        {
            "trade_id": "5f681156-3442-4bd8-8882-54935d7ba8a5",
            "ticker": "KXHIGHMIA-24NOV26-B81.5",
            "count": 22,
            "created_time": "2024-11-26T02:20:42.179689Z",
            "yes_price": 44,
            "no_price": 56,
            "taker_side": "no"
        },
        {
            "trade_id": "56cb1315-2061-4b53-abb1-5b1868845bd4",
            "ticker": "KXHIGHMIA-24NOV26-B81.5",
            "count": 21,
            "created_time": "2024-11-26T02:20:42.038753Z",
            "yes_price": 44,
            "no_price": 56,
            "taker_side": "no"
        },
        {
            "trade_id": "a0dd241c-1f5d-4c04-bcd6-7ffdbaa6cc8d",
            "ticker": "KXHIGHMIA-24NOV26-B81.5",
            "count": 21,
            "created_time": "2024-11-26T02:20:42.025023Z",
            "yes_price": 44,
            "no_price": 56,
            "taker_side": "no"
        },
        {
            "trade_id": "9798c4c7-f115-4ddb-8008-2d96bee0863c",
            "ticker": "KXHIGHMIA-24NOV26-B81.5",
            "count": 36,
            "created_time": "2024-11-26T01:56:55.278747Z",
            "yes_price": 44,
            "no_price": 56,
            "taker_side": "no"
        },
        {
            "trade_id": "d11b50ea-e633-4238-9f83-20a19120f562",
            "ticker": "KXHIGHMIA-24NOV26-B81.5",
            "count": 2,
            "created_time": "2024-11-26T01:40:27.651268Z",
            "yes_price": 47,
            "no_price": 53,
            "taker_side": "yes"
        },
        {
            "trade_id": "06ca293b-2cde-4f29-8f8e-8d3f461fd97d",
            "ticker": "KXHIGHMIA-24NOV26-B81.5",
            "count": 50,
            "created_time": "2024-11-26T01:39:51.70541Z",
            "yes_price": 45,
            "no_price": 55,
            "taker_side": "no"
        },
        {
            "trade_id": "01821d3d-3405-48dd-8405-5f56a5cf85e9",
            "ticker": "KXHIGHMIA-24NOV26-B81.5",
            "count": 12,
            "created_time": "2024-11-26T01:18:39.314743Z",
            "yes_price": 48,
            "no_price": 52,
            "taker_side": "no"
        },
        {
            "trade_id": "47cab14d-d78b-4b49-af85-2ad3c20b6259",
            "ticker": "KXHIGHMIA-24NOV26-B81.5",
            "count": 10,
            "created_time": "2024-11-26T00:37:14.898971Z",
            "yes_price": 48,
            "no_price": 52,
            "taker_side": "yes"
        },
        {
            "trade_id": "c2d37265-be68-42c9-9221-aada86df4e53",
            "ticker": "KXHIGHMIA-24NOV26-B81.5",
            "count": 4,
            "created_time": "2024-11-26T00:22:46.696372Z",
            "yes_price": 48,
            "no_price": 52,
            "taker_side": "yes"
        },
        {
            "trade_id": "855e3155-deb8-439d-ad51-468452760051",
            "ticker": "KXHIGHMIA-24NOV26-B81.5",
            "count": 82,
            "created_time": "2024-11-25T23:06:29.3717Z",
            "yes_price": 47,
            "no_price": 53,
            "taker_side": "no"
        },
        {
            "trade_id": "6adbb33e-7a85-437e-9868-79dc8a7b7870",
            "ticker": "KXHIGHMIA-24NOV26-B81.5",
            "count": 17,
            "created_time": "2024-11-25T23:06:29.3717Z",
            "yes_price": 48,
            "no_price": 52,
            "taker_side": "no"
        },
        {
            "trade_id": "069f3ee3-7323-408c-807a-ad98f695599b",
            "ticker": "KXHIGHMIA-24NOV26-B81.5",
            "count": 18,
            "created_time": "2024-11-25T22:51:49.130527Z",
            "yes_price": 47,
            "no_price": 53,
            "taker_side": "no"
        },
        {
            "trade_id": "0bb0955c-5ff8-42cc-9d39-bee9fe979bba",
            "ticker": "KXHIGHMIA-24NOV26-B81.5",
            "count": 2,
            "created_time": "2024-11-25T22:49:55.056624Z",
            "yes_price": 52,
            "no_price": 48,
            "taker_side": "yes"
        },
        {
            "trade_id": "d1effa18-587b-4c4f-bed6-33d56abd3d08",
            "ticker": "KXHIGHMIA-24NOV26-B81.5",
            "count": 89,
            "created_time": "2024-11-25T22:47:30.699593Z",
            "yes_price": 50,
            "no_price": 50,
            "taker_side": "yes"
        },
        {
            "trade_id": "d6cece4a-3cf6-46f5-9f04-53fa05256c74",
            "ticker": "KXHIGHMIA-24NOV26-B81.5",
            "count": 51,
            "created_time": "2024-11-25T22:06:32.932326Z",
            "yes_price": 52,
            "no_price": 48,
            "taker_side": "no"
        },
        {
            "trade_id": "fddb8c5c-f2bd-4b76-bb23-8e6ba957fe5a",
            "ticker": "KXHIGHMIA-24NOV26-B81.5",
            "count": 99,
            "created_time": "2024-11-25T22:06:32.880905Z",
            "yes_price": 52,
            "no_price": 48,
            "taker_side": "no"
        },
        {
            "trade_id": "2bdf75e2-7ebe-49b3-9480-3e9d7200aaa6",
            "ticker": "KXHIGHMIA-24NOV26-B81.5",
            "count": 1,
            "created_time": "2024-11-25T22:06:32.880905Z",
            "yes_price": 53,
            "no_price": 47,
            "taker_side": "no"
        },
        {
            "trade_id": "eb28600e-15ab-4da6-b2d8-bba7584372ea",
            "ticker": "KXHIGHMIA-24NOV26-B81.5",
            "count": 9,
            "created_time": "2024-11-25T21:52:43.499159Z",
            "yes_price": 53,
            "no_price": 47,
            "taker_side": "no"
        },
        {
            "trade_id": "c37d5f20-27a3-4756-bf99-2a1de156cb63",
            "ticker": "KXHIGHMIA-24NOV26-B81.5",
            "count": 1,
            "created_time": "2024-11-25T21:11:08.622452Z",
            "yes_price": 54,
            "no_price": 46,
            "taker_side": "no"
        },
        {
            "trade_id": "ef9c2c29-8216-4f66-9957-882dc490a343",
            "ticker": "KXHIGHMIA-24NOV26-B81.5",
            "count": 30,
            "created_time": "2024-11-25T20:17:26.743091Z",
            "yes_price": 54,
            "no_price": 46,
            "taker_side": "no"
        },
        {
            "trade_id": "2034e331-c390-49b2-b145-12d522122fd6",
            "ticker": "KXHIGHMIA-24NOV26-B81.5",
            "count": 9,
            "created_time": "2024-11-25T20:17:26.378435Z",
            "yes_price": 54,
            "no_price": 46,
            "taker_side": "no"
        },
        {
            "trade_id": "da132dd6-d3bf-4288-a6c7-bb9319cbf5f6",
            "ticker": "KXHIGHMIA-24NOV26-B81.5",
            "count": 61,
            "created_time": "2024-11-25T20:17:26.130746Z",
            "yes_price": 54,
            "no_price": 46,
            "taker_side": "no"
        },
        {
            "trade_id": "bac62e59-6dfc-4e25-ab0f-eec229977852",
            "ticker": "KXHIGHMIA-24NOV26-B81.5",
            "count": 9,
            "created_time": "2024-11-25T20:11:58.542941Z",
            "yes_price": 54,
            "no_price": 46,
            "taker_side": "no"
        },
        {
            "trade_id": "144bb044-0cd2-416c-b863-b970bc0c18d3",
            "ticker": "KXHIGHMIA-24NOV26-B81.5",
            "count": 8,
            "created_time": "2024-11-25T19:21:23.641703Z",
            "yes_price": 57,
            "no_price": 43,
            "taker_side": "yes"
        },
        {
            "trade_id": "44e27db5-0a7e-4e57-a31d-1574c2c07c17",
            "ticker": "KXHIGHMIA-24NOV26-B81.5",
            "count": 3,
            "created_time": "2024-11-25T18:26:38.628159Z",
            "yes_price": 57,
            "no_price": 43,
            "taker_side": "yes"
        },
        {
            "trade_id": "d8b6a459-579a-427a-b910-b0f403a83223",
            "ticker": "KXHIGHMIA-24NOV26-B81.5",
            "count": 18,
            "created_time": "2024-11-25T16:18:57.574325Z",
            "yes_price": 56,
            "no_price": 44,
            "taker_side": "yes"
        },
        {
            "trade_id": "6da458ae-ec44-4e15-9b65-7fe03ade48f4",
