{
    "HIGHMIA-24SEP08-T86": [
        {
            "trade_id": "931c3a6a-f119-40e3-9249-bfbf9ffe9897",
            "ticker": "HIGHMIA-24SEP08-T86",
            "count": 50,
            "created_time": "2024-09-07T14:24:44.754266Z",
            "yes_price": 1,
            "no_price": 99,
            "taker_side": "no"
        }
    ],
    "HIGHMIA-24SEP08-B86.5": [
        {
            "trade_id": "69ba4d5b-520b-42c7-8f0b-61c196ada659",
            "ticker": "HIGHMIA-24SEP08-B86.5",
            "count": 50,
            "created_time": "2024-09-08T12:07:12.638523Z",
            "yes_price": 1,
            "no_price": 99,
            "taker_side": "no"
        }
    ],
    "HIGHMIA-24SEP08-B88.5": [
        {
            "trade_id": "c8537af9-6585-4215-a105-1541e7947a8c",
            "ticker": "HIGHMIA-24SEP08-B88.5",
            "count": 50,
            "created_time": "2024-09-08T12:07:12.630109Z",
            "yes_price": 1,
            "no_price": 99,
            "taker_side": "no"
        },
        {
            "trade_id": "f5062e70-807f-4d0c-b41d-b5492a50d3e4",
            "ticker": "HIGHMIA-24SEP08-B88.5",
            "count": 27,
            "created_time": "2024-09-07T21:44:44.54118Z",
            "yes_price": 5,
            "no_price": 95,
            "taker_side": "yes"
        }
    ],
    "HIGHMIA-24SEP08-B90.5": [
        {
            "trade_id": "a98025e1-f9f6-4b3d-8be9-aa5ef425304d",
            "ticker": "HIGHMIA-24SEP08-B90.5",
            "count": 660,
            "created_time": "2024-09-08T23:15:54.670548Z",
            "yes_price": 97,
            "no_price": 3,
            "taker_side": "no"
        },
        {
            "trade_id": "bc441f67-af4f-4210-b7e7-8e9e07bcb2fd",
            "ticker": "HIGHMIA-24SEP08-B90.5",
            "count": 45,
            "created_time": "2024-09-08T22:09:57.927138Z",
            "yes_price": 99,
            "no_price": 1,
            "taker_side": "yes"
        },
        {
            "trade_id": "b54c59e4-baa3-416b-bcf3-bcbf6dc60fce",
            "ticker": "HIGHMIA-24SEP08-B90.5",
            "count": 1,
            "created_time": "2024-09-08T21:36:10.518406Z",
            "yes_price": 99,
            "no_price": 1,
            "taker_side": "yes"
        },
        {
            "trade_id": "ccf694db-5a05-4cca-9014-225b11a5a7d0",
            "ticker": "HIGHMIA-24SEP08-B90.5",
            "count": 1,
            "created_time": "2024-09-08T21:22:13.999207Z",
            "yes_price": 99,
            "no_price": 1,
            "taker_side": "yes"
        },
        {
            "trade_id": "f6e003e8-af9e-4820-8590-b19a2cedeff6",
            "ticker": "HIGHMIA-24SEP08-B90.5",
            "count": 1,
            "created_time": "2024-09-08T21:22:05.969898Z",
            "yes_price": 99,
            "no_price": 1,
            "taker_side": "yes"
        },
        {
            "trade_id": "085172c8-dbf9-4773-baf2-043c4d2f4070",
            "ticker": "HIGHMIA-24SEP08-B90.5",
            "count": 1,
            "created_time": "2024-09-08T21:21:52.103572Z",
            "yes_price": 99,
            "no_price": 1,
            "taker_side": "yes"
        },
        {
            "trade_id": "49795e81-2036-4eb0-9b48-ab5ecb59e340",
            "ticker": "HIGHMIA-24SEP08-B90.5",
            "count": 1,
            "created_time": "2024-09-08T21:20:15.646213Z",
            "yes_price": 99,
            "no_price": 1,
            "taker_side": "yes"
        },
        {
            "trade_id": "d2932f0c-29e9-44e4-af8c-49f738eef049",
            "ticker": "HIGHMIA-24SEP08-B90.5",
            "count": 25,
            "created_time": "2024-09-08T20:50:09.973945Z",
            "yes_price": 97,
            "no_price": 3,
            "taker_side": "yes"
        },
        {
            "trade_id": "9f3a4414-b044-4f43-94b4-2e03d815bd73",
            "ticker": "HIGHMIA-24SEP08-B90.5",
            "count": 41,
            "created_time": "2024-09-08T20:50:09.973945Z",
            "yes_price": 96,
            "no_price": 4,
            "taker_side": "yes"
        },
        {
            "trade_id": "82956484-edc1-4632-95ba-8f4b86b4f722",
            "ticker": "HIGHMIA-24SEP08-B90.5",
            "count": 1,
            "created_time": "2024-09-08T20:28:19.48647Z",
            "yes_price": 96,
            "no_price": 4,
            "taker_side": "yes"
        },
        {
            "trade_id": "445f7ef5-1ef8-47fc-9b26-06ca07ffc503",
            "ticker": "HIGHMIA-24SEP08-B90.5",
            "count": 1,
            "created_time": "2024-09-08T20:23:27.837754Z",
            "yes_price": 5,
            "no_price": 95,
            "taker_side": "yes"
        },
        {
            "trade_id": "2b874945-187d-477c-90f2-1b12973e8ef5",
            "ticker": "HIGHMIA-24SEP08-B90.5",
            "count": 17,
            "created_time": "2024-09-08T20:20:25.287226Z",
            "yes_price": 96,
            "no_price": 4,
            "taker_side": "yes"
        },
        {
            "trade_id": "c7512c28-b1ce-4a8a-b735-2af49b728c30",
            "ticker": "HIGHMIA-24SEP08-B90.5",
            "count": 1,
            "created_time": "2024-09-08T20:20:10.470594Z",
            "yes_price": 96,
            "no_price": 4,
            "taker_side": "yes"
        },
        {
            "trade_id": "c6947946-b6ae-4c3b-85fd-baa904613d0d",
            "ticker": "HIGHMIA-24SEP08-B90.5",
            "count": 1,
            "created_time": "2024-09-08T20:19:45.253142Z",
            "yes_price": 96,
            "no_price": 4,
            "taker_side": "yes"
        },
        {
            "trade_id": "39f7f80f-381b-4868-aa15-af202dcb8dfa",
            "ticker": "HIGHMIA-24SEP08-B90.5",
            "count": 1,
            "created_time": "2024-09-08T20:19:15.828041Z",
            "yes_price": 96,
            "no_price": 4,
            "taker_side": "yes"
        },
        {
            "trade_id": "c9ab5ae8-128a-47c2-95bf-b8115f6c82b9",
            "ticker": "HIGHMIA-24SEP08-B90.5",
            "count": 1,
            "created_time": "2024-09-08T20:14:21.250977Z",
            "yes_price": 95,
            "no_price": 5,
            "taker_side": "yes"
        },
        {
            "trade_id": "8d5dcf01-2f20-491e-bdf5-f865511b46e4",
            "ticker": "HIGHMIA-24SEP08-B90.5",
            "count": 6,
            "created_time": "2024-09-08T20:09:21.314521Z",
            "yes_price": 94,
            "no_price": 6,
            "taker_side": "yes"
        },
        {
            "trade_id": "37e05efd-1574-4d6e-a7e8-a05719e7cf6b",
            "ticker": "HIGHMIA-24SEP08-B90.5",
            "count": 51,
            "created_time": "2024-09-08T20:09:21.314521Z",
            "yes_price": 96,
            "no_price": 4,
            "taker_side": "yes"
        },
        {
            "trade_id": "f47a57f2-053b-4031-9bce-1e2ac8643841",
            "ticker": "HIGHMIA-24SEP08-B90.5",
            "count": 1,
            "created_time": "2024-09-08T20:09:20.933186Z",
            "yes_price": 94,
            "no_price": 6,
            "taker_side": "yes"
        },
        {
            "trade_id": "a7670f37-03f5-44bb-9f41-5caa7de774b2",
            "ticker": "HIGHMIA-24SEP08-B90.5",
            "count": 1,
            "created_time": "2024-09-08T20:03:47.906255Z",
            "yes_price": 94,
            "no_price": 6,
            "taker_side": "yes"
        },
        {
            "trade_id": "b0ed30b6-e966-4737-97a2-6d7e4571b875",
            "ticker": "HIGHMIA-24SEP08-B90.5",
            "count": 8,
            "created_time": "2024-09-08T19:45:19.590138Z",
            "yes_price": 55,
            "no_price": 45,
            "taker_side": "yes"
        },
        {
            "trade_id": "42e03d8c-0579-4cbc-89c1-a154a54bd1bf",
            "ticker": "HIGHMIA-24SEP08-B90.5",
            "count": 1,
            "created_time": "2024-09-08T19:37:15.486039Z",
            "yes_price": 42,
            "no_price": 58,
            "taker_side": "yes"
        },
        {
            "trade_id": "ade90f19-cc70-4822-b27b-005c997a2389",
            "ticker": "HIGHMIA-24SEP08-B90.5",
            "count": 1,
            "created_time": "2024-09-08T19:28:22.702046Z",
            "yes_price": 94,
            "no_price": 6,
            "taker_side": "yes"
        },
        {
            "trade_id": "a1d363d2-7214-4a4a-99aa-fc7e40d3c7cf",
            "ticker": "HIGHMIA-24SEP08-B90.5",
            "count": 1,
            "created_time": "2024-09-08T19:27:24.464763Z",
            "yes_price": 94,
            "no_price": 6,
            "taker_side": "yes"
        },
        {
            "trade_id": "e3df73a1-f003-47c6-bbf3-413ca315b861",
            "ticker": "HIGHMIA-24SEP08-B90.5",
            "count": 1,
            "created_time": "2024-09-08T19:26:05.085016Z",
            "yes_price": 3,
            "no_price": 97,
            "taker_side": "no"
        },
        {
            "trade_id": "e5c71810-7a76-4cbb-a901-c39095135a4f",
            "ticker": "HIGHMIA-24SEP08-B90.5",
            "count": 2,
            "created_time": "2024-09-08T19:25:55.38489Z",
            "yes_price": 1,
            "no_price": 99,
            "taker_side": "no"
        },
        {
            "trade_id": "047ddd8d-2776-43fc-b2e7-515d67b27656",
            "ticker": "HIGHMIA-24SEP08-B90.5",
            "count": 2,
            "created_time": "2024-09-08T19:25:46.505711Z",
            "yes_price": 1,
            "no_price": 99,
            "taker_side": "no"
        },
        {
            "trade_id": "4d44b1f7-4eae-4347-b0b8-62b10294f3b2",
            "ticker": "HIGHMIA-24SEP08-B90.5",
            "count": 1,
            "created_time": "2024-09-08T19:25:27.799681Z",
            "yes_price": 51,
            "no_price": 49,
            "taker_side": "no"
        },
        {
            "trade_id": "1aa53bab-dc43-459f-b35f-2932fc8a7ca1",
            "ticker": "HIGHMIA-24SEP08-B90.5",
            "count": 4,
            "created_time": "2024-09-08T19:25:27.799681Z",
            "yes_price": 1,
            "no_price": 99,
            "taker_side": "no"
        },
        {
            "trade_id": "f8d61b55-f20b-4f42-a500-899abd6ae2a2",
            "ticker": "HIGHMIA-24SEP08-B90.5",
            "count": 8,
            "created_time": "2024-09-08T19:16:21.126723Z",
            "yes_price": 95,
            "no_price": 5,
            "taker_side": "yes"
        },
        {
            "trade_id": "49fe4c32-d71d-47ab-a152-e9d811983945",
            "ticker": "HIGHMIA-24SEP08-B90.5",
            "count": 3,
            "created_time": "2024-09-08T19:16:21.126723Z",
            "yes_price": 68,
            "no_price": 32,
            "taker_side": "yes"
        },
        {
            "trade_id": "0d5b31f0-29c6-4e66-8877-2d325840ebc1",
            "ticker": "HIGHMIA-24SEP08-B90.5",
            "count": 41,
            "created_time": "2024-09-08T18:02:29.1053Z",
            "yes_price": 53,
            "no_price": 47,
            "taker_side": "no"
        },
        {
            "trade_id": "48a5b33e-dff9-415f-8d55-df1591091ed5",
            "ticker": "HIGHMIA-24SEP08-B90.5",
            "count": 25,
            "created_time": "2024-09-08T17:46:32.50712Z",
            "yes_price": 55,
            "no_price": 45,
            "taker_side": "no"
        },
        {
            "trade_id": "05f08286-02a4-4fe5-82a5-6406a2bbf8a1",
            "ticker": "HIGHMIA-24SEP08-B90.5",
            "count": 75,
            "created_time": "2024-09-08T14:57:49.435749Z",
            "yes_price": 55,
            "no_price": 45,
            "taker_side": "yes"
        },
        {
            "trade_id": "bcbb70ec-d96b-47be-8bbb-85c7bf5b5834",
            "ticker": "HIGHMIA-24SEP08-B90.5",
            "count": 1,
            "created_time": "2024-09-08T13:15:37.043166Z",
            "yes_price": 53,
            "no_price": 47,
            "taker_side": "yes"
        },
        {
            "trade_id": "15a80b37-5cdc-4db5-8328-225524fdecb6",
            "ticker": "HIGHMIA-24SEP08-B90.5",
            "count": 19,
            "created_time": "2024-09-08T13:15:37.043166Z",
            "yes_price": 54,
            "no_price": 46,
            "taker_side": "yes"
        },
        {
            "trade_id": "12cd638f-5443-477e-9fee-86e26b2eb22d",
            "ticker": "HIGHMIA-24SEP08-B90.5",
            "count": 1,
            "created_time": "2024-09-08T13:08:29.878258Z",
            "yes_price": 55,
            "no_price": 45,
            "taker_side": "no"
        },
        {
            "trade_id": "ca0bbb31-e951-43d8-a868-41d157017242",
            "ticker": "HIGHMIA-24SEP08-B90.5",
            "count": 1,
            "created_time": "2024-09-08T13:03:39.10318Z",
            "yes_price": 57,
            "no_price": 43,
            "taker_side": "yes"
        },
        {
            "trade_id": "c9fad404-8546-42b5-8381-07429946141a",
            "ticker": "HIGHMIA-24SEP08-B90.5",
            "count": 2,
            "created_time": "2024-09-08T12:54:23.481865Z",
            "yes_price": 63,
            "no_price": 37,
            "taker_side": "no"
        },
        {
            "trade_id": "bcc72f73-c341-46d2-b263-66eea53d3087",
            "ticker": "HIGHMIA-24SEP08-B90.5",
            "count": 200,
            "created_time": "2024-09-08T12:54:23.481865Z",
            "yes_price": 53,
            "no_price": 47,
            "taker_side": "no"
        },
        {
            "trade_id": "814fe087-4c1e-43a6-93e5-1b3580a3dcde",
            "ticker": "HIGHMIA-24SEP08-B90.5",
            "count": 200,
            "created_time": "2024-09-08T12:54:23.481865Z",
            "yes_price": 56,
            "no_price": 44,
            "taker_side": "no"
        },
        {
            "trade_id": "787346bb-f625-43f3-939a-97ffc7a508b9",
            "ticker": "HIGHMIA-24SEP08-B90.5",
            "count": 40,
            "created_time": "2024-09-08T12:54:23.481865Z",
            "yes_price": 57,
            "no_price": 43,
            "taker_side": "no"
        },
        {
            "trade_id": "e43450b2-1dc5-41d3-9536-e1474048fee0",
            "ticker": "HIGHMIA-24SEP08-B90.5",
            "count": 60,
            "created_time": "2024-09-08T12:14:18.469203Z",
            "yes_price": 65,
            "no_price": 35,
            "taker_side": "yes"
        },
        {
            "trade_id": "ae7e7275-0358-4aa7-ad96-34a8ddb0bc1b",
            "ticker": "HIGHMIA-24SEP08-B90.5",
            "count": 85,
            "created_time": "2024-09-08T12:14:18.469203Z",
            "yes_price": 67,
            "no_price": 33,
            "taker_side": "yes"
        },
        {
            "trade_id": "6ee3d191-ba80-41f9-af27-da61631e019f",
            "ticker": "HIGHMIA-24SEP08-B90.5",
            "count": 1,
            "created_time": "2024-09-08T12:14:18.469203Z",
            "yes_price": 64,
            "no_price": 36,
            "taker_side": "yes"
        },
        {
            "trade_id": "53c390ec-a865-4ee1-afff-5e272c5d29c6",
            "ticker": "HIGHMIA-24SEP08-B90.5",
            "count": 1,
            "created_time": "2024-09-08T12:14:18.469203Z",
            "yes_price": 66,
            "no_price": 34,
            "taker_side": "yes"
        },
        {
            "trade_id": "493ac989-e2a3-40c9-8573-8fbf294594b2",
            "ticker": "HIGHMIA-24SEP08-B90.5",
            "count": 3,
            "created_time": "2024-09-08T12:13:45.77496Z",
            "yes_price": 68,
            "no_price": 32,
            "taker_side": "no"
        },
        {
            "trade_id": "ebfa8765-e51c-4e61-a304-adbf6fca0eb2",
            "ticker": "HIGHMIA-24SEP08-B90.5",
            "count": 200,
            "created_time": "2024-09-08T12:13:39.216102Z",
            "yes_price": 65,
            "no_price": 35,
            "taker_side": "yes"
        },
        {
            "trade_id": "ea3a8543-5d6c-4695-9af4-6daac261ecc7",
            "ticker": "HIGHMIA-24SEP08-B90.5",
            "count": 1,
            "created_time": "2024-09-08T12:13:39.216102Z",
            "yes_price": 59,
            "no_price": 41,
            "taker_side": "yes"
        },
        {
            "trade_id": "df108b90-cd4d-4b80-9091-7c0cfa2faaba",
            "ticker": "HIGHMIA-24SEP08-B90.5",
            "count": 1,
            "created_time": "2024-09-08T12:13:39.216102Z",
            "yes_price": 62,
            "no_price": 38,
            "taker_side": "yes"
        },
        {
            "trade_id": "d6848963-6404-460f-8894-855db6b683a6",
            "ticker": "HIGHMIA-24SEP08-B90.5",
            "count": 1,
            "created_time": "2024-09-08T12:13:39.216102Z",
            "yes_price": 87,
            "no_price": 13,
            "taker_side": "yes"
        },
        {
            "trade_id": "9d3cc8e8-bfd8-422e-9d57-0e8d164b9718",
            "ticker": "HIGHMIA-24SEP08-B90.5",
            "count": 200,
            "created_time": "2024-09-08T12:13:39.216102Z",
            "yes_price": 62,
            "no_price": 38,
            "taker_side": "yes"
        },
        {
            "trade_id": "0d51b308-9656-4bb7-a3df-9142b38e3e60",
            "ticker": "HIGHMIA-24SEP08-B90.5",
            "count": 60,
            "created_time": "2024-09-08T12:13:39.216102Z",
            "yes_price": 60,
            "no_price": 40,
            "taker_side": "yes"
        },
        {
            "trade_id": "994625b8-9de2-4d9b-8e5f-11b9e23a7d1e",
            "ticker": "HIGHMIA-24SEP08-B90.5",
            "count": 3,
            "created_time": "2024-09-08T12:08:38.15824Z",
            "yes_price": 68,
            "no_price": 32,
            "taker_side": "no"
        },
        {
            "trade_id": "df0517f3-2245-4a42-b186-b2801925f684",
            "ticker": "HIGHMIA-24SEP08-B90.5",
            "count": 1,
            "created_time": "2024-09-08T12:07:12.501345Z",
            "yes_price": 75,
            "no_price": 25,
            "taker_side": "yes"
        },
        {
            "trade_id": "d973c466-f4e3-4edd-9c42-9cd87b760b84",
            "ticker": "HIGHMIA-24SEP08-B90.5",
            "count": 1,
            "created_time": "2024-09-08T12:07:12.501345Z",
            "yes_price": 95,
            "no_price": 5,
            "taker_side": "yes"
        },
        {
            "trade_id": "a4c4948f-2d09-42df-b588-7ec2e7fabfee",
            "ticker": "HIGHMIA-24SEP08-B90.5",
            "count": 50,
            "created_time": "2024-09-08T12:07:12.501345Z",
            "yes_price": 74,
            "no_price": 26,
            "taker_side": "yes"
        },
        {
            "trade_id": "74eeb216-dbb6-4923-b09e-22b802f3c442",
            "ticker": "HIGHMIA-24SEP08-B90.5",
            "count": 62,
            "created_time": "2024-09-08T12:07:12.501345Z",
            "yes_price": 96,
            "no_price": 4,
            "taker_side": "yes"
        },
        {
            "trade_id": "842c4d7a-8ba3-47eb-b841-5eb096ced0f0",
            "ticker": "HIGHMIA-24SEP08-B90.5",
            "count": 46,
            "created_time": "2024-09-08T01:36:40.642735Z",
            "yes_price": 52,
            "no_price": 48,
            "taker_side": "yes"
        },
        {
            "trade_id": "b48cbba2-ddc9-4d53-a2f1-d7430aba2105",
            "ticker": "HIGHMIA-24SEP08-B90.5",
            "count": 36,
            "created_time": "2024-09-08T01:36:34.146438Z",
            "yes_price": 52,
            "no_price": 48,
            "taker_side": "yes"
        },
        {
            "trade_id": "fcab70f7-8ea6-4a4a-9759-8293f96e2a6c",
            "ticker": "HIGHMIA-24SEP08-B90.5",
            "count": 18,
            "created_time": "2024-09-08T00:46:26.379516Z",
            "yes_price": 52,
            "no_price": 48,
            "taker_side": "yes"
        },
        {
            "trade_id": "99c348da-7205-4bd1-8587-4f47ddb0660a",
            "ticker": "HIGHMIA-24SEP08-B90.5",
            "count": 18,
            "created_time": "2024-09-08T00:01:25.681846Z",
            "yes_price": 53,
            "no_price": 47,
            "taker_side": "yes"
        },
        {
            "trade_id": "cd2e3d41-076d-47fe-ac37-5aae23e13325",
            "ticker": "HIGHMIA-24SEP08-B90.5",
            "count": 18,
            "created_time": "2024-09-08T00:01:13.303405Z",
            "yes_price": 53,
            "no_price": 47,
            "taker_side": "yes"
        },
        {
            "trade_id": "040b11bf-9aed-4067-9181-c13c566d100f",
            "ticker": "HIGHMIA-24SEP08-B90.5",
            "count": 18,
            "created_time": "2024-09-08T00:01:06.560326Z",
            "yes_price": 53,
            "no_price": 47,
            "taker_side": "yes"
        },
        {
            "trade_id": "48a749d0-56a5-41e4-a757-8aabbf73274e",
            "ticker": "HIGHMIA-24SEP08-B90.5",
            "count": 36,
            "created_time": "2024-09-07T23:20:37.174014Z",
            "yes_price": 50,
            "no_price": 50,
            "taker_side": "no"
        },
        {
            "trade_id": "b9e7ff3b-b46e-4d2d-9016-1e38b86eec2c",
            "ticker": "HIGHMIA-24SEP08-B90.5",
            "count": 9,
            "created_time": "2024-09-07T21:45:24.651094Z",
            "yes_price": 63,
            "no_price": 37,
            "taker_side": "yes"
        },
        {
            "trade_id": "3a70cdaf-fb3f-4f54-9b4a-f6e90fb27a59",
            "ticker": "HIGHMIA-24SEP08-B90.5",
            "count": 25,
            "created_time": "2024-09-07T21:40:01.76816Z",
            "yes_price": 53,
            "no_price": 47,
            "taker_side": "yes"
        },
        {
            "trade_id": "9e60c99e-881d-420d-94c1-e17995974ff7",
            "ticker": "HIGHMIA-24SEP08-B90.5",
            "count": 54,
            "created_time": "2024-09-07T21:01:12.351659Z",
            "yes_price": 56,
            "no_price": 44,
            "taker_side": "yes"
        },
        {
            "trade_id": "523a95b7-e3d4-400d-b254-0960b98570a2",
            "ticker": "HIGHMIA-24SEP08-B90.5",
            "count": 36,
            "created_time": "2024-09-07T20:59:54.258789Z",
            "yes_price": 55,
            "no_price": 45,
            "taker_side": "yes"
        },
        {
            "trade_id": "92fb2986-f8d1-4894-a7b3-52ef833bed63",
            "ticker": "HIGHMIA-24SEP08-B90.5",
            "count": 54,
            "created_time": "2024-09-07T20:17:28.699058Z",
            "yes_price": 52,
            "no_price": 48,
            "taker_side": "yes"
        },
        {
            "trade_id": "71746615-6b8f-49fa-b49e-6791e26ae53d",
            "ticker": "HIGHMIA-24SEP08-B90.5",
            "count": 18,
            "created_time": "2024-09-07T20:17:12.866227Z",
            "yes_price": 47,
            "no_price": 53,
            "taker_side": "yes"
        },
        {
            "trade_id": "706286ac-60f0-4cac-a44e-ed8a370b511a",
            "ticker": "HIGHMIA-24SEP08-B90.5",
            "count": 167,
            "created_time": "2024-09-07T20:17:12.866227Z",
            "yes_price": 52,
            "no_price": 48,
            "taker_side": "yes"
        },
        {
            "trade_id": "673dc92c-6c7c-420f-b2d2-68de14b7a4da",
            "ticker": "HIGHMIA-24SEP08-B90.5",
            "count": 180,
            "created_time": "2024-09-07T20:17:12.866227Z",
            "yes_price": 50,
            "no_price": 50,
            "taker_side": "yes"
        },
        {
            "trade_id": "b87a2d26-eab3-4807-a25b-33b98a7744f0",
            "ticker": "HIGHMIA-24SEP08-B90.5",
            "count": 90,
            "created_time": "2024-09-07T17:40:41.748863Z",
            "yes_price": 45,
            "no_price": 55,
            "taker_side": "no"
        },
        {
            "trade_id": "e04b3213-1a46-430d-8a22-855176a6e874",
            "ticker": "HIGHMIA-24SEP08-B90.5",
            "count": 36,
            "created_time": "2024-09-07T17:40:34.209989Z",
            "yes_price": 45,
            "no_price": 55,
            "taker_side": "no"
        },
        {
            "trade_id": "ea6e84a4-ba56-4205-a592-62ef70ca53b8",
            "ticker": "HIGHMIA-24SEP08-B90.5",
            "count": 36,
            "created_time": "2024-09-07T17:36:31.253631Z",
            "yes_price": 45,
            "no_price": 55,
            "taker_side": "no"
        },
        {
            "trade_id": "ecb0bd55-1f39-4ce1-8669-40877c979f48",
            "ticker": "HIGHMIA-24SEP08-B90.5",
            "count": 22,
            "created_time": "2024-09-07T16:19:00.070589Z",
            "yes_price": 51,
            "no_price": 49,
            "taker_side": "yes"
        },
        {
            "trade_id": "d2f32dc1-d42c-4d04-b603-6530d5fe47a7",
            "ticker": "HIGHMIA-24SEP08-B90.5",
            "count": 54,
            "created_time": "2024-09-07T16:19:00.070589Z",
            "yes_price": 51,
            "no_price": 49,
            "taker_side": "yes"
        },
        {
            "trade_id": "09261aee-9d97-4320-8c73-0b6372f9bbc1",
            "ticker": "HIGHMIA-24SEP08-B90.5",
            "count": 9,
            "created_time": "2024-09-07T15:57:55.01277Z",
            "yes_price": 46,
            "no_price": 54,
            "taker_side": "no"
        },
        {
            "trade_id": "e29fe35d-74f4-4722-a8ec-ceb6b01fd763",
            "ticker": "HIGHMIA-24SEP08-B90.5",
            "count": 7,
            "created_time": "2024-09-07T15:56:33.522876Z",
            "yes_price": 44,
            "no_price": 56,
            "taker_side": "yes"
        },
        {
            "trade_id": "032afc11-82ed-4afb-82a6-3e729a238689",
            "ticker": "HIGHMIA-24SEP08-B90.5",
            "count": 3,
            "created_time": "2024-09-07T15:56:33.522876Z",
            "yes_price": 45,
            "no_price": 55,
            "taker_side": "yes"
        },
        {
            "trade_id": "e115c653-08e1-441e-ad70-79f1a80bfde3",
            "ticker": "HIGHMIA-24SEP08-B90.5",
            "count": 14,
            "created_time": "2024-09-07T15:52:33.3647Z",
            "yes_price": 42,
            "no_price": 58,
            "taker_side": "yes"
        },
        {
            "trade_id": "da1009a6-54f0-4a67-a02e-a1e7164b6293",
            "ticker": "HIGHMIA-24SEP08-B90.5",
            "count": 10,
            "created_time": "2024-09-07T15:52:33.3647Z",
            "yes_price": 44,
            "no_price": 56,
            "taker_side": "yes"
        },
        {
            "trade_id": "2d75d2bd-ee45-425e-abac-5797a298fb8f",
            "ticker": "HIGHMIA-24SEP08-B90.5",
            "count": 10,
            "created_time": "2024-09-07T15:52:33.3647Z",
            "yes_price": 43,
            "no_price": 57,
            "taker_side": "yes"
        },
        {
            "trade_id": "0dc9587a-b61e-4e33-bfab-3f513a197d50",
            "ticker": "HIGHMIA-24SEP08-B90.5",
            "count": 15,
            "created_time": "2024-09-07T15:33:40.563685Z",
            "yes_price": 41,
            "no_price": 59,
            "taker_side": "yes"
        },
        {
            "trade_id": "de40cf3a-08ed-4c99-8d71-c6ffd74fca63",
            "ticker": "HIGHMIA-24SEP08-B90.5",
            "count": 13,
            "created_time": "2024-09-07T15:29:24.531092Z",
            "yes_price": 40,
            "no_price": 60,
            "taker_side": "yes"
        },
        {
            "trade_id": "6d52cbec-bc0d-4e59-b3e9-f2090882842c",
            "ticker": "HIGHMIA-24SEP08-B90.5",
            "count": 30,
            "created_time": "2024-09-07T15:19:11.866373Z",
            "yes_price": 39,
            "no_price": 61,
            "taker_side": "yes"
        },
        {
            "trade_id": "941b23b9-d367-4677-b700-d860ac88db43",
            "ticker": "HIGHMIA-24SEP08-B90.5",
            "count": 1,
            "created_time": "2024-09-07T15:19:00.605285Z",
            "yes_price": 38,
            "no_price": 62,
            "taker_side": "yes"
        },
        {
            "trade_id": "d3972f9b-09f7-467d-bad2-f146e45b5254",
            "ticker": "HIGHMIA-24SEP08-B90.5",
            "count": 35,
            "created_time": "2024-09-07T15:03:05.595694Z",
            "yes_price": 36,
            "no_price": 64,
            "taker_side": "yes"
        },
        {
            "trade_id": "c97e9d12-2041-494f-9906-3ba5394425e4",
            "ticker": "HIGHMIA-24SEP08-B90.5",
            "count": 180,
            "created_time": "2024-09-07T15:03:05.595694Z",
            "yes_price": 38,
            "no_price": 62,
            "taker_side": "yes"
        },
        {
            "trade_id": "b2bb3db4-b6d7-4e60-8a31-bf487f946dc4",
            "ticker": "HIGHMIA-24SEP08-B90.5",
            "count": 15,
            "created_time": "2024-09-07T15:03:05.595694Z",
            "yes_price": 37,
            "no_price": 63,
            "taker_side": "yes"
        },
        {
            "trade_id": "86506dd8-8513-4bfb-aab7-b3a312733751",
            "ticker": "HIGHMIA-24SEP08-B90.5",
            "count": 1,
            "created_time": "2024-09-07T15:03:05.595694Z",
            "yes_price": 38,
            "no_price": 62,
            "taker_side": "yes"
        },
        {
            "trade_id": "17eda704-5dd2-40da-9ed1-007bfb465362",
            "ticker": "HIGHMIA-24SEP08-B90.5",
            "count": 180,
            "created_time": "2024-09-07T15:03:05.595694Z",
            "yes_price": 40,
            "no_price": 60,
            "taker_side": "yes"
        },
        {
            "trade_id": "fd912e33-77d2-4084-8bc7-a829ab080749",
            "ticker": "HIGHMIA-24SEP08-B90.5",
            "count": 1,
            "created_time": "2024-09-07T15:00:17.611209Z",
            "yes_price": 36,
            "no_price": 64,
            "taker_side": "yes"
        }
    ],
    "HIGHMIA-24SEP08-B92.5": [
        {
            "trade_id": "9f89f361-6a26-44a5-b672-5179a68aa5b2",
            "ticker": "HIGHMIA-24SEP08-B92.5",
            "count": 300,
            "created_time": "2024-09-09T02:37:42.990281Z",
            "yes_price": 2,
            "no_price": 98,
            "taker_side": "yes"
        },
        {
            "trade_id": "2b15ad1c-3681-4e51-be55-cbded48ffb59",
            "ticker": "HIGHMIA-24SEP08-B92.5",
            "count": 16,
            "created_time": "2024-09-09T02:34:50.726006Z",
            "yes_price": 2,
            "no_price": 98,
            "taker_side": "yes"
        },
        {
            "trade_id": "34b65e56-f9c2-4b12-aa8b-30716b1b4cf6",
            "ticker": "HIGHMIA-24SEP08-B92.5",
            "count": 300,
            "created_time": "2024-09-08T23:54:07.401477Z",
            "yes_price": 3,
            "no_price": 97,
            "taker_side": "yes"
        },
        {
            "trade_id": "88d55c1e-30c0-4c35-9515-f325f22d0730",
            "ticker": "HIGHMIA-24SEP08-B92.5",
            "count": 100,
            "created_time": "2024-09-08T23:53:54.755804Z",
            "yes_price": 3,
            "no_price": 97,
            "taker_side": "yes"
        },
        {
            "trade_id": "6062e4df-ac46-4091-8404-9ae1395d621b",
            "ticker": "HIGHMIA-24SEP08-B92.5",
            "count": 300,
            "created_time": "2024-09-08T23:25:30.615739Z",
            "yes_price": 3,
            "no_price": 97,
            "taker_side": "yes"
        },
        {
            "trade_id": "b75c824c-9ade-48b4-9b17-ba052b699437",
            "ticker": "HIGHMIA-24SEP08-B92.5",
            "count": 379,
            "created_time": "2024-09-08T23:16:11.132297Z",
            "yes_price": 3,
            "no_price": 97,
            "taker_side": "yes"
        },
        {
            "trade_id": "c4c11bd9-ff25-424a-bbe1-7ad99689fb3c",
            "ticker": "HIGHMIA-24SEP08-B92.5",
            "count": 4,
            "created_time": "2024-09-08T21:20:50.712395Z",
            "yes_price": 1,
            "no_price": 99,
            "taker_side": "no"
        },
        {
            "trade_id": "3b2facfc-cd89-466b-9ab9-0471ed902245",
            "ticker": "HIGHMIA-24SEP08-B92.5",
            "count": 1,
            "created_time": "2024-09-08T21:19:53.23383Z",
            "yes_price": 1,
            "no_price": 99,
            "taker_side": "no"
        },
        {
            "trade_id": "237f7844-22e3-480f-9023-eb42ffc819ea",
            "ticker": "HIGHMIA-24SEP08-B92.5",
            "count": 50,
            "created_time": "2024-09-08T21:05:13.767917Z",
            "yes_price": 1,
            "no_price": 99,
            "taker_side": "no"
        },
        {
            "trade_id": "237d488f-f7eb-46ae-a6d4-474019fff094",
            "ticker": "HIGHMIA-24SEP08-B92.5",
            "count": 1,
            "created_time": "2024-09-08T20:10:50.950159Z",
            "yes_price": 10,
            "no_price": 90,
            "taker_side": "yes"
        },
        {
            "trade_id": "0068ec11-f85f-4983-8ca2-c08f4e8c9a49",
            "ticker": "HIGHMIA-24SEP08-B92.5",
            "count": 1,
            "created_time": "2024-09-08T20:04:47.408001Z",
            "yes_price": 10,
            "no_price": 90,
            "taker_side": "no"
        },
        {
            "trade_id": "e8706319-70bb-4911-aee2-5ba0bca44a5d",
            "ticker": "HIGHMIA-24SEP08-B92.5",
            "count": 1,
            "created_time": "2024-09-08T20:02:01.218666Z",
            "yes_price": 10,
            "no_price": 90,
            "taker_side": "no"
        },
        {
            "trade_id": "13c07586-4a20-4a86-a107-a4ef39cefdea",
            "ticker": "HIGHMIA-24SEP08-B92.5",
            "count": 1,
            "created_time": "2024-09-08T19:28:13.331132Z",
            "yes_price": 60,
            "no_price": 40,
            "taker_side": "yes"
        },
        {
            "trade_id": "6f564dbd-6709-4dbc-8a20-226ee6c009bb",
            "ticker": "HIGHMIA-24SEP08-B92.5",
            "count": 1,
            "created_time": "2024-09-08T19:28:06.360586Z",
            "yes_price": 60,
            "no_price": 40,
            "taker_side": "yes"
        },
        {
            "trade_id": "e3039128-1d45-4f1c-a70a-5ecb2dc1b5cd",
            "ticker": "HIGHMIA-24SEP08-B92.5",
            "count": 1,
            "created_time": "2024-09-08T19:26:10.662704Z",
            "yes_price": 3,
            "no_price": 97,
            "taker_side": "no"
        },
        {
            "trade_id": "caf88152-52d0-4bc6-9e79-54c735588a38",
            "ticker": "HIGHMIA-24SEP08-B92.5",
            "count": 2,
            "created_time": "2024-09-08T19:25:58.943949Z",
            "yes_price": 3,
            "no_price": 97,
            "taker_side": "no"
        },
        {
            "trade_id": "4385f6bf-5118-49f2-a1c0-b80dfb24c110",
            "ticker": "HIGHMIA-24SEP08-B92.5",
            "count": 2,
            "created_time": "2024-09-08T19:25:50.815423Z",
            "yes_price": 3,
            "no_price": 97,
            "taker_side": "no"
        },
        {
            "trade_id": "82eeb374-6bd7-47f9-8981-8f8c5066bd51",
            "ticker": "HIGHMIA-24SEP08-B92.5",
            "count": 5,
            "created_time": "2024-09-08T19:25:34.316874Z",
            "yes_price": 3,
            "no_price": 97,
            "taker_side": "no"
        },
        {
            "trade_id": "113c3f98-9406-4b86-9395-557084b98adf",
            "ticker": "HIGHMIA-24SEP08-B92.5",
            "count": 1,
            "created_time": "2024-09-08T14:04:30.479715Z",
            "yes_price": 45,
            "no_price": 55,
            "taker_side": "no"
        },
        {
            "trade_id": "2a60ff8f-d96c-4a69-b3cc-c0e58e66b462",
            "ticker": "HIGHMIA-24SEP08-B92.5",
            "count": 10,
            "created_time": "2024-09-08T13:44:26.506607Z",
            "yes_price": 48,
            "no_price": 52,
            "taker_side": "yes"
        },
        {
            "trade_id": "955d119f-bead-4a81-b69f-ac09aba20a39",
            "ticker": "HIGHMIA-24SEP08-B92.5",
            "count": 1,
            "created_time": "2024-09-08T13:04:45.127053Z",
            "yes_price": 47,
            "no_price": 53,
            "taker_side": "yes"
        },
        {
            "trade_id": "a044b4e5-e806-4ddc-a0ce-fdd9c6937ded",
            "ticker": "HIGHMIA-24SEP08-B92.5",
            "count": 3,
            "created_time": "2024-09-08T12:13:45.820885Z",
            "yes_price": 35,
            "no_price": 65,
            "taker_side": "no"
        },
        {
            "trade_id": "6c1caf5f-8d22-40a6-9a03-d3402c757a29",
            "ticker": "HIGHMIA-24SEP08-B92.5",
            "count": 3,
            "created_time": "2024-09-08T12:13:45.766418Z",
            "yes_price": 35,
            "no_price": 65,
            "taker_side": "no"
        },
        {
            "trade_id": "89105a6b-2444-4468-b951-91ce27e060c1",
            "ticker": "HIGHMIA-24SEP08-B92.5",
            "count": 50,
            "created_time": "2024-09-08T12:07:12.6419Z",
            "yes_price": 27,
            "no_price": 73,
            "taker_side": "no"
        },
        {
            "trade_id": "03c55f53-7ec5-4ff5-b2e1-c6b994d9e708",
            "ticker": "HIGHMIA-24SEP08-B92.5",
            "count": 1,
            "created_time": "2024-09-08T12:00:37.932318Z",
            "yes_price": 44,
            "no_price": 56,
            "taker_side": "no"
        },
        {
            "trade_id": "bf3d1d54-2868-4e96-aecc-a77aca76a71c",
            "ticker": "HIGHMIA-24SEP08-B92.5",
            "count": 18,
            "created_time": "2024-09-08T01:43:24.913885Z",
            "yes_price": 43,
            "no_price": 57,
            "taker_side": "yes"
        },
        {
            "trade_id": "bad99d78-208b-46ff-b7a1-bdc50cb57ac9",
            "ticker": "HIGHMIA-24SEP08-B92.5",
            "count": 1,
            "created_time": "2024-09-08T01:43:24.913885Z",
            "yes_price": 44,
            "no_price": 56,
            "taker_side": "yes"
        },
        {
            "trade_id": "372d91d0-3a54-4105-8828-c66d99cfe621",
            "ticker": "HIGHMIA-24SEP08-B92.5",
            "count": 172,
            "created_time": "2024-09-08T01:43:24.913885Z",
            "yes_price": 45,
            "no_price": 55,
            "taker_side": "yes"
        },
        {
            "trade_id": "b9e21a91-6d0f-48cf-9413-e350d4ebe337",
            "ticker": "HIGHMIA-24SEP08-B92.5",
            "count": 1,
            "created_time": "2024-09-08T01:24:33.269739Z",
            "yes_price": 46,
            "no_price": 54,
            "taker_side": "no"
        },
        {
            "trade_id": "54b3bb3f-fee0-4cc5-bf5a-3cf4d2f8987c",
            "ticker": "HIGHMIA-24SEP08-B92.5",
            "count": 1,
            "created_time": "2024-09-08T00:56:16.32713Z",
            "yes_price": 48,
            "no_price": 52,
            "taker_side": "yes"
        },
        {
            "trade_id": "114f4a41-82f5-4c8e-864c-5743aac9c03c",
            "ticker": "HIGHMIA-24SEP08-B92.5",
            "count": 8,
            "created_time": "2024-09-08T00:56:16.32713Z",
            "yes_price": 49,
            "no_price": 51,
            "taker_side": "yes"
        },
        {
            "trade_id": "0efbadf1-35b8-493e-90e0-d69e14302a94",
            "ticker": "HIGHMIA-24SEP08-B92.5",
            "count": 1,
            "created_time": "2024-09-08T00:52:00.387553Z",
            "yes_price": 42,
            "no_price": 58,
            "taker_side": "yes"
        },
        {
            "trade_id": "0981c978-96c5-45d4-9618-0eaf5a072572",
            "ticker": "HIGHMIA-24SEP08-B92.5",
            "count": 36,
            "created_time": "2024-09-07T23:07:24.685123Z",
            "yes_price": 34,
            "no_price": 66,
            "taker_side": "no"
        },
        {
            "trade_id": "ffdd49ed-deae-4f63-8e53-2dc44e5f7c5b",
            "ticker": "HIGHMIA-24SEP08-B92.5",
            "count": 15,
            "created_time": "2024-09-07T21:39:42.510421Z",
            "yes_price": 35,
            "no_price": 65,
            "taker_side": "no"
        },
        {
            "trade_id": "0a62d98e-a68d-4b96-877f-0ea142b4d063",
            "ticker": "HIGHMIA-24SEP08-B92.5",
            "count": 4,
            "created_time": "2024-09-07T21:39:42.510421Z",
            "yes_price": 35,
            "no_price": 65,
            "taker_side": "no"
        },
        {
            "trade_id": "b34a0670-e8d8-407f-9dee-01187b6aab0d",
            "ticker": "HIGHMIA-24SEP08-B92.5",
            "count": 35,
            "created_time": "2024-09-07T21:38:52.706Z",
            "yes_price": 35,
            "no_price": 65,
            "taker_side": "no"
        },
        {
            "trade_id": "03edff90-ff05-4642-a54c-ed9c6a17cc55",
            "ticker": "HIGHMIA-24SEP08-B92.5",
            "count": 90,
            "created_time": "2024-09-07T21:37:37.898122Z",
            "yes_price": 36,
            "no_price": 64,
            "taker_side": "no"
        },
        {
            "trade_id": "165201b0-8acd-4be7-baec-8f5cec24f98e",
            "ticker": "HIGHMIA-24SEP08-B92.5",
            "count": 36,
            "created_time": "2024-09-07T21:37:26.384785Z",
            "yes_price": 37,
            "no_price": 63,
            "taker_side": "no"
        },
        {
            "trade_id": "429ac3e0-bf6b-43a8-b493-1a87b3b56322",
            "ticker": "HIGHMIA-24SEP08-B92.5",
            "count": 54,
            "created_time": "2024-09-07T21:37:06.62709Z",
            "yes_price": 37,
            "no_price": 63,
            "taker_side": "no"
        },
        {
            "trade_id": "ac4aa511-c140-4ea2-b4ab-1cfeef9f8640",
            "ticker": "HIGHMIA-24SEP08-B92.5",
            "count": 300,
            "created_time": "2024-09-07T20:46:18.70696Z",
            "yes_price": 36,
            "no_price": 64,
            "taker_side": "no"
        },
        {
            "trade_id": "7d57d3ff-0cff-45c0-bfcb-43eed850b8a0",
            "ticker": "HIGHMIA-24SEP08-B92.5",
            "count": 50,
            "created_time": "2024-09-07T20:39:37.953011Z",
            "yes_price": 41,
            "no_price": 59,
            "taker_side": "yes"
        },
        {
            "trade_id": "3e3d75b2-ef2e-47f8-8c41-21e471b84233",
            "ticker": "HIGHMIA-24SEP08-B92.5",
            "count": 72,
            "created_time": "2024-09-07T20:39:37.953011Z",
            "yes_price": 39,
            "no_price": 61,
            "taker_side": "yes"
        },
        {
            "trade_id": "bb50212c-0fd7-4261-9df7-7eadd0917f09",
            "ticker": "HIGHMIA-24SEP08-B92.5",
            "count": 18,
            "created_time": "2024-09-07T17:16:47.966547Z",
            "yes_price": 41,
            "no_price": 59,
            "taker_side": "yes"
        },
        {
            "trade_id": "93c6cb87-13c8-44d8-92c0-78e0d6f33715",
            "ticker": "HIGHMIA-24SEP08-B92.5",
            "count": 90,
            "created_time": "2024-09-07T16:18:23.534731Z",
            "yes_price": 37,
            "no_price": 63,
            "taker_side": "no"
        },
        {
            "trade_id": "ab85332d-d58f-4abd-a8e7-25816b35cfee",
            "ticker": "HIGHMIA-24SEP08-B92.5",
            "count": 18,
            "created_time": "2024-09-07T16:17:58.875487Z",
            "yes_price": 38,
            "no_price": 62,
            "taker_side": "no"
        },
        {
            "trade_id": "a9f21b4c-8da8-4cda-bc50-f51661177332",
            "ticker": "HIGHMIA-24SEP08-B92.5",
            "count": 108,
            "created_time": "2024-09-07T16:11:47.65533Z",
            "yes_price": 35,
            "no_price": 65,
            "taker_side": "no"
        },
        {
            "trade_id": "32e5bf71-23f4-466d-b7cf-926d78aea241",
            "ticker": "HIGHMIA-24SEP08-B92.5",
            "count": 54,
            "created_time": "2024-09-07T15:41:17.565348Z",
            "yes_price": 40,
            "no_price": 60,
            "taker_side": "no"
        },
        {
            "trade_id": "42042b30-a9d0-4871-b309-29cbcefcb701",
            "ticker": "HIGHMIA-24SEP08-B92.5",
            "count": 72,
            "created_time": "2024-09-07T15:18:48.111868Z",
            "yes_price": 41,
            "no_price": 59,
            "taker_side": "no"
        },
        {
            "trade_id": "2d3edcf9-8441-4fea-8547-9e046377800e",
            "ticker": "HIGHMIA-24SEP08-B92.5",
            "count": 1,
            "created_time": "2024-09-07T15:18:48.111868Z",
            "yes_price": 42,
            "no_price": 58,
            "taker_side": "no"
        },
        {
            "trade_id": "a53e9d04-a7df-4d18-908a-c783df9f7a7a",
            "ticker": "HIGHMIA-24SEP08-B92.5",
            "count": 1,
            "created_time": "2024-09-07T15:08:34.89259Z",
            "yes_price": 47,
            "no_price": 53,
            "taker_side": "no"
        },
        {
            "trade_id": "82dd25c1-0605-4164-8027-3af997a10726",
            "ticker": "HIGHMIA-24SEP08-B92.5",
            "count": 18,
            "created_time": "2024-09-07T15:05:23.407546Z",
            "yes_price": 50,
            "no_price": 50,
            "taker_side": "yes"
        },
        {
            "trade_id": "391bb7bc-3cff-4618-bd9c-e3bd182493bc",
            "ticker": "HIGHMIA-24SEP08-B92.5",
            "count": 14,
            "created_time": "2024-09-07T15:05:23.407546Z",
            "yes_price": 52,
            "no_price": 48,
            "taker_side": "yes"
        },
        {
            "trade_id": "2fbc8cfc-594d-4aa1-80de-5a0575aad242",
            "ticker": "HIGHMIA-24SEP08-B92.5",
            "count": 1,
            "created_time": "2024-09-07T15:05:23.407546Z",
            "yes_price": 49,
            "no_price": 51,
            "taker_side": "yes"
        },
        {
            "trade_id": "09b4ed52-ba2f-4e80-a9c3-3836a40802c1",
            "ticker": "HIGHMIA-24SEP08-B92.5",
            "count": 161,
            "created_time": "2024-09-07T15:05:23.407546Z",
            "yes_price": 52,
            "no_price": 48,
            "taker_side": "yes"
        },
        {
            "trade_id": "9465e0bd-f298-4a1d-8c9f-864303c5ac9d",
            "ticker": "HIGHMIA-24SEP08-B92.5",
            "count": 72,
            "created_time": "2024-09-07T15:04:16.127628Z",
            "yes_price": 45,
            "no_price": 55,
            "taker_side": "no"
        },
        {
            "trade_id": "60fa0f4f-6a30-4c90-af75-c9fffa657c72",
            "ticker": "HIGHMIA-24SEP08-B92.5",
            "count": 178,
            "created_time": "2024-09-07T15:04:16.127628Z",
            "yes_price": 43,
            "no_price": 57,
            "taker_side": "no"
        },
        {
            "trade_id": "66a5e864-0817-4d88-9b7b-6341c44c40c4",
            "ticker": "HIGHMIA-24SEP08-B92.5",
            "count": 1,
            "created_time": "2024-09-07T15:03:43.032109Z",
            "yes_price": 47,
            "no_price": 53,
            "taker_side": "no"
        },
        {
            "trade_id": "5112c3c6-1f10-4838-8b48-3622ff2f46a0",
            "ticker": "HIGHMIA-24SEP08-B92.5",
            "count": 250,
            "created_time": "2024-09-07T15:03:43.032109Z",
            "yes_price": 46,
            "no_price": 54,
            "taker_side": "no"
        },
        {
            "trade_id": "13b68463-32e8-4ab5-adab-1175f6e5b063",
            "ticker": "HIGHMIA-24SEP08-B92.5",
            "count": 14,
            "created_time": "2024-09-07T14:39:41.726992Z",
            "yes_price": 51,
            "no_price": 49,
            "taker_side": "yes"
        },
        {
            "trade_id": "98d01b6d-181f-4d63-afa1-d7591770b4cc",
            "ticker": "HIGHMIA-24SEP08-B92.5",
            "count": 14,
            "created_time": "2024-09-07T14:30:02.673934Z",
            "yes_price": 50,
            "no_price": 50,
            "taker_side": "yes"
        },
        {
            "trade_id": "2f123587-63e6-4c6e-90e2-ff31ce4c1b86",
            "ticker": "HIGHMIA-24SEP08-B92.5",
            "count": 1,
            "created_time": "2024-09-07T14:19:46.608228Z",
            "yes_price": 49,
            "no_price": 51,
            "taker_side": "yes"
        }
    ],
    "HIGHMIA-24SEP08-T93": [
        {
            "trade_id": "6c7823ce-92fb-461f-a404-4e20ba33e4e3",
            "ticker": "HIGHMIA-24SEP08-T93",
            "count": 300,
            "created_time": "2024-09-09T02:37:50.944663Z",
            "yes_price": 2,
            "no_price": 98,
            "taker_side": "yes"
        },
        {
            "trade_id": "903b5ad6-4c08-4c5d-8b76-f8e883918df9",
            "ticker": "HIGHMIA-24SEP08-T93",
            "count": 300,
            "created_time": "2024-09-08T23:54:13.978967Z",
            "yes_price": 3,
            "no_price": 97,
            "taker_side": "yes"
        },
        {
            "trade_id": "5abf4592-f27d-45dc-9b44-bf8d72459689",
            "ticker": "HIGHMIA-24SEP08-T93",
            "count": 100,
            "created_time": "2024-09-08T23:53:48.043271Z",
            "yes_price": 3,
            "no_price": 97,
            "taker_side": "yes"
        },
        {
            "trade_id": "065992e3-0134-4b4b-a599-d69af5201266",
            "ticker": "HIGHMIA-24SEP08-T93",
            "count": 300,
            "created_time": "2024-09-08T23:25:37.338549Z",
            "yes_price": 3,
            "no_price": 97,
            "taker_side": "yes"
        },
        {
            "trade_id": "1c61b858-00f4-4926-87b4-70908dc88ea2",
            "ticker": "HIGHMIA-24SEP08-T93",
            "count": 379,
            "created_time": "2024-09-08T23:16:20.84625Z",
            "yes_price": 3,
            "no_price": 97,
            "taker_side": "yes"
        },
        {
            "trade_id": "3b4aa12d-2908-4db9-8c9c-c666b4f232b1",
            "ticker": "HIGHMIA-24SEP08-T93",
            "count": 3,
            "created_time": "2024-09-08T12:13:45.829014Z",
            "yes_price": 1,
            "no_price": 99,
            "taker_side": "no"
        },
        {
            "trade_id": "24e455f5-e9b2-468f-96e8-3dcd49d0e94f",
            "ticker": "HIGHMIA-24SEP08-T93",
            "count": 3,
            "created_time": "2024-09-08T12:13:45.775414Z",
            "yes_price": 1,
            "no_price": 99,
            "taker_side": "no"
        },
        {
            "trade_id": "a40ecd0c-84c6-403f-97b3-fb80abf12249",
            "ticker": "HIGHMIA-24SEP08-T93",
            "count": 50,
            "created_time": "2024-09-08T12:07:12.634822Z",
            "yes_price": 1,
            "no_price": 99,
            "taker_side": "no"
        },
        {
            "trade_id": "b29b37b1-760e-4d14-9fe7-31f3d26c36c6",
            "ticker": "HIGHMIA-24SEP08-T93",
            "count": 18,
            "created_time": "2024-09-07T23:26:26.058374Z",
            "yes_price": 7,
            "no_price": 93,
            "taker_side": "no"
        },
        {
            "trade_id": "543e1b3c-baff-4947-830e-2e5b8214f5f6",
            "ticker": "HIGHMIA-24SEP08-T93",
            "count": 180,
            "created_time": "2024-09-07T23:26:26.058374Z",
            "yes_price": 6,
            "no_price": 94,
            "taker_side": "no"
        },
        {
            "trade_id": "e2261716-8383-4105-8d7b-07577dd284c6",
            "ticker": "HIGHMIA-24SEP08-T93",
            "count": 90,
            "created_time": "2024-09-07T23:26:16.977107Z",
            "yes_price": 9,
            "no_price": 91,
            "taker_side": "no"
        },
        {
            "trade_id": "711c00b9-8d0b-46e2-b6f9-2be0b0cade81",
            "ticker": "HIGHMIA-24SEP08-T93",
            "count": 180,
            "created_time": "2024-09-07T23:26:16.977107Z",
            "yes_price": 8,
            "no_price": 92,
            "taker_side": "no"
        },
        {
            "trade_id": "6e1c8f42-343c-4f49-a67a-7f981873d705",
            "ticker": "HIGHMIA-24SEP08-T93",
            "count": 180,
            "created_time": "2024-09-07T23:26:16.977107Z",
            "yes_price": 7,
            "no_price": 93,
            "taker_side": "no"
        },
        {
            "trade_id": "be9cf559-e79c-4ca4-a110-be7a1858edb7",
            "ticker": "HIGHMIA-24SEP08-T93",
            "count": 2,
            "created_time": "2024-09-07T22:44:26.300702Z",
            "yes_price": 5,
            "no_price": 95,
            "taker_side": "no"
        },
        {
            "trade_id": "5e7696a3-07ca-493f-aa76-b30a33833f43",
            "ticker": "HIGHMIA-24SEP08-T93",
            "count": 18,
            "created_time": "2024-09-07T22:44:26.300702Z",
            "yes_price": 6,
            "no_price": 94,
            "taker_side": "no"
        },
        {
            "trade_id": "f497ceb3-73a1-436e-a5a8-a930f5015edf",
            "ticker": "HIGHMIA-24SEP08-T93",
            "count": 19,
            "created_time": "2024-09-07T21:39:17.394228Z",
            "yes_price": 7,
            "no_price": 93,
            "taker_side": "no"
        },
        {
            "trade_id": "60a88334-0b18-44cd-87ca-8637c13943d0",
            "ticker": "HIGHMIA-24SEP08-T93",
            "count": 17,
            "created_time": "2024-09-07T21:38:16.566643Z",
            "yes_price": 7,
            "no_price": 93,
            "taker_side": "no"
        },
        {
            "trade_id": "cfc27bb0-2513-4eec-a48b-f9ae08925735",
            "ticker": "HIGHMIA-24SEP08-T93",
            "count": 18,
            "created_time": "2024-09-07T21:37:45.886994Z",
            "yes_price": 7,
            "no_price": 93,
            "taker_side": "no"
        },
        {
            "trade_id": "ffac019c-7fec-4b87-bcd4-187bbe3f0fba",
            "ticker": "HIGHMIA-24SEP08-T93",
            "count": 180,
            "created_time": "2024-09-07T21:37:12.057001Z",
            "yes_price": 7,
            "no_price": 93,
            "taker_side": "no"
        },
        {
            "trade_id": "18af4dc8-d6fd-4453-a9d0-cad16a7868ed",
            "ticker": "HIGHMIA-24SEP08-T93",
            "count": 15,
            "created_time": "2024-09-07T20:56:57.843112Z",
            "yes_price": 12,
            "no_price": 88,
            "taker_side": "yes"
        },
        {
            "trade_id": "321ab16d-c02c-45b7-a6f0-76fa527da4e9",
            "ticker": "HIGHMIA-24SEP08-T93",
            "count": 48,
            "created_time": "2024-09-07T20:47:05.3541Z",
            "yes_price": 5,
            "no_price": 95,
            "taker_side": "no"
        },
        {
            "trade_id": "e0626ef0-8913-48fb-aa91-ec39c1bdb458",
            "ticker": "HIGHMIA-24SEP08-T93",
            "count": 36,
            "created_time": "2024-09-07T20:46:38.569537Z",
            "yes_price": 6,
            "no_price": 94,
            "taker_side": "no"
        },
        {
            "trade_id": "5365e370-c197-4477-a7cb-7631f8e66b87",
            "ticker": "HIGHMIA-24SEP08-T93",
            "count": 180,
            "created_time": "2024-09-07T20:46:09.604438Z",
            "yes_price": 6,
            "no_price": 94,
            "taker_side": "no"
        },
        {
            "trade_id": "dc7b66eb-996e-46d4-adc9-a3bb2d97366c",
            "ticker": "HIGHMIA-24SEP08-T93",
            "count": 36,
            "created_time": "2024-09-07T20:45:40.692428Z",
            "yes_price": 7,
            "no_price": 93,
            "taker_side": "no"
        },
        {
            "trade_id": "52afc6f8-95c8-4d8e-9643-006916113307",
            "ticker": "HIGHMIA-24SEP08-T93",
            "count": 124,
            "created_time": "2024-09-07T19:18:31.647302Z",
            "yes_price": 10,
            "no_price": 90,
            "taker_side": "no"
        },
        {
            "trade_id": "ab35b434-6597-465f-8375-4b4c86a6029d",
            "ticker": "HIGHMIA-24SEP08-T93",
            "count": 36,
            "created_time": "2024-09-07T16:18:39.405998Z",
            "yes_price": 7,
            "no_price": 93,
            "taker_side": "no"
        },
        {
            "trade_id": "ee5f7374-9aa9-449b-8ee6-cc558d7fed74",
            "ticker": "HIGHMIA-24SEP08-T93",
            "count": 90,
            "created_time": "2024-09-07T16:17:27.197524Z",
            "yes_price": 7,
            "no_price": 93,
            "taker_side": "no"
        },
        {
            "trade_id": "b1ab8818-68cf-4d09-9445-28b10b8a711c",
            "ticker": "HIGHMIA-24SEP08-T93",
            "count": 70,
            "created_time": "2024-09-07T16:11:13.990189Z",
            "yes_price": 6,
            "no_price": 94,
            "taker_side": "no"
        },
        {
            "trade_id": "fd7dc1e2-1ae7-4aa4-80c9-49b19ba87251",
            "ticker": "HIGHMIA-24SEP08-T93",
            "count": 180,
            "created_time": "2024-09-07T16:11:00.502835Z",
            "yes_price": 6,
            "no_price": 94,
            "taker_side": "no"
        },
        {
            "trade_id": "62616908-8c6b-47f3-a0d6-232662bef1f1",
            "ticker": "HIGHMIA-24SEP08-T93",
            "count": 1,
            "created_time": "2024-09-07T15:29:50.053098Z",
            "yes_price": 8,
            "no_price": 92,
            "taker_side": "no"
        },
        {
            "trade_id": "474c8089-f14f-4bc6-90cc-356cb3ec7c8a",
            "ticker": "HIGHMIA-24SEP08-T93",
            "count": 108,
            "created_time": "2024-09-07T15:29:50.053098Z",
            "yes_price": 7,
            "no_price": 93,
            "taker_side": "no"
        },
        {
            "trade_id": "9266612d-a2fc-4c98-8398-ad4fb39be38b",
            "ticker": "HIGHMIA-24SEP08-T93",
            "count": 36,
            "created_time": "2024-09-07T15:29:05.966492Z",
            "yes_price": 9,
            "no_price": 91,
            "taker_side": "no"
        },
        {
            "trade_id": "595ea833-2220-40c6-a4ad-2e7727b51740",
            "ticker": "HIGHMIA-24SEP08-T93",
            "count": 200,
            "created_time": "2024-09-07T15:28:53.913355Z",
            "yes_price": 9,
            "no_price": 91,
            "taker_side": "no"
        },
        {
            "trade_id": "4a91d52e-d476-48ab-a27c-c272364e7db5",
            "ticker": "HIGHMIA-24SEP08-T93",
            "count": 14,
            "created_time": "2024-09-07T14:37:46.221509Z",
            "yes_price": 9,
            "no_price": 91,
            "taker_side": "yes"
        },
        {
            "trade_id": "e9effe66-b64e-44c1-9529-2ef55f4045b3",
            "ticker": "HIGHMIA-24SEP08-T93",
            "count": 7,
            "created_time": "2024-09-07T14:28:30.701767Z",
            "yes_price": 8,
            "no_price": 92,
            "taker_side": "yes"
        },
        {
            "trade_id": "00129f21-f411-4e0d-ae04-8490687dcbf8",
            "ticker": "HIGHMIA-24SEP08-T93",
            "count": 1,
            "created_time": "2024-09-07T14:28:30.701767Z",
            "yes_price": 8,
            "no_price": 92,
            "taker_side": "yes"
        },
        {
            "trade_id": "b8d8d4d5-0bde-41c9-b052-e8dda3ce0ec8",
            "ticker": "HIGHMIA-24SEP08-T93",
            "count": 30,
            "created_time": "2024-09-07T14:24:32.919004Z",
            "yes_price": 7,
            "no_price": 93,
            "taker_side": "yes"
        },
        {
            "trade_id": "abb7d63f-29f5-40a5-91bb-dde840537e08",
            "ticker": "HIGHMIA-24SEP08-T93",
            "count": 120,
            "created_time": "2024-09-07T14:24:32.889425Z",
            "yes_price": 6,
            "no_price": 94,
            "taker_side": "yes"
        },
        {
            "trade_id": "09a5941b-a4ee-4805-813c-9e1f52a2ace5",
            "ticker": "HIGHMIA-24SEP08-T93",
            "count": 100,
            "created_time": "2024-09-07T14:18:50.265794Z",
            "yes_price": 6,
            "no_price": 94,
            "taker_side": "no"
        },
        {
            "trade_id": "af8073e9-447a-46ba-a1c6-1d953834637f",
            "ticker": "HIGHMIA-24SEP08-T93",
            "count": 10,
            "created_time": "2024-09-07T14:16:34.814394Z",
            "yes_price": 5,
            "no_price": 95,
            "taker_side": "yes"
        },
        {
            "trade_id": "6616ab92-6503-4965-aa92-82fdb1c38c38",
            "ticker": "HIGHMIA-24SEP08-T93",
            "count": 10,
            "created_time": "2024-09-07T14:16:34.793879Z",
            "yes_price": 3,
            "no_price": 97,
            "taker_side": "yes"
        },
        {
            "trade_id": "2b5793e4-7ece-414b-8c0f-1836d30f66f1",
            "ticker": "HIGHMIA-24SEP08-T93",
            "count": 10,
            "created_time": "2024-09-07T14:16:34.793879Z",
            "yes_price": 4,
            "no_price": 96,
            "taker_side": "yes"
        }
    ]
}