{
    "HIGHMIA-24APR11-T82": [],
    "HIGHMIA-24APR11-B82.5": [],
    "HIGHMIA-24APR11-B84.5": [
        {
            "trade_id": "232230d9-6214-4968-a082-3013912e4800",
            "ticker": "HIGHMIA-24APR11-B84.5",
            "count": 2,
            "created_time": "2024-04-11T18:00:45.9534Z",
            "yes_price": 1,
            "no_price": 99,
            "taker_side": "yes"
        },
        {
            "trade_id": "d7d5c9d0-d054-44c7-bc8f-5b7a24c796d2",
            "ticker": "HIGHMIA-24APR11-B84.5",
            "count": 20,
            "created_time": "2024-04-11T17:06:18.164801Z",
            "yes_price": 1,
            "no_price": 99,
            "taker_side": "no"
        },
        {
            "trade_id": "b33dba06-fa37-4a7c-bb8c-890537c8aedc",
            "ticker": "HIGHMIA-24APR11-B84.5",
            "count": 20,
            "created_time": "2024-04-11T17:06:18.164801Z",
            "yes_price": 1,
            "no_price": 99,
            "taker_side": "no"
        },
        {
            "trade_id": "f9cb9455-ec16-407c-af0f-6ce4d704ff3d",
            "ticker": "HIGHMIA-24APR11-B84.5",
            "count": 4,
            "created_time": "2024-04-11T16:10:28.963676Z",
            "yes_price": 20,
            "no_price": 80,
            "taker_side": "yes"
        },
        {
            "trade_id": "cfa5f5b4-289e-47b6-a03f-93314c51dc9f",
            "ticker": "HIGHMIA-24APR11-B84.5",
            "count": 1,
            "created_time": "2024-04-11T16:10:28.963676Z",
            "yes_price": 10,
            "no_price": 90,
            "taker_side": "yes"
        },
        {
            "trade_id": "de578ea0-0e6c-40ec-bd7a-44a126bcbfab",
            "ticker": "HIGHMIA-24APR11-B84.5",
            "count": 2,
            "created_time": "2024-04-10T17:36:00.880927Z",
            "yes_price": 7,
            "no_price": 93,
            "taker_side": "yes"
        },
        {
            "trade_id": "b15c0c27-7c79-4589-bc1b-dbd72db364f9",
            "ticker": "HIGHMIA-24APR11-B84.5",
            "count": 18,
            "created_time": "2024-04-10T17:36:00.880927Z",
            "yes_price": 11,
            "no_price": 89,
            "taker_side": "yes"
        },
        {
            "trade_id": "73b218f1-785e-417a-8563-fd44f2ae3771",
            "ticker": "HIGHMIA-24APR11-B84.5",
            "count": 48,
            "created_time": "2024-04-10T17:36:00.880927Z",
            "yes_price": 5,
            "no_price": 95,
            "taker_side": "yes"
        },
        {
            "trade_id": "f4391a95-ac35-4fd7-9db3-a7a3123a3ddc",
            "ticker": "HIGHMIA-24APR11-B84.5",
            "count": 20,
            "created_time": "2024-04-10T14:17:07.134099Z",
            "yes_price": 15,
            "no_price": 85,
            "taker_side": "no"
        }
    ],
    "HIGHMIA-24APR11-B86.5": [
        {
            "trade_id": "75160439-0e70-4636-a387-e5d9fc225c11",
            "ticker": "HIGHMIA-24APR11-B86.5",
            "count": 1,
            "created_time": "2024-04-12T01:49:11.578349Z",
            "yes_price": 99,
            "no_price": 1,
            "taker_side": "yes"
        },
        {
            "trade_id": "7c8d2ea1-e0bf-4531-aefd-249c9a93fd59",
            "ticker": "HIGHMIA-24APR11-B86.5",
            "count": 8,
            "created_time": "2024-04-12T01:03:56.318654Z",
            "yes_price": 97,
            "no_price": 3,
            "taker_side": "no"
        },
        {
            "trade_id": "d596893e-f8d3-43b3-a49b-47ab037c0f80",
            "ticker": "HIGHMIA-24APR11-B86.5",
            "count": 20,
            "created_time": "2024-04-12T00:26:32.508164Z",
            "yes_price": 97,
            "no_price": 3,
            "taker_side": "no"
        },
        {
            "trade_id": "497d7fdb-f216-4f07-b081-b0e7e593e09f",
            "ticker": "HIGHMIA-24APR11-B86.5",
            "count": 1,
            "created_time": "2024-04-11T23:56:27.268242Z",
            "yes_price": 97,
            "no_price": 3,
            "taker_side": "yes"
        },
        {
            "trade_id": "e2013c50-b821-42ce-9969-7065d17e23e4",
            "ticker": "HIGHMIA-24APR11-B86.5",
            "count": 1,
            "created_time": "2024-04-11T23:17:40.479439Z",
            "yes_price": 96,
            "no_price": 4,
            "taker_side": "yes"
        },
        {
            "trade_id": "3441805b-4643-42df-9a9a-6174409429fd",
            "ticker": "HIGHMIA-24APR11-B86.5",
            "count": 150,
            "created_time": "2024-04-11T23:17:40.479439Z",
            "yes_price": 97,
            "no_price": 3,
            "taker_side": "yes"
        },
        {
            "trade_id": "da92394d-b63e-4a4a-9714-6c388e2205e8",
            "ticker": "HIGHMIA-24APR11-B86.5",
            "count": 21,
            "created_time": "2024-04-11T22:17:48.894774Z",
            "yes_price": 87,
            "no_price": 13,
            "taker_side": "yes"
        },
        {
            "trade_id": "70e519dd-ce43-4671-bd0d-d76883605ddb",
            "ticker": "HIGHMIA-24APR11-B86.5",
            "count": 24,
            "created_time": "2024-04-11T22:16:22.318031Z",
            "yes_price": 89,
            "no_price": 11,
            "taker_side": "yes"
        },
        {
            "trade_id": "18e4e96c-cb04-4771-9019-ef3ebfbf9ffc",
            "ticker": "HIGHMIA-24APR11-B86.5",
            "count": 6,
            "created_time": "2024-04-11T22:00:05.257321Z",
            "yes_price": 31,
            "no_price": 69,
            "taker_side": "no"
        },
        {
            "trade_id": "ba599977-5ef9-46dc-a90a-2284fd4b9ceb",
            "ticker": "HIGHMIA-24APR11-B86.5",
            "count": 9,
            "created_time": "2024-04-11T21:34:15.268768Z",
            "yes_price": 69,
            "no_price": 31,
            "taker_side": "yes"
        },
        {
            "trade_id": "6ed71014-6e6d-4840-97fc-9a943038be0e",
            "ticker": "HIGHMIA-24APR11-B86.5",
            "count": 4,
            "created_time": "2024-04-11T21:21:19.011662Z",
            "yes_price": 35,
            "no_price": 65,
            "taker_side": "yes"
        },
        {
            "trade_id": "11727137-c861-4344-880d-c03337c6b677",
            "ticker": "HIGHMIA-24APR11-B86.5",
            "count": 1,
            "created_time": "2024-04-11T21:21:19.011662Z",
            "yes_price": 35,
            "no_price": 65,
            "taker_side": "yes"
        },
        {
            "trade_id": "3c92c73e-3b1c-4433-be57-0f5abe6a0947",
            "ticker": "HIGHMIA-24APR11-B86.5",
            "count": 6,
            "created_time": "2024-04-11T21:17:33.348377Z",
            "yes_price": 4,
            "no_price": 96,
            "taker_side": "no"
        },
        {
            "trade_id": "c41f7b52-19c5-490d-bc23-fb1692c8d4a0",
            "ticker": "HIGHMIA-24APR11-B86.5",
            "count": 2,
            "created_time": "2024-04-11T21:00:38.695404Z",
            "yes_price": 5,
            "no_price": 95,
            "taker_side": "no"
        },
        {
            "trade_id": "ceb70a95-dc5f-4873-bb26-61b6a93ed358",
            "ticker": "HIGHMIA-24APR11-B86.5",
            "count": 1,
            "created_time": "2024-04-11T20:51:26.249524Z",
            "yes_price": 60,
            "no_price": 40,
            "taker_side": "yes"
        },
        {
            "trade_id": "b754f62f-fc78-4181-a8a1-0d0d651cea2e",
            "ticker": "HIGHMIA-24APR11-B86.5",
            "count": 1,
            "created_time": "2024-04-11T20:51:26.249524Z",
            "yes_price": 49,
            "no_price": 51,
            "taker_side": "yes"
        },
        {
            "trade_id": "87f102a1-f352-474d-8fba-f5a1a461323c",
            "ticker": "HIGHMIA-24APR11-B86.5",
            "count": 2,
            "created_time": "2024-04-11T20:51:26.249524Z",
            "yes_price": 27,
            "no_price": 73,
            "taker_side": "yes"
        },
        {
            "trade_id": "4ace1146-ce5d-42d5-b41d-00dd396404ff",
            "ticker": "HIGHMIA-24APR11-B86.5",
            "count": 1,
            "created_time": "2024-04-11T20:51:26.249524Z",
            "yes_price": 62,
            "no_price": 38,
            "taker_side": "yes"
        },
        {
            "trade_id": "1bc7bc31-f1d0-440f-bde4-e4f97afee77d",
            "ticker": "HIGHMIA-24APR11-B86.5",
            "count": 10,
            "created_time": "2024-04-11T20:51:26.249524Z",
            "yes_price": 25,
            "no_price": 75,
            "taker_side": "yes"
        },
        {
            "trade_id": "73d2dadd-be25-4073-9d6e-012a2095dec9",
            "ticker": "HIGHMIA-24APR11-B86.5",
            "count": 5,
            "created_time": "2024-04-11T20:23:12.736943Z",
            "yes_price": 26,
            "no_price": 74,
            "taker_side": "no"
        },
        {
            "trade_id": "be501e29-9780-4abf-96e7-76a096259202",
            "ticker": "HIGHMIA-24APR11-B86.5",
            "count": 38,
            "created_time": "2024-04-11T19:15:39.299417Z",
            "yes_price": 50,
            "no_price": 50,
            "taker_side": "yes"
        },
        {
            "trade_id": "e6fb01d8-47aa-4a51-a1c1-e1c9810497fb",
            "ticker": "HIGHMIA-24APR11-B86.5",
            "count": 18,
            "created_time": "2024-04-11T19:03:28.730155Z",
            "yes_price": 96,
            "no_price": 4,
            "taker_side": "yes"
        },
        {
            "trade_id": "6210d808-cddc-4bfd-9935-14a944c41a05",
            "ticker": "HIGHMIA-24APR11-B86.5",
            "count": 1,
            "created_time": "2024-04-11T19:03:28.730155Z",
            "yes_price": 96,
            "no_price": 4,
            "taker_side": "yes"
        },
        {
            "trade_id": "888fc33d-31c2-410f-88c3-7f12415468fd",
            "ticker": "HIGHMIA-24APR11-B86.5",
            "count": 2,
            "created_time": "2024-04-11T18:56:25.195159Z",
            "yes_price": 94,
            "no_price": 6,
            "taker_side": "yes"
        },
        {
            "trade_id": "0988f190-c779-48b8-8f57-dff959c590a1",
            "ticker": "HIGHMIA-24APR11-B86.5",
            "count": 15,
            "created_time": "2024-04-11T18:56:25.195159Z",
            "yes_price": 95,
            "no_price": 5,
            "taker_side": "yes"
        },
        {
            "trade_id": "b2fff421-e3e9-492f-a0fc-f60f6819b950",
            "ticker": "HIGHMIA-24APR11-B86.5",
            "count": 5,
            "created_time": "2024-04-11T18:52:46.801879Z",
            "yes_price": 99,
            "no_price": 1,
            "taker_side": "yes"
        },
        {
            "trade_id": "3d9f8fa1-e561-4335-8647-67bcc6bbf0fb",
            "ticker": "HIGHMIA-24APR11-B86.5",
            "count": 53,
            "created_time": "2024-04-11T18:50:07.67858Z",
            "yes_price": 51,
            "no_price": 49,
            "taker_side": "yes"
        },
        {
            "trade_id": "441c380a-1453-4412-847d-b9f1fedfb37f",
            "ticker": "HIGHMIA-24APR11-B86.5",
            "count": 15,
            "created_time": "2024-04-11T18:19:57.47524Z",
            "yes_price": 12,
            "no_price": 88,
            "taker_side": "no"
        },
        {
            "trade_id": "b5e06f95-d2f1-4726-9539-60cf3dbdf300",
            "ticker": "HIGHMIA-24APR11-B86.5",
            "count": 3,
            "created_time": "2024-04-11T18:18:14.75705Z",
            "yes_price": 51,
            "no_price": 49,
            "taker_side": "yes"
        },
        {
            "trade_id": "ba2a2e77-f31f-4956-918d-12c9ea9fb0e0",
            "ticker": "HIGHMIA-24APR11-B86.5",
            "count": 8,
            "created_time": "2024-04-11T13:41:39.587207Z",
            "yes_price": 8,
            "no_price": 92,
            "taker_side": "no"
        },
        {
            "trade_id": "144ad553-d98e-4561-85b2-2453221882d4",
            "ticker": "HIGHMIA-24APR11-B86.5",
            "count": 15,
            "created_time": "2024-04-11T12:56:49.801745Z",
            "yes_price": 7,
            "no_price": 93,
            "taker_side": "no"
        },
        {
            "trade_id": "0062f16b-faed-47e9-823a-f79cde023346",
            "ticker": "HIGHMIA-24APR11-B86.5",
            "count": 15,
            "created_time": "2024-04-11T12:56:49.744368Z",
            "yes_price": 7,
            "no_price": 93,
            "taker_side": "no"
        },
        {
            "trade_id": "ce73bfb3-bb10-47bd-9066-dcbc025a8c44",
            "ticker": "HIGHMIA-24APR11-B86.5",
            "count": 4,
            "created_time": "2024-04-11T12:17:36.760637Z",
            "yes_price": 9,
            "no_price": 91,
            "taker_side": "no"
        },
        {
            "trade_id": "1b078806-8846-4b55-a768-a4c240fe6690",
            "ticker": "HIGHMIA-24APR11-B86.5",
            "count": 6,
            "created_time": "2024-04-11T12:04:36.136779Z",
            "yes_price": 9,
            "no_price": 91,
            "taker_side": "no"
        },
        {
            "trade_id": "e81ec8b1-a60d-444a-9f8a-090e7117c66a",
            "ticker": "HIGHMIA-24APR11-B86.5",
            "count": 49,
            "created_time": "2024-04-11T01:12:03.468659Z",
            "yes_price": 19,
            "no_price": 81,
            "taker_side": "yes"
        },
        {
            "trade_id": "4e0241f0-cbfa-4992-929a-20cb42dff08f",
            "ticker": "HIGHMIA-24APR11-B86.5",
            "count": 18,
            "created_time": "2024-04-11T00:43:54.275443Z",
            "yes_price": 19,
            "no_price": 81,
            "taker_side": "yes"
        },
        {
            "trade_id": "07a7b254-5953-4613-b5a7-e421da6159b4",
            "ticker": "HIGHMIA-24APR11-B86.5",
            "count": 6,
            "created_time": "2024-04-11T00:43:54.275443Z",
            "yes_price": 21,
            "no_price": 79,
            "taker_side": "yes"
        },
        {
            "trade_id": "b19684cd-7b03-4d1d-9fd5-762b6f9bbc67",
            "ticker": "HIGHMIA-24APR11-B86.5",
            "count": 8,
            "created_time": "2024-04-10T22:44:01.685222Z",
            "yes_price": 23,
            "no_price": 77,
            "taker_side": "yes"
        },
        {
            "trade_id": "f765cef7-7a0e-43df-becc-d9b8a318fda1",
            "ticker": "HIGHMIA-24APR11-B86.5",
            "count": 8,
            "created_time": "2024-04-10T21:09:25.592902Z",
            "yes_price": 15,
            "no_price": 85,
            "taker_side": "yes"
        },
        {
            "trade_id": "1cad9e65-cdbb-4f1b-a550-11c3c8eb9b3d",
            "ticker": "HIGHMIA-24APR11-B86.5",
            "count": 15,
            "created_time": "2024-04-10T20:28:48.193108Z",
            "yes_price": 15,
            "no_price": 85,
            "taker_side": "no"
        },
        {
            "trade_id": "b1ede6d1-2898-4c29-8b48-cdb1bb409478",
            "ticker": "HIGHMIA-24APR11-B86.5",
            "count": 7,
            "created_time": "2024-04-10T17:36:19.779932Z",
            "yes_price": 25,
            "no_price": 75,
            "taker_side": "yes"
        },
        {
            "trade_id": "67a8e5ae-9382-4379-a79e-e8751a296fd3",
            "ticker": "HIGHMIA-24APR11-B86.5",
            "count": 7,
            "created_time": "2024-04-10T17:36:13.153087Z",
            "yes_price": 25,
            "no_price": 75,
            "taker_side": "yes"
        },
        {
            "trade_id": "d48dc295-3a22-4d11-a3e0-92394a97ee16",
            "ticker": "HIGHMIA-24APR11-B86.5",
            "count": 102,
            "created_time": "2024-04-10T16:31:50.472032Z",
            "yes_price": 19,
            "no_price": 81,
            "taker_side": "no"
        },
        {
            "trade_id": "52c20031-f4bf-464c-a2e4-93edcf095c1f",
            "ticker": "HIGHMIA-24APR11-B86.5",
            "count": 1,
            "created_time": "2024-04-10T16:31:50.472032Z",
            "yes_price": 23,
            "no_price": 77,
            "taker_side": "no"
        },
        {
            "trade_id": "32f56704-0f07-47fc-b984-c7ad1f758ea1",
            "ticker": "HIGHMIA-24APR11-B86.5",
            "count": 20,
            "created_time": "2024-04-10T16:31:50.472032Z",
            "yes_price": 22,
            "no_price": 78,
            "taker_side": "no"
        },
        {
            "trade_id": "0829a58e-baaa-47a9-8267-36cc5857a47c",
            "ticker": "HIGHMIA-24APR11-B86.5",
            "count": 102,
            "created_time": "2024-04-10T16:31:50.472032Z",
            "yes_price": 20,
            "no_price": 80,
            "taker_side": "no"
        },
        {
            "trade_id": "c486d61c-09e6-4e4f-b75d-a799900f01f8",
            "ticker": "HIGHMIA-24APR11-B86.5",
            "count": 5,
            "created_time": "2024-04-10T14:20:08.611655Z",
            "yes_price": 35,
            "no_price": 65,
            "taker_side": "yes"
        }
    ],
    "HIGHMIA-24APR11-B88.5": [
        {
            "trade_id": "f4a9f545-76bd-4c3e-b87c-049e0fa95799",
            "ticker": "HIGHMIA-24APR11-B88.5",
            "count": 200,
            "created_time": "2024-04-11T23:55:56.604454Z",
            "yes_price": 2,
            "no_price": 98,
            "taker_side": "no"
        },
        {
            "trade_id": "e9fb87b2-b2b1-42aa-8cd3-784482072776",
            "ticker": "HIGHMIA-24APR11-B88.5",
            "count": 1,
            "created_time": "2024-04-11T23:55:56.604454Z",
            "yes_price": 3,
            "no_price": 97,
            "taker_side": "no"
        },
        {
            "trade_id": "811411fc-8176-4d1c-b834-5e42670b0e75",
            "ticker": "HIGHMIA-24APR11-B88.5",
            "count": 149,
            "created_time": "2024-04-11T23:17:35.308747Z",
            "yes_price": 3,
            "no_price": 97,
            "taker_side": "no"
        },
        {
            "trade_id": "da9458d5-b49f-430b-a468-a614c936917e",
            "ticker": "HIGHMIA-24APR11-B88.5",
            "count": 1,
            "created_time": "2024-04-11T23:07:43.317864Z",
            "yes_price": 3,
            "no_price": 97,
            "taker_side": "no"
        },
        {
            "trade_id": "6c799c0f-35ac-40b2-a2a4-655d552895a3",
            "ticker": "HIGHMIA-24APR11-B88.5",
            "count": 15,
            "created_time": "2024-04-11T22:50:45.428515Z",
            "yes_price": 3,
            "no_price": 97,
            "taker_side": "no"
        },
        {
            "trade_id": "5db14b26-0678-426d-9c87-6c121a9516af",
            "ticker": "HIGHMIA-24APR11-B88.5",
            "count": 52,
            "created_time": "2024-04-11T22:50:45.428515Z",
            "yes_price": 4,
            "no_price": 96,
            "taker_side": "no"
        },
        {
            "trade_id": "fe2f099e-d124-4e58-9d77-1690d0194f7d",
            "ticker": "HIGHMIA-24APR11-B88.5",
            "count": 23,
            "created_time": "2024-04-11T22:16:18.203737Z",
            "yes_price": 12,
            "no_price": 88,
            "taker_side": "no"
        },
        {
            "trade_id": "d4b5e470-5581-426b-8b51-67d57532f759",
            "ticker": "HIGHMIA-24APR11-B88.5",
            "count": 50,
            "created_time": "2024-04-11T22:16:18.203737Z",
            "yes_price": 10,
            "no_price": 90,
            "taker_side": "no"
        },
        {
            "trade_id": "adbba9f3-2f80-47fb-8129-380a106414b2",
            "ticker": "HIGHMIA-24APR11-B88.5",
            "count": 100,
            "created_time": "2024-04-11T22:16:18.203737Z",
            "yes_price": 11,
            "no_price": 89,
            "taker_side": "no"
        },
        {
            "trade_id": "35cefc6a-27bb-4e97-8287-4908255dd7b5",
            "ticker": "HIGHMIA-24APR11-B88.5",
            "count": 4,
            "created_time": "2024-04-11T22:16:18.203737Z",
            "yes_price": 11,
            "no_price": 89,
            "taker_side": "no"
        },
        {
            "trade_id": "e9f068cc-e278-4def-aa6f-0c9d48698d48",
            "ticker": "HIGHMIA-24APR11-B88.5",
            "count": 2,
            "created_time": "2024-04-11T22:04:24.8916Z",
            "yes_price": 12,
            "no_price": 88,
            "taker_side": "no"
        },
        {
            "trade_id": "acd7645e-f4b6-4742-aa0b-ba316480f9ec",
            "ticker": "HIGHMIA-24APR11-B88.5",
            "count": 20,
            "created_time": "2024-04-11T21:34:09.731654Z",
            "yes_price": 35,
            "no_price": 65,
            "taker_side": "no"
        },
        {
            "trade_id": "2d0bc891-4d13-45a7-9031-05ac34bf69fe",
            "ticker": "HIGHMIA-24APR11-B88.5",
            "count": 10,
            "created_time": "2024-04-11T21:34:09.731654Z",
            "yes_price": 31,
            "no_price": 69,
            "taker_side": "no"
        },
        {
            "trade_id": "0ac772b1-857c-4ad0-9da3-c0f91f9d9270",
            "ticker": "HIGHMIA-24APR11-B88.5",
            "count": 15,
            "created_time": "2024-04-11T21:34:09.731654Z",
            "yes_price": 36,
            "no_price": 64,
            "taker_side": "no"
        },
        {
            "trade_id": "76eb251a-f3e6-40fc-8657-698cbb6fc9b8",
            "ticker": "HIGHMIA-24APR11-B88.5",
            "count": 1,
            "created_time": "2024-04-11T21:18:45.468278Z",
            "yes_price": 59,
            "no_price": 41,
            "taker_side": "no"
        },
        {
            "trade_id": "1fa84a6b-0b58-4e94-a56d-ec7f4372113e",
            "ticker": "HIGHMIA-24APR11-B88.5",
            "count": 4,
            "created_time": "2024-04-11T21:18:45.468278Z",
            "yes_price": 57,
            "no_price": 43,
            "taker_side": "no"
        },
        {
            "trade_id": "d9dcb4dc-3fc8-4ba0-a78b-a611708c8a6e",
            "ticker": "HIGHMIA-24APR11-B88.5",
            "count": 6,
            "created_time": "2024-04-11T21:17:33.303398Z",
            "yes_price": 97,
            "no_price": 3,
            "taker_side": "yes"
        },
        {
            "trade_id": "b8047c73-6b36-44cb-b508-ca01c15a039b",
            "ticker": "HIGHMIA-24APR11-B88.5",
            "count": 1,
            "created_time": "2024-04-11T21:02:35.601799Z",
            "yes_price": 57,
            "no_price": 43,
            "taker_side": "no"
        },
        {
            "trade_id": "64d1f2d9-89e9-473c-b438-47f45aa33444",
            "ticker": "HIGHMIA-24APR11-B88.5",
            "count": 1,
            "created_time": "2024-04-11T21:02:35.601799Z",
            "yes_price": 60,
            "no_price": 40,
            "taker_side": "no"
        },
        {
            "trade_id": "26014361-9004-449e-9f8e-e2b6f69bc499",
            "ticker": "HIGHMIA-24APR11-B88.5",
            "count": 3,
            "created_time": "2024-04-11T20:47:33.614157Z",
            "yes_price": 84,
            "no_price": 16,
            "taker_side": "yes"
        },
        {
            "trade_id": "c36c6c96-95ff-4fd5-bd2c-057aa50d1134",
            "ticker": "HIGHMIA-24APR11-B88.5",
            "count": 4,
            "created_time": "2024-04-11T20:47:29.536834Z",
            "yes_price": 82,
            "no_price": 18,
            "taker_side": "yes"
        },
        {
            "trade_id": "66fdffd9-1f7c-4194-8496-0800181ff49d",
            "ticker": "HIGHMIA-24APR11-B88.5",
            "count": 31,
            "created_time": "2024-04-11T20:43:56.392357Z",
            "yes_price": 81,
            "no_price": 19,
            "taker_side": "yes"
        },
        {
            "trade_id": "0b5dbfa6-e73a-4ee6-8f28-07bef4c6db92",
            "ticker": "HIGHMIA-24APR11-B88.5",
            "count": 4,
            "created_time": "2024-04-11T20:42:17.402962Z",
            "yes_price": 57,
            "no_price": 43,
            "taker_side": "no"
        },
        {
            "trade_id": "043664a4-a215-4b14-866b-a982f43a1039",
            "ticker": "HIGHMIA-24APR11-B88.5",
            "count": 14,
            "created_time": "2024-04-11T20:41:23.194674Z",
            "yes_price": 57,
            "no_price": 43,
            "taker_side": "no"
        },
        {
            "trade_id": "41817e54-1525-4432-af47-c61b09a9c754",
            "ticker": "HIGHMIA-24APR11-B88.5",
            "count": 1,
            "created_time": "2024-04-11T20:40:32.263529Z",
            "yes_price": 83,
            "no_price": 17,
            "taker_side": "yes"
        },
        {
            "trade_id": "0e253345-7302-4713-a1dc-644a2d6b66b9",
            "ticker": "HIGHMIA-24APR11-B88.5",
            "count": 10,
            "created_time": "2024-04-11T19:56:20.044979Z",
            "yes_price": 40,
            "no_price": 60,
            "taker_side": "no"
        },
        {
            "trade_id": "29a7d1c4-a20d-4ccb-8ae5-78e14a840667",
            "ticker": "HIGHMIA-24APR11-B88.5",
            "count": 5,
            "created_time": "2024-04-11T19:43:47.459084Z",
            "yes_price": 50,
            "no_price": 50,
            "taker_side": "no"
        },
        {
            "trade_id": "3ea068e0-6e50-4c63-a4de-5a76cddab3f3",
            "ticker": "HIGHMIA-24APR11-B88.5",
            "count": 18,
            "created_time": "2024-04-11T19:03:28.826137Z",
            "yes_price": 4,
            "no_price": 96,
            "taker_side": "no"
        },
        {
            "trade_id": "b8c93270-9d77-473d-b025-f57b6db7cdaa",
            "ticker": "HIGHMIA-24APR11-B88.5",
            "count": 39,
            "created_time": "2024-04-11T18:57:42.44968Z",
            "yes_price": 5,
            "no_price": 95,
            "taker_side": "no"
        },
        {
            "trade_id": "2121b383-04c6-48d9-a909-8e37913e8536",
            "ticker": "HIGHMIA-24APR11-B88.5",
            "count": 1,
            "created_time": "2024-04-11T18:57:42.44968Z",
            "yes_price": 4,
            "no_price": 96,
            "taker_side": "no"
        },
        {
            "trade_id": "1aba1c77-ecf2-4abf-8825-9065278c603e",
            "ticker": "HIGHMIA-24APR11-B88.5",
            "count": 5,
            "created_time": "2024-04-11T18:52:46.865007Z",
            "yes_price": 5,
            "no_price": 95,
            "taker_side": "no"
        },
        {
            "trade_id": "8e87c386-7392-479c-bd65-ba61056c7eac",
            "ticker": "HIGHMIA-24APR11-B88.5",
            "count": 53,
            "created_time": "2024-04-11T18:36:04.776866Z",
            "yes_price": 84,
            "no_price": 16,
            "taker_side": "yes"
        },
        {
            "trade_id": "b5bc3bf0-5864-4adb-a92e-b6178cea907a",
            "ticker": "HIGHMIA-24APR11-B88.5",
            "count": 1,
            "created_time": "2024-04-11T16:32:49.226718Z",
            "yes_price": 82,
            "no_price": 18,
            "taker_side": "yes"
        },
        {
            "trade_id": "67b2b572-42a7-45cc-8266-23b79f104acf",
            "ticker": "HIGHMIA-24APR11-B88.5",
            "count": 9,
            "created_time": "2024-04-11T13:01:43.635736Z",
            "yes_price": 76,
            "no_price": 24,
            "taker_side": "yes"
        },
        {
            "trade_id": "8c6a56e7-a562-4ddc-b8bf-613afb5d2561",
            "ticker": "HIGHMIA-24APR11-B88.5",
            "count": 6,
            "created_time": "2024-04-11T12:56:49.777655Z",
            "yes_price": 76,
            "no_price": 24,
            "taker_side": "no"
        },
        {
            "trade_id": "a901372f-1967-438a-aa75-eea8917adbf9",
            "ticker": "HIGHMIA-24APR11-B88.5",
            "count": 15,
            "created_time": "2024-04-11T12:56:49.677309Z",
            "yes_price": 76,
            "no_price": 24,
            "taker_side": "no"
        },
        {
            "trade_id": "70d61b73-2a25-4e0c-8647-ea23f5b7631e",
            "ticker": "HIGHMIA-24APR11-B88.5",
            "count": 10,
            "created_time": "2024-04-11T12:31:37.801078Z",
            "yes_price": 75,
            "no_price": 25,
            "taker_side": "yes"
        },
        {
            "trade_id": "c36a3017-52a5-4c02-accc-789ce03cf676",
            "ticker": "HIGHMIA-24APR11-B88.5",
            "count": 28,
            "created_time": "2024-04-11T12:26:22.852749Z",
            "yes_price": 78,
            "no_price": 22,
            "taker_side": "yes"
        },
        {
            "trade_id": "9e60f8d2-fede-4a92-b8a8-c70e7763acd5",
            "ticker": "HIGHMIA-24APR11-B88.5",
            "count": 70,
            "created_time": "2024-04-11T12:26:22.852749Z",
            "yes_price": 80,
            "no_price": 20,
            "taker_side": "yes"
        },
        {
            "trade_id": "369cc3d6-f8ea-4ede-9542-b6fc591f9d7b",
            "ticker": "HIGHMIA-24APR11-B88.5",
            "count": 70,
            "created_time": "2024-04-11T12:26:12.794965Z",
            "yes_price": 76,
            "no_price": 24,
            "taker_side": "yes"
        },
        {
            "trade_id": "2f345f51-5d6a-471a-aa6c-4f89f019db74",
            "ticker": "HIGHMIA-24APR11-B88.5",
            "count": 14,
            "created_time": "2024-04-11T12:26:12.794965Z",
            "yes_price": 74,
            "no_price": 26,
            "taker_side": "yes"
        },
        {
            "trade_id": "0ba0685c-7808-4504-9036-63bff8650d24",
            "ticker": "HIGHMIA-24APR11-B88.5",
            "count": 70,
            "created_time": "2024-04-11T12:26:12.794965Z",
            "yes_price": 78,
            "no_price": 22,
            "taker_side": "yes"
        },
        {
            "trade_id": "f232439d-51e2-4d3a-8f3e-95fe8bb78705",
            "ticker": "HIGHMIA-24APR11-B88.5",
            "count": 15,
            "created_time": "2024-04-11T12:17:36.667796Z",
            "yes_price": 72,
            "no_price": 28,
            "taker_side": "yes"
        },
        {
            "trade_id": "2be02b58-0280-4e5e-9cae-ba57349094f2",
            "ticker": "HIGHMIA-24APR11-B88.5",
            "count": 4,
            "created_time": "2024-04-11T12:17:36.667796Z",
            "yes_price": 72,
            "no_price": 28,
            "taker_side": "yes"
        },
        {
            "trade_id": "10dc1d21-54d7-4efb-8371-877d6424b233",
            "ticker": "HIGHMIA-24APR11-B88.5",
            "count": 43,
            "created_time": "2024-04-11T12:17:36.667796Z",
            "yes_price": 73,
            "no_price": 27,
            "taker_side": "yes"
        },
        {
            "trade_id": "0871ab53-7f08-462b-b960-dcb49a0db659",
            "ticker": "HIGHMIA-24APR11-B88.5",
            "count": 6,
            "created_time": "2024-04-11T12:04:36.12157Z",
            "yes_price": 71,
            "no_price": 29,
            "taker_side": "no"
        },
        {
            "trade_id": "c697a1e3-9bab-4516-836c-1b2d21951842",
            "ticker": "HIGHMIA-24APR11-B88.5",
            "count": 51,
            "created_time": "2024-04-10T17:34:45.731165Z",
            "yes_price": 61,
            "no_price": 39,
            "taker_side": "yes"
        },
        {
            "trade_id": "c180d873-9f56-4a0f-936e-c28844783fcb",
            "ticker": "HIGHMIA-24APR11-B88.5",
            "count": 1,
            "created_time": "2024-04-10T17:34:45.731165Z",
            "yes_price": 60,
            "no_price": 40,
            "taker_side": "yes"
        },
        {
            "trade_id": "b0d60b1a-1abc-4069-be63-d11787445ad4",
            "ticker": "HIGHMIA-24APR11-B88.5",
            "count": 102,
            "created_time": "2024-04-10T16:32:12.189445Z",
            "yes_price": 63,
            "no_price": 37,
            "taker_side": "yes"
        },
        {
            "trade_id": "881d84ae-2c47-4322-b7e7-4b4f4aa4d6c2",
            "ticker": "HIGHMIA-24APR11-B88.5",
            "count": 102,
            "created_time": "2024-04-10T16:32:12.189445Z",
            "yes_price": 61,
            "no_price": 39,
            "taker_side": "yes"
        },
        {
            "trade_id": "798ea5d9-4fdb-43e9-95be-bcf69f5a17c9",
            "ticker": "HIGHMIA-24APR11-B88.5",
            "count": 51,
            "created_time": "2024-04-10T16:32:12.189445Z",
            "yes_price": 59,
            "no_price": 41,
            "taker_side": "yes"
        },
        {
            "trade_id": "0f2ff5b0-c66b-4d40-9193-de7dfa95b2a6",
            "ticker": "HIGHMIA-24APR11-B88.5",
            "count": 3,
            "created_time": "2024-04-10T15:15:41.691645Z",
            "yes_price": 55,
            "no_price": 45,
            "taker_side": "yes"
        },
        {
            "trade_id": "c5c2538b-1546-46ee-baf1-96a72bc8e162",
            "ticker": "HIGHMIA-24APR11-B88.5",
            "count": 3,
            "created_time": "2024-04-10T14:20:08.708136Z",
            "yes_price": 48,
            "no_price": 52,
            "taker_side": "no"
        }
    ],
    "HIGHMIA-24APR11-T89": [
        {
            "trade_id": "af930407-8d3a-4dd6-935d-87e5a038f52b",
            "ticker": "HIGHMIA-24APR11-T89",
            "count": 50,
            "created_time": "2024-04-11T17:56:51.250457Z",
            "yes_price": 5,
            "no_price": 95,
            "taker_side": "no"
        },
        {
            "trade_id": "ffaa7714-4704-4ae5-ad62-1234d0ed8c00",
            "ticker": "HIGHMIA-24APR11-T89",
            "count": 4,
            "created_time": "2024-04-11T16:37:57.373759Z",
            "yes_price": 20,
            "no_price": 80,
            "taker_side": "yes"
        },
        {
            "trade_id": "4794d26a-e09c-4afb-b80d-b4dcefe96d7d",
            "ticker": "HIGHMIA-24APR11-T89",
            "count": 10,
            "created_time": "2024-04-11T14:46:17.857068Z",
            "yes_price": 20,
            "no_price": 80,
            "taker_side": "yes"
        },
        {
            "trade_id": "ed515cd8-1c55-4df2-a6e3-1ecfc79e6081",
            "ticker": "HIGHMIA-24APR11-T89",
            "count": 15,
            "created_time": "2024-04-11T12:56:49.776126Z",
            "yes_price": 20,
            "no_price": 80,
            "taker_side": "no"
        },
        {
            "trade_id": "38c03190-54f0-4902-9849-6d6e481ec3bb",
            "ticker": "HIGHMIA-24APR11-T89",
            "count": 10,
            "created_time": "2024-04-11T12:31:54.366373Z",
            "yes_price": 25,
            "no_price": 75,
            "taker_side": "no"
        },
        {
            "trade_id": "d7374cd6-016a-4e9e-b7db-11c2ccfcb30b",
            "ticker": "HIGHMIA-24APR11-T89",
            "count": 149,
            "created_time": "2024-04-11T12:26:17.518291Z",
            "yes_price": 20,
            "no_price": 80,
            "taker_side": "no"
        },
        {
            "trade_id": "f202a059-221e-45c5-8af2-db6905e48895",
            "ticker": "HIGHMIA-24APR11-T89",
            "count": 4,
            "created_time": "2024-04-11T12:17:36.74611Z",
            "yes_price": 22,
            "no_price": 78,
            "taker_side": "no"
        },
        {
            "trade_id": "d3363a58-4e06-47f7-9b64-d8050437b777",
            "ticker": "HIGHMIA-24APR11-T89",
            "count": 63,
            "created_time": "2024-04-11T12:04:36.031577Z",
            "yes_price": 23,
            "no_price": 77,
            "taker_side": "yes"
        },
        {
            "trade_id": "66ac036d-9814-40b5-a1ed-50e42d81985b",
            "ticker": "HIGHMIA-24APR11-T89",
            "count": 19,
            "created_time": "2024-04-11T12:04:36.031577Z",
            "yes_price": 21,
            "no_price": 79,
            "taker_side": "yes"
        },
        {
            "trade_id": "46ac14e0-3f7c-42cb-af4d-c3c6c7c5bdf9",
            "ticker": "HIGHMIA-24APR11-T89",
            "count": 6,
            "created_time": "2024-04-11T12:04:36.031577Z",
            "yes_price": 21,
            "no_price": 79,
            "taker_side": "yes"
        },
        {
            "trade_id": "466af6d5-a543-4112-8937-ca9f75e7e44f",
            "ticker": "HIGHMIA-24APR11-T89",
            "count": 63,
            "created_time": "2024-04-11T12:04:36.031577Z",
            "yes_price": 25,
            "no_price": 75,
            "taker_side": "yes"
        },
        {
            "trade_id": "74b92d03-3e7b-4b03-9413-906f37a6024b",
            "ticker": "HIGHMIA-24APR11-T89",
            "count": 53,
            "created_time": "2024-04-11T03:54:03.335076Z",
            "yes_price": 22,
            "no_price": 78,
            "taker_side": "yes"
        },
        {
            "trade_id": "81435231-ead2-4674-a0dd-68d067d4f971",
            "ticker": "HIGHMIA-24APR11-T89",
            "count": 62,
            "created_time": "2024-04-11T03:53:45.536003Z",
            "yes_price": 21,
            "no_price": 79,
            "taker_side": "yes"
        },
        {
            "trade_id": "6d3b883c-de50-4166-8202-2ef74baf6cda",
            "ticker": "HIGHMIA-24APR11-T89",
            "count": 70,
            "created_time": "2024-04-11T03:53:35.404741Z",
            "yes_price": 20,
            "no_price": 80,
            "taker_side": "yes"
        },
        {
            "trade_id": "383df16c-8d80-4fa9-afb0-e162090e86dc",
            "ticker": "HIGHMIA-24APR11-T89",
            "count": 102,
            "created_time": "2024-04-10T20:40:57.238641Z",
            "yes_price": 21,
            "no_price": 79,
            "taker_side": "no"
        },
        {
            "trade_id": "32125548-a88a-417f-b459-8a8919ea88b0",
            "ticker": "HIGHMIA-24APR11-T89",
            "count": 61,
            "created_time": "2024-04-10T20:40:57.238641Z",
            "yes_price": 23,
            "no_price": 77,
            "taker_side": "no"
        },
        {
            "trade_id": "4e8461fb-0376-4fd3-8e52-0f67ae447323",
            "ticker": "HIGHMIA-24APR11-T89",
            "count": 102,
            "created_time": "2024-04-10T17:39:51.609633Z",
            "yes_price": 14,
            "no_price": 86,
            "taker_side": "no"
        },
        {
            "trade_id": "39fd2c61-89a6-4423-8959-2419dee65a5f",
            "ticker": "HIGHMIA-24APR11-T89",
            "count": 61,
            "created_time": "2024-04-10T17:39:51.609633Z",
            "yes_price": 16,
            "no_price": 84,
            "taker_side": "no"
        },
        {
            "trade_id": "d04455ff-9f0a-4c10-94d7-ec7d2d909939",
            "ticker": "HIGHMIA-24APR11-T89",
            "count": 92,
            "created_time": "2024-04-10T17:34:55.802477Z",
            "yes_price": 14,
            "no_price": 86,
            "taker_side": "no"
        },
        {
            "trade_id": "23aa04ba-6eb4-4650-91af-b0cf350532c8",
            "ticker": "HIGHMIA-24APR11-T89",
            "count": 20,
            "created_time": "2024-04-10T17:34:55.802477Z",
            "yes_price": 14,
            "no_price": 86,
            "taker_side": "no"
        },
        {
            "trade_id": "7a3bdde8-4048-47ff-984f-e2fe1c3883c1",
            "ticker": "HIGHMIA-24APR11-T89",
            "count": 2,
            "created_time": "2024-04-10T16:35:11.137402Z",
            "yes_price": 21,
            "no_price": 79,
            "taker_side": "yes"
        },
        {
            "trade_id": "d923c2d1-36e7-4fa5-b71f-d8e2dc11e022",
            "ticker": "HIGHMIA-24APR11-T89",
            "count": 30,
            "created_time": "2024-04-10T16:32:04.663914Z",
            "yes_price": 18,
            "no_price": 82,
            "taker_side": "no"
        },
        {
            "trade_id": "5254b214-a2dd-40cb-8287-00fc7a3e3d19",
            "ticker": "HIGHMIA-24APR11-T89",
            "count": 102,
            "created_time": "2024-04-10T16:32:04.663914Z",
            "yes_price": 16,
            "no_price": 84,
            "taker_side": "no"
        },
        {
            "trade_id": "0ea247d1-01ef-4621-8d58-f01710da3dfd",
            "ticker": "HIGHMIA-24APR11-T89",
            "count": 102,
            "created_time": "2024-04-10T16:32:04.663914Z",
            "yes_price": 15,
            "no_price": 85,
            "taker_side": "no"
        },
        {
            "trade_id": "b29c5c0e-f1a4-4b19-bec9-704db3a3d67c",
            "ticker": "HIGHMIA-24APR11-T89",
            "count": 10,
            "created_time": "2024-04-10T15:15:08.266932Z",
            "yes_price": 19,
            "no_price": 81,
            "taker_side": "yes"
        },
        {
            "trade_id": "6b1cdf0e-1271-438f-b698-4eab85927033",
            "ticker": "HIGHMIA-24APR11-T89",
            "count": 2,
            "created_time": "2024-04-10T14:20:08.807235Z",
            "yes_price": 10,
            "no_price": 90,
            "taker_side": "no"
        },
        {
            "trade_id": "32aaadbc-8821-4841-9adb-5271fa61b0dd",
            "ticker": "HIGHMIA-24APR11-T89",
            "count": 56,
            "created_time": "2024-04-10T14:17:07.806903Z",
            "yes_price": 11,
            "no_price": 89,
            "taker_side": "no"
        }
    ]
}