{
    "HIGHMIA-24JUN02-T82": [],
    "HIGHMIA-24JUN02-B82.5": [],
    "HIGHMIA-24JUN02-B84.5": [
        {
            "trade_id": "ee0f6d79-3139-47c6-b4c2-16a74426d143",
            "ticker": "HIGHMIA-24JUN02-B84.5",
            "count": 93,
            "created_time": "2024-06-02T19:18:50.01669Z",
            "yes_price": 1,
            "no_price": 99,
            "taker_side": "yes"
        },
        {
            "trade_id": "0da08b68-ad00-479f-af44-d6390cd309c1",
            "ticker": "HIGHMIA-24JUN02-B84.5",
            "count": 93,
            "created_time": "2024-06-02T18:07:00.372559Z",
            "yes_price": 1,
            "no_price": 99,
            "taker_side": "yes"
        },
        {
            "trade_id": "1db71116-e470-496c-868e-b3dc0df8e03f",
            "ticker": "HIGHMIA-24JUN02-B84.5",
            "count": 1,
            "created_time": "2024-06-02T17:55:46.826788Z",
            "yes_price": 1,
            "no_price": 99,
            "taker_side": "no"
        },
        {
            "trade_id": "8b088aeb-0f54-4f78-b7ba-0827cc218ec6",
            "ticker": "HIGHMIA-24JUN02-B84.5",
            "count": 24,
            "created_time": "2024-06-02T14:00:43.082297Z",
            "yes_price": 45,
            "no_price": 55,
            "taker_side": "yes"
        },
        {
            "trade_id": "0e3878d6-663b-4981-9b72-02dcc0ffbb54",
            "ticker": "HIGHMIA-24JUN02-B84.5",
            "count": 1,
            "created_time": "2024-06-02T14:00:43.082297Z",
            "yes_price": 44,
            "no_price": 56,
            "taker_side": "yes"
        },
        {
            "trade_id": "9634f44d-6274-401a-863f-49a0a6b6f36c",
            "ticker": "HIGHMIA-24JUN02-B84.5",
            "count": 13,
            "created_time": "2024-06-02T12:04:46.260681Z",
            "yes_price": 25,
            "no_price": 75,
            "taker_side": "no"
        },
        {
            "trade_id": "591d29e7-f25a-4d92-923e-711102f800c2",
            "ticker": "HIGHMIA-24JUN02-B84.5",
            "count": 4,
            "created_time": "2024-06-02T00:09:49.880693Z",
            "yes_price": 24,
            "no_price": 76,
            "taker_side": "no"
        },
        {
            "trade_id": "d4060b9d-2b16-4ff6-abb4-2da2f92208aa",
            "ticker": "HIGHMIA-24JUN02-B84.5",
            "count": 121,
            "created_time": "2024-06-01T21:38:34.979194Z",
            "yes_price": 24,
            "no_price": 76,
            "taker_side": "yes"
        },
        {
            "trade_id": "75e468d1-e088-4302-8ceb-f30b8be3efc7",
            "ticker": "HIGHMIA-24JUN02-B84.5",
            "count": 48,
            "created_time": "2024-06-01T21:38:34.979194Z",
            "yes_price": 22,
            "no_price": 78,
            "taker_side": "yes"
        },
        {
            "trade_id": "de8fa345-617c-48b0-9adc-ee3ee3a9d1d9",
            "ticker": "HIGHMIA-24JUN02-B84.5",
            "count": 5,
            "created_time": "2024-06-01T15:16:31.646173Z",
            "yes_price": 20,
            "no_price": 80,
            "taker_side": "no"
        },
        {
            "trade_id": "a74d2d8a-141d-4a8b-a587-a7055063e172",
            "ticker": "HIGHMIA-24JUN02-B84.5",
            "count": 1,
            "created_time": "2024-06-01T15:04:28.966349Z",
            "yes_price": 21,
            "no_price": 79,
            "taker_side": "yes"
        },
        {
            "trade_id": "b86c4469-1065-49d9-be1f-99bdbdc2f82c",
            "ticker": "HIGHMIA-24JUN02-B84.5",
            "count": 4,
            "created_time": "2024-06-01T15:01:18.337176Z",
            "yes_price": 21,
            "no_price": 79,
            "taker_side": "no"
        },
        {
            "trade_id": "9e708982-17a4-4ed1-80ff-22f687206806",
            "ticker": "HIGHMIA-24JUN02-B84.5",
            "count": 12,
            "created_time": "2024-06-01T14:23:13.471123Z",
            "yes_price": 21,
            "no_price": 79,
            "taker_side": "no"
        }
    ],
    "HIGHMIA-24JUN02-B86.5": [
        {
            "trade_id": "7b1885d5-98b0-4d7f-9f08-b6b7aa3e61fc",
            "ticker": "HIGHMIA-24JUN02-B86.5",
            "count": 1,
            "created_time": "2024-06-02T18:08:09.847735Z",
            "yes_price": 87,
            "no_price": 13,
            "taker_side": "yes"
        },
        {
            "trade_id": "d15a1a61-58e7-4d33-9c2a-69be2873958d",
            "ticker": "HIGHMIA-24JUN02-B86.5",
            "count": 2,
            "created_time": "2024-06-02T13:50:26.333468Z",
            "yes_price": 87,
            "no_price": 13,
            "taker_side": "yes"
        },
        {
            "trade_id": "08095e93-e20d-4e61-94c9-dd092a31c4a1",
            "ticker": "HIGHMIA-24JUN02-B86.5",
            "count": 5,
            "created_time": "2024-06-01T22:00:26.751264Z",
            "yes_price": 54,
            "no_price": 46,
            "taker_side": "yes"
        },
        {
            "trade_id": "2692a08b-20d7-48ce-820d-8d8f627637d3",
            "ticker": "HIGHMIA-24JUN02-B86.5",
            "count": 1,
            "created_time": "2024-06-01T21:16:30.10809Z",
            "yes_price": 53,
            "no_price": 47,
            "taker_side": "yes"
        },
        {
            "trade_id": "f96a7993-e674-4d7c-b699-953adc33e9f5",
            "ticker": "HIGHMIA-24JUN02-B86.5",
            "count": 1,
            "created_time": "2024-06-01T16:52:25.842122Z",
            "yes_price": 48,
            "no_price": 52,
            "taker_side": "yes"
        },
        {
            "trade_id": "c2fa43c0-af7d-4956-8721-7e31bda1531d",
            "ticker": "HIGHMIA-24JUN02-B86.5",
            "count": 12,
            "created_time": "2024-06-01T14:23:13.712675Z",
            "yes_price": 52,
            "no_price": 48,
            "taker_side": "no"
        }
    ],
    "HIGHMIA-24JUN02-B88.5": [
        {
            "trade_id": "46704e53-1dd4-4e55-98a6-2ca0223cfae4",
            "ticker": "HIGHMIA-24JUN02-B88.5",
            "count": 3,
            "created_time": "2024-06-02T16:58:16.245582Z",
            "yes_price": 1,
            "no_price": 99,
            "taker_side": "no"
        },
        {
            "trade_id": "64cd9ad7-843e-4091-849c-e4669a45180c",
            "ticker": "HIGHMIA-24JUN02-B88.5",
            "count": 1,
            "created_time": "2024-06-02T13:45:25.664282Z",
            "yes_price": 99,
            "no_price": 1,
            "taker_side": "yes"
        },
        {
            "trade_id": "5843ef4b-6286-4476-a627-af1a47a9f380",
            "ticker": "HIGHMIA-24JUN02-B88.5",
            "count": 12,
            "created_time": "2024-06-02T13:45:25.664282Z",
            "yes_price": 58,
            "no_price": 42,
            "taker_side": "yes"
        },
        {
            "trade_id": "39fc7577-a88a-43d9-ac4d-f95a1d4bfbe3",
            "ticker": "HIGHMIA-24JUN02-B88.5",
            "count": 1,
            "created_time": "2024-06-02T13:45:25.664282Z",
            "yes_price": 57,
            "no_price": 43,
            "taker_side": "yes"
        },
        {
            "trade_id": "0cdea37d-0fe7-4182-9872-25d0ed8e0f6e",
            "ticker": "HIGHMIA-24JUN02-B88.5",
            "count": 1,
            "created_time": "2024-06-02T13:45:25.664282Z",
            "yes_price": 57,
            "no_price": 43,
            "taker_side": "yes"
        },
        {
            "trade_id": "cf8f51f5-7629-4fd1-9988-a205822ef153",
            "ticker": "HIGHMIA-24JUN02-B88.5",
            "count": 48,
            "created_time": "2024-06-01T21:39:02.63157Z",
            "yes_price": 18,
            "no_price": 82,
            "taker_side": "no"
        },
        {
            "trade_id": "c933bdbb-f260-42f3-a1ae-a0301ca8dcc2",
            "ticker": "HIGHMIA-24JUN02-B88.5",
            "count": 12,
            "created_time": "2024-06-01T21:38:48.28653Z",
            "yes_price": 20,
            "no_price": 80,
            "taker_side": "no"
        },
        {
            "trade_id": "477dd75c-bed0-4f99-af55-bbef23a2320f",
            "ticker": "HIGHMIA-24JUN02-B88.5",
            "count": 121,
            "created_time": "2024-06-01T21:38:48.28653Z",
            "yes_price": 18,
            "no_price": 82,
            "taker_side": "no"
        },
        {
            "trade_id": "487eefc4-4b27-49c5-9491-2b5c7103bca2",
            "ticker": "HIGHMIA-24JUN02-B88.5",
            "count": 1,
            "created_time": "2024-06-01T18:35:21.334427Z",
            "yes_price": 13,
            "no_price": 87,
            "taker_side": "no"
        },
        {
            "trade_id": "777fda82-cda1-4786-88c7-49fbcf30f9d0",
            "ticker": "HIGHMIA-24JUN02-B88.5",
            "count": 1,
            "created_time": "2024-06-01T15:50:13.804723Z",
            "yes_price": 21,
            "no_price": 79,
            "taker_side": "yes"
        },
        {
            "trade_id": "8994c9d2-d832-4735-b9b8-e08dc5181e25",
            "ticker": "HIGHMIA-24JUN02-B88.5",
            "count": 1,
            "created_time": "2024-06-01T14:20:28.155603Z",
            "yes_price": 16,
            "no_price": 84,
            "taker_side": "yes"
        }
    ],
    "HIGHMIA-24JUN02-T89": []
}