{
    "KXHIGHMIA-24DEC30-T76": [
        {
            "trade_id": "f34d2e54-e206-44bb-ad16-c21149226d52",
            "ticker": "KXHIGHMIA-24DEC30-T76",
            "count": 23,
            "created_time": "2024-12-30T22:31:46.368864Z",
            "yes_price": 1,
            "no_price": 99,
            "taker_side": "yes"
        },
        {
            "trade_id": "8650986a-6c7c-4a2e-9926-54028c7c7e62",
            "ticker": "KXHIGHMIA-24DEC30-T76",
            "count": 10,
            "created_time": "2024-12-30T03:25:57.114942Z",
            "yes_price": 1,
            "no_price": 99,
            "taker_side": "no"
        },
        {
            "trade_id": "57682f69-9615-4839-952d-b65af4812cea",
            "ticker": "KXHIGHMIA-24DEC30-T76",
            "count": 1,
            "created_time": "2024-12-30T00:47:57.921624Z",
            "yes_price": 1,
            "no_price": 99,
            "taker_side": "no"
        },
        {
            "trade_id": "dcb45922-88db-414a-9683-808b4200a048",
            "ticker": "KXHIGHMIA-24DEC30-T76",
            "count": 1,
            "created_time": "2024-12-30T00:07:44.174843Z",
            "yes_price": 2,
            "no_price": 98,
            "taker_side": "no"
        },
        {
            "trade_id": "fffd37d1-7a8a-4e5a-9eda-37d3d0101791",
            "ticker": "KXHIGHMIA-24DEC30-T76",
            "count": 46,
            "created_time": "2024-12-29T15:02:16.15841Z",
            "yes_price": 2,
            "no_price": 98,
            "taker_side": "yes"
        }
    ],
    "KXHIGHMIA-24DEC30-B76.5": [
        {
            "trade_id": "65dfe8ec-dfab-445a-b6c6-4414ef6a5e23",
            "ticker": "KXHIGHMIA-24DEC30-B76.5",
            "count": 100,
            "created_time": "2024-12-30T14:22:51.557083Z",
            "yes_price": 1,
            "no_price": 99,
            "taker_side": "no"
        },
        {
            "trade_id": "4c9e5b79-a5af-4226-91ed-ff9ada1a6277",
            "ticker": "KXHIGHMIA-24DEC30-B76.5",
            "count": 100,
            "created_time": "2024-12-30T14:22:51.557083Z",
            "yes_price": 1,
            "no_price": 99,
            "taker_side": "no"
        },
        {
            "trade_id": "d2d614ed-b3c5-4ab0-9a32-3775a28ebdfd",
            "ticker": "KXHIGHMIA-24DEC30-B76.5",
            "count": 3,
            "created_time": "2024-12-30T02:29:26.946908Z",
            "yes_price": 3,
            "no_price": 97,
            "taker_side": "no"
        },
        {
            "trade_id": "6e6c86e3-38c3-424a-ba44-f84f5429caf7",
            "ticker": "KXHIGHMIA-24DEC30-B76.5",
            "count": 1,
            "created_time": "2024-12-30T00:51:36.396905Z",
            "yes_price": 3,
            "no_price": 97,
            "taker_side": "no"
        },
        {
            "trade_id": "aeba0d4e-cd8c-4101-94b7-bd129de3aae3",
            "ticker": "KXHIGHMIA-24DEC30-B76.5",
            "count": 1,
            "created_time": "2024-12-30T00:47:57.932587Z",
            "yes_price": 3,
            "no_price": 97,
            "taker_side": "no"
        },
        {
            "trade_id": "f8b249b6-bab1-4341-a19e-3d72394ded99",
            "ticker": "KXHIGHMIA-24DEC30-B76.5",
            "count": 1,
            "created_time": "2024-12-30T00:07:44.185333Z",
            "yes_price": 4,
            "no_price": 96,
            "taker_side": "no"
        },
        {
            "trade_id": "757835de-ba73-46c1-a4ff-88551aae550e",
            "ticker": "KXHIGHMIA-24DEC30-B76.5",
            "count": 1,
            "created_time": "2024-12-30T00:00:38.015217Z",
            "yes_price": 4,
            "no_price": 96,
            "taker_side": "no"
        },
        {
            "trade_id": "0bf293f2-1d9a-4724-a717-1f1ec6aaf75f",
            "ticker": "KXHIGHMIA-24DEC30-B76.5",
            "count": 1,
            "created_time": "2024-12-29T23:15:14.188859Z",
            "yes_price": 5,
            "no_price": 95,
            "taker_side": "yes"
        },
        {
            "trade_id": "b107637e-4715-426e-b5ca-521b9ba0468a",
            "ticker": "KXHIGHMIA-24DEC30-B76.5",
            "count": 1,
            "created_time": "2024-12-29T23:13:59.391893Z",
            "yes_price": 4,
            "no_price": 96,
            "taker_side": "no"
        },
        {
            "trade_id": "b20ae30a-008e-4c99-a3ef-0a083d4a6b55",
            "ticker": "KXHIGHMIA-24DEC30-B76.5",
            "count": 2,
            "created_time": "2024-12-29T23:11:53.778778Z",
            "yes_price": 5,
            "no_price": 95,
            "taker_side": "yes"
        },
        {
            "trade_id": "213e7d90-74dd-4ded-adf7-46d5ec1c3fac",
            "ticker": "KXHIGHMIA-24DEC30-B76.5",
            "count": 1,
            "created_time": "2024-12-29T22:27:30.809237Z",
            "yes_price": 5,
            "no_price": 95,
            "taker_side": "yes"
        },
        {
            "trade_id": "14db0c05-cfbc-45ff-9afa-ab0e7ca18dac",
            "ticker": "KXHIGHMIA-24DEC30-B76.5",
            "count": 9,
            "created_time": "2024-12-29T21:54:32.826114Z",
            "yes_price": 3,
            "no_price": 97,
            "taker_side": "no"
        },
        {
            "trade_id": "02e8b0db-15f9-463f-84f1-90650c12ff74",
            "ticker": "KXHIGHMIA-24DEC30-B76.5",
            "count": 3,
            "created_time": "2024-12-29T21:51:31.45043Z",
            "yes_price": 3,
            "no_price": 97,
            "taker_side": "no"
        },
        {
            "trade_id": "2a1c912b-5cce-4d2b-ac1c-6d7f54be8f02",
            "ticker": "KXHIGHMIA-24DEC30-B76.5",
            "count": 4,
            "created_time": "2024-12-29T21:45:55.355795Z",
            "yes_price": 3,
            "no_price": 97,
            "taker_side": "no"
        },
        {
            "trade_id": "0b371546-335e-42c0-8cdc-2490a7f3be37",
            "ticker": "KXHIGHMIA-24DEC30-B76.5",
            "count": 2,
            "created_time": "2024-12-29T21:40:39.545584Z",
            "yes_price": 3,
            "no_price": 97,
            "taker_side": "yes"
        },
        {
            "trade_id": "5d50fa6a-0315-4c77-bb4f-4d3a34f12968",
            "ticker": "KXHIGHMIA-24DEC30-B76.5",
            "count": 3,
            "created_time": "2024-12-29T21:33:10.246356Z",
            "yes_price": 3,
            "no_price": 97,
            "taker_side": "no"
        },
        {
            "trade_id": "d09a95a6-3b90-46e5-ae9e-05b72df8c6ef",
            "ticker": "KXHIGHMIA-24DEC30-B76.5",
            "count": 18,
            "created_time": "2024-12-29T15:02:25.763048Z",
            "yes_price": 5,
            "no_price": 95,
            "taker_side": "yes"
        }
    ],
    "KXHIGHMIA-24DEC30-B78.5": [
        {
            "trade_id": "8765bdee-82eb-44f8-b176-9e5041dc7edb",
            "ticker": "KXHIGHMIA-24DEC30-B78.5",
            "count": 830,
            "created_time": "2024-12-30T21:53:55.565217Z",
            "yes_price": 1,
            "no_price": 99,
            "taker_side": "yes"
        },
        {
            "trade_id": "83609a48-679a-4dbf-838e-2bf824c6c570",
            "ticker": "KXHIGHMIA-24DEC30-B78.5",
            "count": 26,
            "created_time": "2024-12-30T21:24:56.283113Z",
            "yes_price": 1,
            "no_price": 99,
            "taker_side": "yes"
        },
        {
            "trade_id": "4aef0a68-731c-4520-b084-d936e45b9d42",
            "ticker": "KXHIGHMIA-24DEC30-B78.5",
            "count": 1496,
            "created_time": "2024-12-30T21:24:39.955731Z",
            "yes_price": 1,
            "no_price": 99,
            "taker_side": "yes"
        },
        {
            "trade_id": "2029db05-4957-4fe9-bc68-aec9d2db43f5",
            "ticker": "KXHIGHMIA-24DEC30-B78.5",
            "count": 170,
            "created_time": "2024-12-30T18:10:38.275767Z",
            "yes_price": 1,
            "no_price": 99,
            "taker_side": "yes"
        },
        {
            "trade_id": "eccaab88-e11f-4eab-ae49-d1538b96596b",
            "ticker": "KXHIGHMIA-24DEC30-B78.5",
            "count": 26,
            "created_time": "2024-12-30T15:19:50.859575Z",
            "yes_price": 3,
            "no_price": 97,
            "taker_side": "yes"
        },
        {
            "trade_id": "e6bcd41a-2462-48de-9e42-03d9f7c69a23",
            "ticker": "KXHIGHMIA-24DEC30-B78.5",
            "count": 60,
            "created_time": "2024-12-30T15:19:50.859575Z",
            "yes_price": 6,
            "no_price": 94,
            "taker_side": "yes"
        },
        {
            "trade_id": "99b6e65a-3a91-44af-9a83-6cad09457efd",
            "ticker": "KXHIGHMIA-24DEC30-B78.5",
            "count": 91,
            "created_time": "2024-12-30T15:19:50.859575Z",
            "yes_price": 5,
            "no_price": 95,
            "taker_side": "yes"
        },
        {
            "trade_id": "0789c661-f6eb-4870-a41b-029554fb4ed2",
            "ticker": "KXHIGHMIA-24DEC30-B78.5",
            "count": 26,
            "created_time": "2024-12-30T15:19:50.859575Z",
            "yes_price": 3,
            "no_price": 97,
            "taker_side": "yes"
        },
        {
            "trade_id": "0626499e-f7f7-4335-b91e-e2ddee4fd905",
            "ticker": "KXHIGHMIA-24DEC30-B78.5",
            "count": 100,
            "created_time": "2024-12-30T15:19:50.859575Z",
            "yes_price": 4,
            "no_price": 96,
            "taker_side": "yes"
        },
        {
            "trade_id": "01a2a1e5-ad49-4bdc-88af-94ffdc56d45f",
            "ticker": "KXHIGHMIA-24DEC30-B78.5",
            "count": 100,
            "created_time": "2024-12-30T15:19:50.859575Z",
            "yes_price": 5,
            "no_price": 95,
            "taker_side": "yes"
        },
        {
            "trade_id": "d20318de-c7c7-42b7-aeb0-a53451adb141",
            "ticker": "KXHIGHMIA-24DEC30-B78.5",
            "count": 74,
            "created_time": "2024-12-30T15:19:20.454934Z",
            "yes_price": 3,
            "no_price": 97,
            "taker_side": "yes"
        },
        {
            "trade_id": "893a6800-466c-45c6-94c5-c11afd74d39b",
            "ticker": "KXHIGHMIA-24DEC30-B78.5",
            "count": 100,
            "created_time": "2024-12-30T15:19:20.454934Z",
            "yes_price": 2,
            "no_price": 98,
            "taker_side": "yes"
        },
        {
            "trade_id": "19f85aaf-ab57-4aa6-9b6f-b7866b8b53a4",
            "ticker": "KXHIGHMIA-24DEC30-B78.5",
            "count": 43,
            "created_time": "2024-12-30T15:19:20.454934Z",
            "yes_price": 1,
            "no_price": 99,
            "taker_side": "yes"
        },
        {
            "trade_id": "89b31cd1-2871-4ded-b74a-e3517bd559b2",
            "ticker": "KXHIGHMIA-24DEC30-B78.5",
            "count": 10,
            "created_time": "2024-12-30T15:13:18.527131Z",
            "yes_price": 1,
            "no_price": 99,
            "taker_side": "no"
        },
        {
            "trade_id": "1145f930-34b0-465c-885d-32b0826849f1",
            "ticker": "KXHIGHMIA-24DEC30-B78.5",
            "count": 10,
            "created_time": "2024-12-30T15:10:22.63369Z",
            "yes_price": 1,
            "no_price": 99,
            "taker_side": "no"
        },
        {
            "trade_id": "bb256302-c97d-4a06-bf22-3490cef6a464",
            "ticker": "KXHIGHMIA-24DEC30-B78.5",
            "count": 30,
            "created_time": "2024-12-30T15:06:14.816391Z",
            "yes_price": 1,
            "no_price": 99,
            "taker_side": "no"
        },
        {
            "trade_id": "07156ef8-33be-4926-96d8-e1d1127537c6",
            "ticker": "KXHIGHMIA-24DEC30-B78.5",
            "count": 40,
            "created_time": "2024-12-30T15:04:00.494544Z",
            "yes_price": 1,
            "no_price": 99,
            "taker_side": "no"
        },
        {
            "trade_id": "3d817c45-f319-4af5-8b49-c113797abf83",
            "ticker": "KXHIGHMIA-24DEC30-B78.5",
            "count": 5,
            "created_time": "2024-12-30T15:01:48.639464Z",
            "yes_price": 1,
            "no_price": 99,
            "taker_side": "no"
        },
        {
            "trade_id": "312d4299-0fc5-4ad8-84c2-91aff6406112",
            "ticker": "KXHIGHMIA-24DEC30-B78.5",
            "count": 5,
            "created_time": "2024-12-30T15:01:33.740984Z",
            "yes_price": 1,
            "no_price": 99,
            "taker_side": "no"
        },
        {
            "trade_id": "7d6c3e5b-6922-42cd-ba7f-7f167c6fa490",
            "ticker": "KXHIGHMIA-24DEC30-B78.5",
            "count": 17,
            "created_time": "2024-12-30T15:00:08.742974Z",
            "yes_price": 1,
            "no_price": 99,
            "taker_side": "no"
        },
        {
            "trade_id": "c5dc3f67-1ee9-4bbf-9b87-ba4f1bed2e95",
            "ticker": "KXHIGHMIA-24DEC30-B78.5",
            "count": 1,
            "created_time": "2024-12-30T14:59:54.115186Z",
            "yes_price": 1,
            "no_price": 99,
            "taker_side": "no"
        },
        {
            "trade_id": "a2b1d5f1-6fc9-4dbd-a9ab-aeec551bd19b",
            "ticker": "KXHIGHMIA-24DEC30-B78.5",
            "count": 5,
            "created_time": "2024-12-30T14:59:54.115186Z",
            "yes_price": 1,
            "no_price": 99,
            "taker_side": "no"
        },
        {
            "trade_id": "581372b4-2e22-4a2c-a15e-84914a8590dc",
            "ticker": "KXHIGHMIA-24DEC30-B78.5",
            "count": 16,
            "created_time": "2024-12-30T14:59:54.115186Z",
            "yes_price": 1,
            "no_price": 99,
            "taker_side": "no"
        },
        {
            "trade_id": "b547c5da-58ba-41ae-903f-2058b1f7771f",
            "ticker": "KXHIGHMIA-24DEC30-B78.5",
            "count": 50,
            "created_time": "2024-12-30T14:58:36.251902Z",
            "yes_price": 2,
            "no_price": 98,
            "taker_side": "no"
        },
        {
            "trade_id": "aa8a281d-0d47-4cce-8983-9285228cad72",
            "ticker": "KXHIGHMIA-24DEC30-B78.5",
            "count": 9,
            "created_time": "2024-12-30T14:45:42.524186Z",
            "yes_price": 5,
            "no_price": 95,
            "taker_side": "yes"
        },
        {
            "trade_id": "78caf65d-84a8-480d-b704-a4808bec6ec5",
            "ticker": "KXHIGHMIA-24DEC30-B78.5",
            "count": 9,
            "created_time": "2024-12-30T14:45:42.524186Z",
            "yes_price": 5,
            "no_price": 95,
            "taker_side": "yes"
        },
        {
            "trade_id": "e2439d2a-489a-4e5e-bb80-c12070ccb5b1",
            "ticker": "KXHIGHMIA-24DEC30-B78.5",
            "count": 17,
            "created_time": "2024-12-30T14:44:32.374229Z",
            "yes_price": 2,
            "no_price": 98,
            "taker_side": "no"
        },
        {
            "trade_id": "05c62229-75de-4d0a-887f-f173e4824831",
            "ticker": "KXHIGHMIA-24DEC30-B78.5",
            "count": 10,
            "created_time": "2024-12-30T14:40:55.184053Z",
            "yes_price": 2,
            "no_price": 98,
            "taker_side": "no"
        },
        {
            "trade_id": "59e5d522-cc49-4185-9a79-d867e58b7ed5",
            "ticker": "KXHIGHMIA-24DEC30-B78.5",
            "count": 26,
            "created_time": "2024-12-30T14:33:27.940778Z",
            "yes_price": 2,
            "no_price": 98,
            "taker_side": "no"
        },
        {
            "trade_id": "55bab39c-e39b-4007-a949-c3b59936cdcd",
            "ticker": "KXHIGHMIA-24DEC30-B78.5",
            "count": 1,
            "created_time": "2024-12-30T14:33:27.940778Z",
            "yes_price": 2,
            "no_price": 98,
            "taker_side": "no"
        },
        {
            "trade_id": "c3040fa2-8c10-4c20-b2b6-b5fa5705aa3a",
            "ticker": "KXHIGHMIA-24DEC30-B78.5",
            "count": 15,
            "created_time": "2024-12-30T14:31:44.131245Z",
            "yes_price": 4,
            "no_price": 96,
            "taker_side": "no"
        },
        {
            "trade_id": "724917dc-3fbe-44ce-a0e7-2178bd3e9e3e",
            "ticker": "KXHIGHMIA-24DEC30-B78.5",
            "count": 1,
            "created_time": "2024-12-30T14:31:44.131245Z",
            "yes_price": 3,
            "no_price": 97,
            "taker_side": "no"
        },
        {
            "trade_id": "69ffee8e-7be8-44c8-9bab-d22f75b76e22",
            "ticker": "KXHIGHMIA-24DEC30-B78.5",
            "count": 50,
            "created_time": "2024-12-30T14:31:44.131245Z",
            "yes_price": 3,
            "no_price": 97,
            "taker_side": "no"
        },
        {
            "trade_id": "32d64ecd-8475-4dd4-8813-adc68ad3d958",
            "ticker": "KXHIGHMIA-24DEC30-B78.5",
            "count": 146,
            "created_time": "2024-12-30T14:31:44.131245Z",
            "yes_price": 3,
            "no_price": 97,
            "taker_side": "no"
        },
        {
            "trade_id": "570d029c-e2d6-4966-8098-b6e208e8bbdd",
            "ticker": "KXHIGHMIA-24DEC30-B78.5",
            "count": 35,
            "created_time": "2024-12-30T14:31:30.486391Z",
            "yes_price": 4,
            "no_price": 96,
            "taker_side": "no"
        },
        {
            "trade_id": "b8669ec0-6239-4770-bf96-6b6ed8ea7a59",
            "ticker": "KXHIGHMIA-24DEC30-B78.5",
            "count": 1,
            "created_time": "2024-12-30T14:28:34.31551Z",
            "yes_price": 4,
            "no_price": 96,
            "taker_side": "no"
        },
        {
            "trade_id": "88a035fe-8263-43e5-9024-00f8d1b4b7f6",
            "ticker": "KXHIGHMIA-24DEC30-B78.5",
            "count": 1,
            "created_time": "2024-12-30T14:26:47.581029Z",
            "yes_price": 5,
            "no_price": 95,
            "taker_side": "no"
        },
        {
            "trade_id": "5d481e86-fb13-4ab4-8172-feee2c32f35d",
            "ticker": "KXHIGHMIA-24DEC30-B78.5",
            "count": 8,
            "created_time": "2024-12-30T14:26:47.581029Z",
            "yes_price": 5,
            "no_price": 95,
            "taker_side": "no"
        },
        {
            "trade_id": "4cdb5fb9-ecae-461c-a505-1c2283f3fbf5",
            "ticker": "KXHIGHMIA-24DEC30-B78.5",
            "count": 19,
            "created_time": "2024-12-30T14:26:26.898455Z",
            "yes_price": 6,
            "no_price": 94,
            "taker_side": "yes"
        },
        {
            "trade_id": "2e3ddf38-4bfc-442e-8b98-81bb43e3b970",
            "ticker": "KXHIGHMIA-24DEC30-B78.5",
            "count": 81,
            "created_time": "2024-12-30T14:26:26.898455Z",
            "yes_price": 7,
            "no_price": 93,
            "taker_side": "yes"
        },
        {
            "trade_id": "481639a2-47a8-476d-b111-76efdcbcfbf4",
            "ticker": "KXHIGHMIA-24DEC30-B78.5",
            "count": 67,
            "created_time": "2024-12-30T13:54:55.197589Z",
            "yes_price": 7,
            "no_price": 93,
            "taker_side": "yes"
        },
        {
            "trade_id": "339f8943-bef7-4a21-a1f9-1dc229e575be",
            "ticker": "KXHIGHMIA-24DEC30-B78.5",
            "count": 35,
            "created_time": "2024-12-30T13:42:36.373798Z",
            "yes_price": 7,
            "no_price": 93,
            "taker_side": "no"
        },
        {
            "trade_id": "f778ec59-5849-4662-a614-86187f8053b0",
            "ticker": "KXHIGHMIA-24DEC30-B78.5",
            "count": 240,
            "created_time": "2024-12-30T13:18:24.338224Z",
            "yes_price": 8,
            "no_price": 92,
            "taker_side": "yes"
        },
        {
            "trade_id": "41b47531-af81-4dcc-92c0-b0abaf35fc42",
            "ticker": "KXHIGHMIA-24DEC30-B78.5",
            "count": 240,
            "created_time": "2024-12-30T13:18:24.338224Z",
            "yes_price": 9,
            "no_price": 91,
            "taker_side": "yes"
        },
        {
            "trade_id": "0007c431-a944-4685-8195-2058a12d6b76",
            "ticker": "KXHIGHMIA-24DEC30-B78.5",
            "count": 240,
            "created_time": "2024-12-30T13:18:24.338224Z",
            "yes_price": 7,
            "no_price": 93,
            "taker_side": "yes"
        },
        {
            "trade_id": "a89c8d1c-8703-4b24-9516-ed722008ea52",
            "ticker": "KXHIGHMIA-24DEC30-B78.5",
            "count": 57,
            "created_time": "2024-12-30T13:11:01.920333Z",
            "yes_price": 6,
            "no_price": 94,
            "taker_side": "yes"
        },
        {
            "trade_id": "5fb062ad-ca3a-41f0-be38-9be8f2573d32",
            "ticker": "KXHIGHMIA-24DEC30-B78.5",
            "count": 21,
            "created_time": "2024-12-30T13:11:01.920333Z",
            "yes_price": 6,
            "no_price": 94,
            "taker_side": "yes"
        },
        {
            "trade_id": "d084d1ae-f854-445d-b2b8-8894a54889d0",
            "ticker": "KXHIGHMIA-24DEC30-B78.5",
            "count": 19,
            "created_time": "2024-12-30T13:06:34.250894Z",
            "yes_price": 7,
            "no_price": 93,
            "taker_side": "no"
        },
        {
            "trade_id": "48f29e71-7873-403a-bb0e-b4070e2e271b",
            "ticker": "KXHIGHMIA-24DEC30-B78.5",
            "count": 60,
            "created_time": "2024-12-30T13:06:34.250894Z",
            "yes_price": 6,
            "no_price": 94,
            "taker_side": "no"
        },
        {
            "trade_id": "6e41ff76-0a1e-41ec-804e-64cb8758c150",
            "ticker": "KXHIGHMIA-24DEC30-B78.5",
            "count": 5,
            "created_time": "2024-12-30T13:00:24.249196Z",
            "yes_price": 6,
            "no_price": 94,
            "taker_side": "no"
        },
        {
            "trade_id": "96e21da6-3bca-41dd-8b41-369c418125c2",
            "ticker": "KXHIGHMIA-24DEC30-B78.5",
            "count": 1,
            "created_time": "2024-12-30T13:00:15.218458Z",
            "yes_price": 8,
            "no_price": 92,
            "taker_side": "no"
        },
        {
            "trade_id": "8e750b92-58c9-4cd8-89ed-921102f58c52",
            "ticker": "KXHIGHMIA-24DEC30-B78.5",
            "count": 1,
            "created_time": "2024-12-30T13:00:15.218458Z",
            "yes_price": 6,
            "no_price": 94,
            "taker_side": "no"
        },
        {
            "trade_id": "72f711ec-37d3-4f02-812f-6c15bec2a14f",
            "ticker": "KXHIGHMIA-24DEC30-B78.5",
            "count": 1,
            "created_time": "2024-12-30T13:00:15.218458Z",
            "yes_price": 9,
            "no_price": 91,
            "taker_side": "no"
        },
        {
            "trade_id": "725d9c5d-d98e-4327-80fa-f05c53ac8b37",
            "ticker": "KXHIGHMIA-24DEC30-B78.5",
            "count": 1,
            "created_time": "2024-12-30T13:00:15.218458Z",
            "yes_price": 10,
            "no_price": 90,
            "taker_side": "no"
        },
        {
            "trade_id": "600741b0-1cd5-4d29-8eb4-3f43be924812",
            "ticker": "KXHIGHMIA-24DEC30-B78.5",
            "count": 95,
            "created_time": "2024-12-30T13:00:15.218458Z",
            "yes_price": 6,
            "no_price": 94,
            "taker_side": "no"
        },
        {
            "trade_id": "05d2c29f-9c91-4d10-80d2-d4bac304c543",
            "ticker": "KXHIGHMIA-24DEC30-B78.5",
            "count": 1,
            "created_time": "2024-12-30T13:00:15.218458Z",
            "yes_price": 7,
            "no_price": 93,
            "taker_side": "no"
        },
        {
            "trade_id": "2bba3cf5-2244-463f-bc65-f18109bd5034",
            "ticker": "KXHIGHMIA-24DEC30-B78.5",
            "count": 22,
            "created_time": "2024-12-30T07:54:59.420963Z",
            "yes_price": 21,
            "no_price": 79,
            "taker_side": "yes"
        },
        {
            "trade_id": "c90c0122-b487-410e-81b7-7daa455d654c",
            "ticker": "KXHIGHMIA-24DEC30-B78.5",
            "count": 21,
            "created_time": "2024-12-30T07:16:25.712679Z",
            "yes_price": 22,
            "no_price": 78,
            "taker_side": "yes"
        },
        {
            "trade_id": "12b672f3-ee19-4485-9086-ef5398689573",
            "ticker": "KXHIGHMIA-24DEC30-B78.5",
            "count": 9,
            "created_time": "2024-12-30T07:13:51.275357Z",
            "yes_price": 21,
            "no_price": 79,
            "taker_side": "yes"
        },
        {
            "trade_id": "97cc76af-fb82-4644-87c3-f4eb29310536",
            "ticker": "KXHIGHMIA-24DEC30-B78.5",
            "count": 5,
            "created_time": "2024-12-30T07:12:54.099631Z",
            "yes_price": 17,
            "no_price": 83,
            "taker_side": "no"
        },
        {
            "trade_id": "6c0b8ae7-930a-4f87-9f88-4959e943c0dd",
            "ticker": "KXHIGHMIA-24DEC30-B78.5",
            "count": 4,
            "created_time": "2024-12-30T07:12:45.605598Z",
            "yes_price": 22,
            "no_price": 78,
            "taker_side": "yes"
        },
        {
            "trade_id": "e8d80327-5381-4baf-b0de-58751358189a",
            "ticker": "KXHIGHMIA-24DEC30-B78.5",
            "count": 200,
            "created_time": "2024-12-30T06:31:26.508182Z",
            "yes_price": 21,
            "no_price": 79,
            "taker_side": "yes"
        },
        {
            "trade_id": "977decef-b1ca-427b-a3a8-1c8036e12838",
            "ticker": "KXHIGHMIA-24DEC30-B78.5",
            "count": 200,
            "created_time": "2024-12-30T06:31:26.508182Z",
            "yes_price": 20,
            "no_price": 80,
            "taker_side": "yes"
        },
        {
            "trade_id": "705f809a-45ed-4eca-a37f-7ea3caa4beb3",
            "ticker": "KXHIGHMIA-24DEC30-B78.5",
            "count": 100,
            "created_time": "2024-12-30T06:31:26.508182Z",
            "yes_price": 22,
            "no_price": 78,
            "taker_side": "yes"
        },
        {
            "trade_id": "8e6c510c-57c1-4b8d-8baa-92f789479b73",
            "ticker": "KXHIGHMIA-24DEC30-B78.5",
            "count": 70,
            "created_time": "2024-12-30T06:01:15.925902Z",
            "yes_price": 25,
            "no_price": 75,
            "taker_side": "yes"
        },
        {
            "trade_id": "8181f4b3-e306-4d56-a041-0ea7c730ab7d",
            "ticker": "KXHIGHMIA-24DEC30-B78.5",
            "count": 200,
            "created_time": "2024-12-30T06:01:15.925902Z",
            "yes_price": 24,
            "no_price": 76,
            "taker_side": "yes"
        },
        {
            "trade_id": "67280c8e-59c6-47b1-9da4-f0c9795b1f1e",
            "ticker": "KXHIGHMIA-24DEC30-B78.5",
            "count": 100,
            "created_time": "2024-12-30T06:01:15.925902Z",
            "yes_price": 25,
            "no_price": 75,
            "taker_side": "yes"
        },
        {
            "trade_id": "59431b47-994c-4676-8e12-a26aecd1451d",
            "ticker": "KXHIGHMIA-24DEC30-B78.5",
            "count": 16,
            "created_time": "2024-12-30T06:01:15.925902Z",
            "yes_price": 25,
            "no_price": 75,
            "taker_side": "yes"
        },
        {
            "trade_id": "51e139e9-1344-4e0f-8813-3e37f3575946",
            "ticker": "KXHIGHMIA-24DEC30-B78.5",
            "count": 1,
            "created_time": "2024-12-30T06:01:15.925902Z",
            "yes_price": 23,
            "no_price": 77,
            "taker_side": "yes"
        },
        {
            "trade_id": "57a0b930-6cd4-4cf7-a680-730ce10ac528",
            "ticker": "KXHIGHMIA-24DEC30-B78.5",
            "count": 45,
            "created_time": "2024-12-30T05:24:36.252246Z",
            "yes_price": 21,
            "no_price": 79,
            "taker_side": "yes"
        },
        {
            "trade_id": "270197e9-8d80-4213-a60b-72453136237c",
            "ticker": "KXHIGHMIA-24DEC30-B78.5",
            "count": 25,
            "created_time": "2024-12-30T04:39:48.398944Z",
            "yes_price": 18,
            "no_price": 82,
            "taker_side": "yes"
        },
        {
            "trade_id": "945af8de-2733-4caf-ab72-60b0de84cc95",
            "ticker": "KXHIGHMIA-24DEC30-B78.5",
            "count": 10,
            "created_time": "2024-12-30T04:14:28.082415Z",
            "yes_price": 15,
            "no_price": 85,
            "taker_side": "no"
        },
        {
            "trade_id": "9b50650b-e4d3-44b6-8677-5f0943edfe7d",
            "ticker": "KXHIGHMIA-24DEC30-B78.5",
            "count": 10,
            "created_time": "2024-12-30T04:14:27.549231Z",
            "yes_price": 15,
            "no_price": 85,
            "taker_side": "no"
        },
        {
            "trade_id": "e7d96b7e-9a38-45e8-87dc-20fafddd93fe",
            "ticker": "KXHIGHMIA-24DEC30-B78.5",
            "count": 200,
            "created_time": "2024-12-30T03:35:13.143065Z",
            "yes_price": 15,
            "no_price": 85,
            "taker_side": "no"
        },
        {
            "trade_id": "db01a0af-a424-459d-9857-381b67e8676a",
            "ticker": "KXHIGHMIA-24DEC30-B78.5",
            "count": 100,
            "created_time": "2024-12-30T03:32:01.365844Z",
            "yes_price": 17,
            "no_price": 83,
            "taker_side": "no"
        },
        {
            "trade_id": "bf654adc-efd1-4e1f-a94d-9eda3a24ce79",
            "ticker": "KXHIGHMIA-24DEC30-B78.5",
            "count": 100,
            "created_time": "2024-12-30T03:32:01.365844Z",
            "yes_price": 15,
            "no_price": 85,
            "taker_side": "no"
        },
        {
            "trade_id": "b759febf-0598-4b44-b48c-91d30396c8ea",
            "ticker": "KXHIGHMIA-24DEC30-B78.5",
            "count": 100,
            "created_time": "2024-12-30T03:32:01.365844Z",
            "yes_price": 15,
            "no_price": 85,
            "taker_side": "no"
        },
        {
            "trade_id": "3813760a-9eb2-4144-a2e9-64ddda6dcaf2",
            "ticker": "KXHIGHMIA-24DEC30-B78.5",
            "count": 200,
            "created_time": "2024-12-30T03:32:01.365844Z",
            "yes_price": 16,
            "no_price": 84,
            "taker_side": "no"
        },
        {
            "trade_id": "09be1f51-d5a5-42dd-b354-d5e84a24741c",
            "ticker": "KXHIGHMIA-24DEC30-B78.5",
            "count": 130,
            "created_time": "2024-12-30T03:32:01.365844Z",
            "yes_price": 17,
            "no_price": 83,
            "taker_side": "no"
        },
        {
            "trade_id": "a1513489-56ba-42f5-9357-ff81064a8d8e",
            "ticker": "KXHIGHMIA-24DEC30-B78.5",
            "count": 1,
            "created_time": "2024-12-30T03:18:36.220888Z",
            "yes_price": 11,
            "no_price": 89,
            "taker_side": "no"
        },
        {
            "trade_id": "835ccfac-ade0-4a81-9fc3-b9b601ca5240",
            "ticker": "KXHIGHMIA-24DEC30-B78.5",
            "count": 64,
            "created_time": "2024-12-30T03:18:36.220888Z",
            "yes_price": 12,
            "no_price": 88,
            "taker_side": "no"
        },
        {
            "trade_id": "76431efb-d1f5-473e-a7ce-ae85d8db3900",
            "ticker": "KXHIGHMIA-24DEC30-B78.5",
            "count": 2,
            "created_time": "2024-12-30T03:18:36.220888Z",
            "yes_price": 11,
            "no_price": 89,
            "taker_side": "no"
        },
        {
            "trade_id": "e9a9477e-f56a-4f27-8588-05a71bdabc40",
            "ticker": "KXHIGHMIA-24DEC30-B78.5",
            "count": 2,
            "created_time": "2024-12-30T02:58:03.845024Z",
            "yes_price": 12,
            "no_price": 88,
            "taker_side": "no"
        },
        {
            "trade_id": "61beb23b-2cbe-49e1-8ccf-0d3af31246b6",
            "ticker": "KXHIGHMIA-24DEC30-B78.5",
            "count": 1,
            "created_time": "2024-12-30T02:57:47.626232Z",
            "yes_price": 12,
            "no_price": 88,
            "taker_side": "no"
        },
        {
            "trade_id": "2fa83584-0b85-49a3-b99e-e4fbe732119e",
            "ticker": "KXHIGHMIA-24DEC30-B78.5",
            "count": 100,
            "created_time": "2024-12-30T02:57:47.626232Z",
            "yes_price": 12,
            "no_price": 88,
            "taker_side": "no"
        },
        {
            "trade_id": "093f9ab4-8c45-485c-a23c-425fb8638e95",
            "ticker": "KXHIGHMIA-24DEC30-B78.5",
            "count": 10,
            "created_time": "2024-12-30T00:54:55.753344Z",
            "yes_price": 12,
            "no_price": 88,
            "taker_side": "no"
        },
        {
            "trade_id": "a43a62a8-afba-4fb8-8125-7c2c4a1fe5c9",
            "ticker": "KXHIGHMIA-24DEC30-B78.5",
            "count": 27,
            "created_time": "2024-12-30T00:51:51.856206Z",
            "yes_price": 12,
            "no_price": 88,
            "taker_side": "no"
        },
        {
            "trade_id": "77d820e0-5f4e-460e-92fa-477032c33ea1",
            "ticker": "KXHIGHMIA-24DEC30-B78.5",
            "count": 1,
            "created_time": "2024-12-30T00:51:51.856206Z",
            "yes_price": 12,
            "no_price": 88,
            "taker_side": "no"
        },
        {
            "trade_id": "451c6413-2849-496c-a7b5-8f24bede2629",
            "ticker": "KXHIGHMIA-24DEC30-B78.5",
            "count": 1,
            "created_time": "2024-12-30T00:51:35.491714Z",
            "yes_price": 13,
            "no_price": 87,
            "taker_side": "no"
        },
        {
            "trade_id": "229a6312-1979-4d46-90ef-9ef8d7905992",
            "ticker": "KXHIGHMIA-24DEC30-B78.5",
            "count": 1,
            "created_time": "2024-12-30T00:51:35.491714Z",
            "yes_price": 13,
            "no_price": 87,
            "taker_side": "no"
        },
        {
            "trade_id": "8449639d-43b4-4ad1-b397-e202be1cedc1",
            "ticker": "KXHIGHMIA-24DEC30-B78.5",
            "count": 1,
            "created_time": "2024-12-30T00:47:57.942934Z",
            "yes_price": 14,
            "no_price": 86,
            "taker_side": "no"
        },
        {
            "trade_id": "6c96b7d8-77b0-4064-8241-b2d2829bcb96",
            "ticker": "KXHIGHMIA-24DEC30-B78.5",
            "count": 1,
            "created_time": "2024-12-30T00:07:44.155614Z",
            "yes_price": 15,
            "no_price": 85,
            "taker_side": "no"
        },
        {
            "trade_id": "680f06af-908b-4b51-b744-313b5331af05",
            "ticker": "KXHIGHMIA-24DEC30-B78.5",
            "count": 1,
            "created_time": "2024-12-29T23:22:04.644774Z",
            "yes_price": 16,
            "no_price": 84,
            "taker_side": "yes"
        },
        {
            "trade_id": "262765ab-7c41-4173-b8a5-4ace0f4a977f",
            "ticker": "KXHIGHMIA-24DEC30-B78.5",
            "count": 1,
            "created_time": "2024-12-29T23:06:34.861301Z",
            "yes_price": 17,
            "no_price": 83,
            "taker_side": "no"
        },
        {
            "trade_id": "9614150d-24a3-4d1a-91ec-4f1e852bbc88",
            "ticker": "KXHIGHMIA-24DEC30-B78.5",
            "count": 3,
            "created_time": "2024-12-29T23:06:34.711422Z",
            "yes_price": 18,
            "no_price": 82,
            "taker_side": "no"
        },
        {
            "trade_id": "807e11f5-3e88-4490-bae9-42844e521fc8",
            "ticker": "KXHIGHMIA-24DEC30-B78.5",
            "count": 1,
            "created_time": "2024-12-29T23:06:34.711422Z",
            "yes_price": 18,
            "no_price": 82,
            "taker_side": "no"
        },
        {
            "trade_id": "0e6f525c-a840-410b-8926-6a63be47652f",
            "ticker": "KXHIGHMIA-24DEC30-B78.5",
            "count": 124,
            "created_time": "2024-12-29T23:05:54.658458Z",
            "yes_price": 19,
            "no_price": 81,
            "taker_side": "yes"
        },
        {
            "trade_id": "4714a890-c432-4ad7-a98e-7f12020b97ff",
            "ticker": "KXHIGHMIA-24DEC30-B78.5",
            "count": 1,
            "created_time": "2024-12-29T22:18:28.488867Z",
            "yes_price": 19,
            "no_price": 81,
            "taker_side": "no"
        },
        {
            "trade_id": "ef88c5a6-0f0a-4083-9efb-ceec82f20cc4",
            "ticker": "KXHIGHMIA-24DEC30-B78.5",
            "count": 1,
            "created_time": "2024-12-29T22:15:39.092648Z",
            "yes_price": 20,
            "no_price": 80,
            "taker_side": "no"
        },
        {
            "trade_id": "5cfdaaa7-87dd-4d63-9d62-bff5dae1b987",
            "ticker": "KXHIGHMIA-24DEC30-B78.5",
            "count": 1,
            "created_time": "2024-12-29T22:15:39.092648Z",
            "yes_price": 21,
            "no_price": 79,
            "taker_side": "no"
        },
        {
            "trade_id": "51eb946b-79c2-4120-8d3d-edb543e9ef01",
            "ticker": "KXHIGHMIA-24DEC30-B78.5",
            "count": 117,
            "created_time": "2024-12-29T22:15:39.009687Z",
            "yes_price": 22,
            "no_price": 78,
            "taker_side": "no"
        },
        {
            "trade_id": "1adce30b-546e-4fdb-9276-51a27e9fb019",
            "ticker": "KXHIGHMIA-24DEC30-B78.5",
            "count": 21,
            "created_time": "2024-12-29T22:15:39.009687Z",
            "yes_price": 22,
            "no_price": 78,
            "taker_side": "no"
        },
        {
            "trade_id": "2810ddca-86a9-4d44-bf66-754e68c9cb3a",
            "ticker": "KXHIGHMIA-24DEC30-B78.5",
            "count": 1,
            "created_time": "2024-12-29T22:12:58.496662Z",
            "yes_price": 23,
            "no_price": 77,
            "taker_side": "yes"
        },
        {
            "trade_id": "5810bc1c-4086-4959-ac23-a7d419c309ff",
            "ticker": "KXHIGHMIA-24DEC30-B78.5",
            "count": 2,
            "created_time": "2024-12-29T22:08:39.503976Z",
            "yes_price": 22,
            "no_price": 78,
            "taker_side": "no"
        },
        {
            "trade_id": "44510162-cac3-4251-8f68-3b2346db1596",
            "ticker": "KXHIGHMIA-24DEC30-B78.5",
            "count": 12,
            "created_time": "2024-12-29T22:08:38.74964Z",
            "yes_price": 22,
            "no_price": 78,
            "taker_side": "yes"
        },
        {
            "trade_id": "0c279d9b-05ff-4a71-90b8-ea43a4043354",
            "ticker": "KXHIGHMIA-24DEC30-B78.5",
            "count": 12,
            "created_time": "2024-12-29T22:08:38.74964Z",
            "yes_price": 22,
            "no_price": 78,
            "taker_side": "yes"
        },
        {
            "trade_id": "e1e9f92b-f124-435c-ac43-d021e0883149",
            "ticker": "KXHIGHMIA-24DEC30-B78.5",
            "count": 22,
            "created_time": "2024-12-29T22:00:32.5938Z",
            "yes_price": 20,
            "no_price": 80,
            "taker_side": "yes"
        },
        {
            "trade_id": "b23db3c2-4712-4bed-9598-e2a707059297",
            "ticker": "KXHIGHMIA-24DEC30-B78.5",
            "count": 6,
            "created_time": "2024-12-29T22:00:32.5938Z",
            "yes_price": 19,
            "no_price": 81,
            "taker_side": "yes"
        },
        {
            "trade_id": "b9e907f2-88b9-4382-9d82-c32bd8fd6e18",
            "ticker": "KXHIGHMIA-24DEC30-B78.5",
            "count": 9,
            "created_time": "2024-12-29T21:54:32.769188Z",
            "yes_price": 14,
            "no_price": 86,
            "taker_side": "no"
        },
        {
            "trade_id": "f3b8e24f-6036-433d-b5a6-bff6e322c8ca",
            "ticker": "KXHIGHMIA-24DEC30-B78.5",
            "count": 50,
            "created_time": "2024-12-29T21:30:37.168988Z",
            "yes_price": 10,
            "no_price": 90,
            "taker_side": "yes"
        },
        {
            "trade_id": "4e552036-6165-4d55-ac1b-867f31a94190",
            "ticker": "KXHIGHMIA-24DEC30-B78.5",
            "count": 50,
            "created_time": "2024-12-29T21:29:56.974228Z",
            "yes_price": 10,
            "no_price": 90,
            "taker_side": "yes"
        },
        {
            "trade_id": "50deb598-8d7c-458b-a571-e8dd212f1c9b",
            "ticker": "KXHIGHMIA-24DEC30-B78.5",
            "count": 51,
            "created_time": "2024-12-29T16:08:05.066157Z",
            "yes_price": 11,
            "no_price": 89,
            "taker_side": "yes"
        },
        {
            "trade_id": "4c75c94a-897d-4376-902f-85285cad93f4",
            "ticker": "KXHIGHMIA-24DEC30-B78.5",
            "count": 100,
            "created_time": "2024-12-29T16:08:05.066157Z",
            "yes_price": 10,
            "no_price": 90,
            "taker_side": "yes"
        }
    ],
    "KXHIGHMIA-24DEC30-B80.5": [
        {
            "trade_id": "6363d019-a9a0-4e57-9a98-e77765f0776e",
            "ticker": "KXHIGHMIA-24DEC30-B80.5",
            "count": 75,
            "created_time": "2024-12-31T04:35:18.934327Z",
            "yes_price": 99,
            "no_price": 1,
            "taker_side": "no"
        },
        {
            "trade_id": "38230b42-53e4-4937-bf4c-abbaae01b299",
            "ticker": "KXHIGHMIA-24DEC30-B80.5",
            "count": 50,
            "created_time": "2024-12-31T04:27:22.753886Z",
            "yes_price": 99,
            "no_price": 1,
            "taker_side": "no"
        },
        {
            "trade_id": "4ea903fe-3406-41c7-8435-acc0bd2e6261",
            "ticker": "KXHIGHMIA-24DEC30-B80.5",
            "count": 25,
            "created_time": "2024-12-31T04:17:45.643493Z",
            "yes_price": 99,
            "no_price": 1,
            "taker_side": "no"
        },
        {
            "trade_id": "e2be66ff-85c3-4655-b747-d4685c53aa4f",
            "ticker": "KXHIGHMIA-24DEC30-B80.5",
            "count": 91,
            "created_time": "2024-12-31T02:55:27.870767Z",
            "yes_price": 99,
            "no_price": 1,
            "taker_side": "no"
        },
        {
            "trade_id": "32e8b04c-183f-4654-a2b5-2d3821348b7a",
            "ticker": "KXHIGHMIA-24DEC30-B80.5",
            "count": 115,
            "created_time": "2024-12-31T01:40:09.380094Z",
            "yes_price": 99,
            "no_price": 1,
            "taker_side": "no"
        },
        {
            "trade_id": "0bb7154e-c1ba-4bd3-9614-bcdae83a106d",
            "ticker": "KXHIGHMIA-24DEC30-B80.5",
            "count": 951,
            "created_time": "2024-12-31T01:40:09.380094Z",
            "yes_price": 99,
            "no_price": 1,
            "taker_side": "no"
        },
        {
            "trade_id": "3734fcbb-e0e3-4441-8af1-7f480f187461",
            "ticker": "KXHIGHMIA-24DEC30-B80.5",
            "count": 54,
            "created_time": "2024-12-31T01:14:37.465477Z",
            "yes_price": 99,
            "no_price": 1,
            "taker_side": "no"
        },
        {
            "trade_id": "c1d944ae-7d56-45a4-aa05-08bca3afacaf",
            "ticker": "KXHIGHMIA-24DEC30-B80.5",
            "count": 172,
            "created_time": "2024-12-30T23:58:03.467447Z",
            "yes_price": 99,
            "no_price": 1,
            "taker_side": "no"
        },
        {
            "trade_id": "ead8b9ac-89b2-4baf-84b6-abe6bf8e4666",
            "ticker": "KXHIGHMIA-24DEC30-B80.5",
            "count": 10,
            "created_time": "2024-12-30T23:10:55.743777Z",
            "yes_price": 99,
            "no_price": 1,
            "taker_side": "no"
        },
        {
            "trade_id": "f3218e3f-392f-4478-860f-7d0318473a9d",
            "ticker": "KXHIGHMIA-24DEC30-B80.5",
            "count": 2,
            "created_time": "2024-12-30T22:58:03.857323Z",
            "yes_price": 99,
            "no_price": 1,
            "taker_side": "no"
        },
        {
            "trade_id": "c92feced-5431-4aff-b74a-57c0826d8572",
            "ticker": "KXHIGHMIA-24DEC30-B80.5",
            "count": 145,
            "created_time": "2024-12-30T22:48:12.428966Z",
            "yes_price": 99,
            "no_price": 1,
            "taker_side": "no"
        },
        {
            "trade_id": "897edbdb-d865-49df-8faa-ee36d65ebac7",
            "ticker": "KXHIGHMIA-24DEC30-B80.5",
            "count": 2,
            "created_time": "2024-12-30T22:21:32.380043Z",
            "yes_price": 99,
            "no_price": 1,
            "taker_side": "no"
        },
        {
            "trade_id": "15f31c22-cf41-4ce5-a75c-d1ce7eb88f11",
            "ticker": "KXHIGHMIA-24DEC30-B80.5",
            "count": 9,
            "created_time": "2024-12-30T22:21:32.380043Z",
            "yes_price": 99,
            "no_price": 1,
            "taker_side": "no"
        },
        {
            "trade_id": "c72de292-9f7f-481f-972b-e22f5c6b7562",
            "ticker": "KXHIGHMIA-24DEC30-B80.5",
            "count": 24,
            "created_time": "2024-12-30T22:13:13.502735Z",
            "yes_price": 99,
            "no_price": 1,
            "taker_side": "no"
        },
        {
            "trade_id": "93c7aba7-2c7d-4f41-b14d-47bfaff99156",
            "ticker": "KXHIGHMIA-24DEC30-B80.5",
            "count": 12,
            "created_time": "2024-12-30T21:53:39.098109Z",
            "yes_price": 99,
            "no_price": 1,
            "taker_side": "no"
        },
        {
            "trade_id": "91022282-577b-4f7d-951c-36babed9ed9a",
            "ticker": "KXHIGHMIA-24DEC30-B80.5",
            "count": 15,
            "created_time": "2024-12-30T21:48:26.805934Z",
            "yes_price": 99,
            "no_price": 1,
            "taker_side": "no"
        },
        {
            "trade_id": "80c59eaf-44d2-439e-915d-50902ff68922",
            "ticker": "KXHIGHMIA-24DEC30-B80.5",
            "count": 9,
            "created_time": "2024-12-30T21:35:24.836992Z",
            "yes_price": 99,
            "no_price": 1,
            "taker_side": "no"
        },
        {
            "trade_id": "d2412cee-0766-40ca-b394-8da1a58e31a9",
            "ticker": "KXHIGHMIA-24DEC30-B80.5",
            "count": 50,
            "created_time": "2024-12-30T21:35:23.839844Z",
            "yes_price": 99,
            "no_price": 1,
            "taker_side": "no"
        },
        {
            "trade_id": "ddc94d06-e380-4546-b8a9-cb53d899e65a",
            "ticker": "KXHIGHMIA-24DEC30-B80.5",
            "count": 32,
            "created_time": "2024-12-30T21:35:22.786412Z",
            "yes_price": 99,
            "no_price": 1,
            "taker_side": "no"
        },
        {
            "trade_id": "b75bf8ee-5317-4dc2-a515-56a807df5489",
            "ticker": "KXHIGHMIA-24DEC30-B80.5",
            "count": 8,
            "created_time": "2024-12-30T21:32:11.257031Z",
            "yes_price": 99,
            "no_price": 1,
            "taker_side": "no"
        },
        {
            "trade_id": "7edf5dfa-cf75-4ca3-bbf7-7e2204492d77",
            "ticker": "KXHIGHMIA-24DEC30-B80.5",
            "count": 29,
            "created_time": "2024-12-30T21:30:26.586555Z",
            "yes_price": 99,
            "no_price": 1,
            "taker_side": "no"
        },
        {
            "trade_id": "9e98f5f3-ac13-4c63-a67d-296da770fe92",
            "ticker": "KXHIGHMIA-24DEC30-B80.5",
            "count": 50,
            "created_time": "2024-12-30T21:30:25.860283Z",
            "yes_price": 99,
            "no_price": 1,
            "taker_side": "no"
        },
        {
            "trade_id": "23472852-7e1c-4c34-b873-6a5b060521dd",
            "ticker": "KXHIGHMIA-24DEC30-B80.5",
            "count": 33,
            "created_time": "2024-12-30T21:30:25.562068Z",
            "yes_price": 99,
            "no_price": 1,
            "taker_side": "no"
        },
        {
            "trade_id": "f2405ef6-d6a4-4590-8d8a-506d7ee7a564",
            "ticker": "KXHIGHMIA-24DEC30-B80.5",
            "count": 200,
            "created_time": "2024-12-30T21:27:46.054431Z",
            "yes_price": 98,
            "no_price": 2,
            "taker_side": "yes"
        },
        {
            "trade_id": "dc4d069d-bed9-4607-98c5-055a4d7a68e3",
            "ticker": "KXHIGHMIA-24DEC30-B80.5",
            "count": 33,
            "created_time": "2024-12-30T21:27:46.054431Z",
            "yes_price": 99,
            "no_price": 1,
            "taker_side": "yes"
        },
        {
            "trade_id": "bf40d0f3-7a1b-4473-82c9-9d1362ccf6e3",
            "ticker": "KXHIGHMIA-24DEC30-B80.5",
            "count": 89,
            "created_time": "2024-12-30T21:27:46.054431Z",
            "yes_price": 98,
            "no_price": 2,
            "taker_side": "yes"
        },
        {
            "trade_id": "b471312f-008f-4044-acb4-b424e667f5df",
            "ticker": "KXHIGHMIA-24DEC30-B80.5",
            "count": 50,
            "created_time": "2024-12-30T21:27:46.054431Z",
            "yes_price": 98,
            "no_price": 2,
            "taker_side": "yes"
        },
        {
            "trade_id": "896b61b1-dbea-4b3c-8589-c130156ed36a",
            "ticker": "KXHIGHMIA-24DEC30-B80.5",
            "count": 80,
            "created_time": "2024-12-30T21:27:46.054431Z",
            "yes_price": 99,
            "no_price": 1,
            "taker_side": "yes"
        },
        {
            "trade_id": "843f34cf-2c12-485a-95d0-ac97282fc08f",
            "ticker": "KXHIGHMIA-24DEC30-B80.5",
            "count": 488,
            "created_time": "2024-12-30T21:27:46.054431Z",
            "yes_price": 99,
            "no_price": 1,
            "taker_side": "yes"
        },
        {
            "trade_id": "82cb0a67-221c-4631-8897-52843867dbc1",
            "ticker": "KXHIGHMIA-24DEC30-B80.5",
            "count": 27,
            "created_time": "2024-12-30T21:27:46.054431Z",
            "yes_price": 99,
            "no_price": 1,
            "taker_side": "yes"
        },
        {
            "trade_id": "63d54d6b-08f3-4428-bb79-4dd86c4fd405",
            "ticker": "KXHIGHMIA-24DEC30-B80.5",
            "count": 12,
            "created_time": "2024-12-30T21:27:46.054431Z",
            "yes_price": 97,
            "no_price": 3,
            "taker_side": "yes"
        },
        {
            "trade_id": "31169990-8c27-489d-bcdf-c4843725908d",
            "ticker": "KXHIGHMIA-24DEC30-B80.5",
            "count": 100,
            "created_time": "2024-12-30T21:27:46.054431Z",
            "yes_price": 99,
            "no_price": 1,
            "taker_side": "yes"
        },
        {
            "trade_id": "223cd053-8e7a-487e-b89a-0326d6e75d63",
            "ticker": "KXHIGHMIA-24DEC30-B80.5",
            "count": 50,
            "created_time": "2024-12-30T21:27:46.054431Z",
            "yes_price": 99,
            "no_price": 1,
            "taker_side": "yes"
        },
        {
            "trade_id": "2cf00557-59fc-4367-a819-8f21d857ce10",
            "ticker": "KXHIGHMIA-24DEC30-B80.5",
            "count": 46,
            "created_time": "2024-12-30T21:20:32.347864Z",
            "yes_price": 96,
            "no_price": 4,
            "taker_side": "no"
        },
        {
            "trade_id": "cbfef10d-afea-45d0-8daa-91cf33c0a446",
            "ticker": "KXHIGHMIA-24DEC30-B80.5",
            "count": 89,
            "created_time": "2024-12-30T21:17:55.719071Z",
            "yes_price": 96,
            "no_price": 4,
            "taker_side": "no"
        },
        {
            "trade_id": "6a871eeb-0b05-4752-ab05-eb3d8bf96da1",
            "ticker": "KXHIGHMIA-24DEC30-B80.5",
            "count": 200,
            "created_time": "2024-12-30T21:17:55.719071Z",
            "yes_price": 97,
            "no_price": 3,
            "taker_side": "no"
        },
        {
            "trade_id": "3f27f2d1-0fcb-4ce2-b44c-b35b6a3b0c4f",
            "ticker": "KXHIGHMIA-24DEC30-B80.5",
            "count": 80,
            "created_time": "2024-12-30T21:17:55.719071Z",
            "yes_price": 96,
            "no_price": 4,
            "taker_side": "no"
        },
        {
            "trade_id": "280f37cb-caa9-4b43-a2d1-b46139f728ca",
            "ticker": "KXHIGHMIA-24DEC30-B80.5",
            "count": 11,
            "created_time": "2024-12-30T21:14:40.091358Z",
            "yes_price": 96,
            "no_price": 4,
            "taker_side": "no"
        },
        {
            "trade_id": "d5204fad-1a09-48ee-8e47-4abb2f8c985b",
            "ticker": "KXHIGHMIA-24DEC30-B80.5",
            "count": 18,
            "created_time": "2024-12-30T21:13:46.378946Z",
            "yes_price": 98,
            "no_price": 2,
            "taker_side": "yes"
        },
        {
            "trade_id": "836fee5b-c85f-4347-9850-10cb8e0fd827",
            "ticker": "KXHIGHMIA-24DEC30-B80.5",
            "count": 100,
            "created_time": "2024-12-30T21:13:46.378946Z",
            "yes_price": 98,
            "no_price": 2,
            "taker_side": "yes"
        },
        {
            "trade_id": "4dcb49a0-76a5-46ab-a11a-c2eef179d379",
            "ticker": "KXHIGHMIA-24DEC30-B80.5",
            "count": 50,
            "created_time": "2024-12-30T21:13:46.378946Z",
            "yes_price": 98,
            "no_price": 2,
            "taker_side": "yes"
        },
        {
            "trade_id": "2e47a165-7024-4c7f-aeb0-a1700f644d06",
            "ticker": "KXHIGHMIA-24DEC30-B80.5",
            "count": 75,
            "created_time": "2024-12-30T21:13:46.378946Z",
            "yes_price": 98,
            "no_price": 2,
            "taker_side": "yes"
        },
        {
            "trade_id": "0026b630-823b-4fb3-ae4f-a96b913f28ad",
            "ticker": "KXHIGHMIA-24DEC30-B80.5",
            "count": 56,
            "created_time": "2024-12-30T21:13:46.378946Z",
            "yes_price": 98,
            "no_price": 2,
            "taker_side": "yes"
        },
        {
            "trade_id": "f0dbf041-636a-4430-8dd2-87c374fb6378",
            "ticker": "KXHIGHMIA-24DEC30-B80.5",
            "count": 5,
            "created_time": "2024-12-30T21:11:41.289544Z",
            "yes_price": 98,
            "no_price": 2,
            "taker_side": "yes"
        },
        {
            "trade_id": "3ec9ec71-4000-4751-b6a4-7b990d1f60ab",
            "ticker": "KXHIGHMIA-24DEC30-B80.5",
            "count": 71,
            "created_time": "2024-12-30T21:08:56.11959Z",
            "yes_price": 97,
            "no_price": 3,
            "taker_side": "no"
        },
        {
            "trade_id": "99c4d62d-951a-40bd-bcdf-61186c237624",
            "ticker": "KXHIGHMIA-24DEC30-B80.5",
            "count": 11,
            "created_time": "2024-12-30T21:08:32.632982Z",
            "yes_price": 97,
            "no_price": 3,
            "taker_side": "no"
        },
        {
            "trade_id": "1a7bed85-ae31-4819-80f5-851db9ba7a77",
            "ticker": "KXHIGHMIA-24DEC30-B80.5",
            "count": 1,
            "created_time": "2024-12-30T21:08:16.572458Z",
            "yes_price": 97,
            "no_price": 3,
            "taker_side": "no"
        },
        {
            "trade_id": "86103d58-0b50-4f59-a862-29b29c1febd0",
            "ticker": "KXHIGHMIA-24DEC30-B80.5",
            "count": 1,
            "created_time": "2024-12-30T21:08:14.236543Z",
            "yes_price": 97,
            "no_price": 3,
            "taker_side": "no"
        },
        {
            "trade_id": "caa97ef0-6ae3-43e2-afe9-0d3805d8cbc4",
            "ticker": "KXHIGHMIA-24DEC30-B80.5",
            "count": 1,
            "created_time": "2024-12-30T21:08:12.127279Z",
            "yes_price": 97,
            "no_price": 3,
            "taker_side": "no"
        },
        {
            "trade_id": "4588b491-315f-462a-8a1c-df1bfafa85d6",
            "ticker": "KXHIGHMIA-24DEC30-B80.5",
            "count": 15,
            "created_time": "2024-12-30T21:08:10.317138Z",
            "yes_price": 97,
            "no_price": 3,
            "taker_side": "yes"
        },
        {
            "trade_id": "ee7b6aa4-7b53-4783-8f42-1597db959ccc",
            "ticker": "KXHIGHMIA-24DEC30-B80.5",
            "count": 17,
            "created_time": "2024-12-30T21:07:56.686197Z",
            "yes_price": 96,
            "no_price": 4,
            "taker_side": "no"
        },
        {
            "trade_id": "58c795ef-3538-4b52-baca-2e2a85704598",
            "ticker": "KXHIGHMIA-24DEC30-B80.5",
            "count": 1,
            "created_time": "2024-12-30T21:03:36.802691Z",
            "yes_price": 96,
            "no_price": 4,
            "taker_side": "no"
        },
        {
            "trade_id": "39051f61-0e99-46bc-8401-73a76b459595",
            "ticker": "KXHIGHMIA-24DEC30-B80.5",
            "count": 1,
            "created_time": "2024-12-30T21:03:35.256657Z",
            "yes_price": 96,
            "no_price": 4,
            "taker_side": "no"
        },
        {
            "trade_id": "7da46900-b907-483a-9607-89c9cdbf6bb0",
            "ticker": "KXHIGHMIA-24DEC30-B80.5",
            "count": 1,
            "created_time": "2024-12-30T21:03:33.333833Z",
            "yes_price": 96,
            "no_price": 4,
            "taker_side": "no"
        },
        {
            "trade_id": "e3dba479-484f-410b-b65c-8d968ccf4987",
            "ticker": "KXHIGHMIA-24DEC30-B80.5",
            "count": 1,
            "created_time": "2024-12-30T21:03:31.822095Z",
            "yes_price": 96,
            "no_price": 4,
            "taker_side": "no"
        },
        {
            "trade_id": "2fed24a9-a9a0-41da-9cd3-0277731c2f17",
            "ticker": "KXHIGHMIA-24DEC30-B80.5",
            "count": 1,
            "created_time": "2024-12-30T21:03:30.347439Z",
            "yes_price": 96,
            "no_price": 4,
            "taker_side": "no"
        },
        {
            "trade_id": "080efdbb-9528-4dca-bdc5-87b9dcb256f5",
            "ticker": "KXHIGHMIA-24DEC30-B80.5",
            "count": 1,
            "created_time": "2024-12-30T21:03:28.702685Z",
            "yes_price": 96,
            "no_price": 4,
            "taker_side": "no"
        },
        {
            "trade_id": "839c1de7-3fdd-44b3-8cc1-17ca27618a89",
            "ticker": "KXHIGHMIA-24DEC30-B80.5",
            "count": 1,
            "created_time": "2024-12-30T21:03:26.040571Z",
            "yes_price": 96,
            "no_price": 4,
            "taker_side": "no"
        },
        {
            "trade_id": "59a209e3-2f84-4656-bef9-0998bd37f20c",
            "ticker": "KXHIGHMIA-24DEC30-B80.5",
            "count": 1,
            "created_time": "2024-12-30T21:03:23.650946Z",
            "yes_price": 96,
            "no_price": 4,
            "taker_side": "no"
        },
        {
            "trade_id": "87d5bd59-ec6c-41c3-9c8b-9ee50e2de49c",
            "ticker": "KXHIGHMIA-24DEC30-B80.5",
            "count": 1,
            "created_time": "2024-12-30T21:03:21.797734Z",
            "yes_price": 96,
            "no_price": 4,
            "taker_side": "no"
        },
        {
            "trade_id": "1d84d339-770e-4ce9-a446-1759dc960be4",
            "ticker": "KXHIGHMIA-24DEC30-B80.5",
            "count": 1,
            "created_time": "2024-12-30T21:03:19.917265Z",
            "yes_price": 96,
            "no_price": 4,
            "taker_side": "no"
        },
        {
            "trade_id": "7eabde81-1d70-4b4a-ba12-9e6a845047eb",
            "ticker": "KXHIGHMIA-24DEC30-B80.5",
            "count": 1,
            "created_time": "2024-12-30T21:03:16.909611Z",
            "yes_price": 96,
            "no_price": 4,
            "taker_side": "no"
        },
        {
            "trade_id": "e0f52277-c0f3-4997-9b6f-3029ebe2c4fa",
            "ticker": "KXHIGHMIA-24DEC30-B80.5",
            "count": 1,
            "created_time": "2024-12-30T21:03:14.576228Z",
            "yes_price": 96,
            "no_price": 4,
            "taker_side": "no"
        },
        {
            "trade_id": "e46c41dd-3535-4262-987d-6f79a076a98c",
            "ticker": "KXHIGHMIA-24DEC30-B80.5",
            "count": 1,
            "created_time": "2024-12-30T21:03:12.23035Z",
            "yes_price": 96,
            "no_price": 4,
            "taker_side": "no"
        },
        {
            "trade_id": "585f48e3-3501-4a7c-ac16-c34c98bce710",
            "ticker": "KXHIGHMIA-24DEC30-B80.5",
            "count": 2,
            "created_time": "2024-12-30T21:03:10.30757Z",
            "yes_price": 96,
            "no_price": 4,
            "taker_side": "no"
        },
        {
            "trade_id": "0b9cd3e6-450b-4584-97e9-6224f6ad2bc5",
            "ticker": "KXHIGHMIA-24DEC30-B80.5",
            "count": 2,
            "created_time": "2024-12-30T21:03:08.72617Z",
            "yes_price": 96,
            "no_price": 4,
            "taker_side": "no"
        },
        {
            "trade_id": "9e9e3342-ed29-4c14-8515-22e7b89418ab",
            "ticker": "KXHIGHMIA-24DEC30-B80.5",
            "count": 2,
            "created_time": "2024-12-30T21:03:06.869859Z",
            "yes_price": 96,
            "no_price": 4,
            "taker_side": "no"
        },
        {
            "trade_id": "278b4bcf-d601-4eee-8d14-72f18a84c778",
            "ticker": "KXHIGHMIA-24DEC30-B80.5",
            "count": 3,
            "created_time": "2024-12-30T21:03:02.360333Z",
            "yes_price": 96,
            "no_price": 4,
            "taker_side": "no"
        },
        {
            "trade_id": "d5a5a1f4-9a51-4de2-a403-ffc3f85d96b1",
            "ticker": "KXHIGHMIA-24DEC30-B80.5",
            "count": 23,
            "created_time": "2024-12-30T21:01:35.062481Z",
            "yes_price": 96,
            "no_price": 4,
            "taker_side": "no"
        },
        {
            "trade_id": "136bcd0c-583b-4c31-bc13-a8f50bf56048",
            "ticker": "KXHIGHMIA-24DEC30-B80.5",
            "count": 10,
            "created_time": "2024-12-30T20:57:24.824736Z",
            "yes_price": 95,
            "no_price": 5,
            "taker_side": "no"
        },
        {
            "trade_id": "ff808652-4319-489a-a019-60bb1922b94c",
            "ticker": "KXHIGHMIA-24DEC30-B80.5",
            "count": 1,
            "created_time": "2024-12-30T20:53:32.12038Z",
            "yes_price": 96,
            "no_price": 4,
            "taker_side": "yes"
        },
        {
            "trade_id": "edd1a7b7-fc39-4328-a03d-793b1c4a5953",
            "ticker": "KXHIGHMIA-24DEC30-B80.5",
            "count": 15,
            "created_time": "2024-12-30T20:53:14.377095Z",
            "yes_price": 97,
            "no_price": 3,
            "taker_side": "yes"
        },
        {
            "trade_id": "d55f7a45-1ef9-4299-80a5-1a94ddc8d274",
            "ticker": "KXHIGHMIA-24DEC30-B80.5",
            "count": 1,
            "created_time": "2024-12-30T20:53:14.377095Z",
            "yes_price": 96,
            "no_price": 4,
            "taker_side": "yes"
        },
        {
            "trade_id": "7dd161dd-04cf-4ce4-995c-432f8d9dd23f",
            "ticker": "KXHIGHMIA-24DEC30-B80.5",
            "count": 6,
            "created_time": "2024-12-30T20:48:06.799473Z",
            "yes_price": 95,
            "no_price": 5,
            "taker_side": "no"
        },
        {
            "trade_id": "050ca2b5-e2f4-436e-9c94-a133418f2fb8",
            "ticker": "KXHIGHMIA-24DEC30-B80.5",
            "count": 1,
            "created_time": "2024-12-30T20:46:07.676244Z",
            "yes_price": 96,
            "no_price": 4,
            "taker_side": "no"
        },
        {
            "trade_id": "e19c766e-115f-4b89-bdd9-620b6acff364",
            "ticker": "KXHIGHMIA-24DEC30-B80.5",
            "count": 100,
            "created_time": "2024-12-30T20:46:00.140151Z",
            "yes_price": 97,
            "no_price": 3,
            "taker_side": "yes"
        },
        {
            "trade_id": "d8856f52-c591-4532-83af-2f0d9c50b0f2",
            "ticker": "KXHIGHMIA-24DEC30-B80.5",
            "count": 39,
            "created_time": "2024-12-30T20:46:00.140151Z",
            "yes_price": 98,
            "no_price": 2,
            "taker_side": "yes"
        },
        {
            "trade_id": "b3853f7a-c043-499b-9656-f326eb809ba3",
            "ticker": "KXHIGHMIA-24DEC30-B80.5",
            "count": 1,
            "created_time": "2024-12-30T20:46:00.140151Z",
            "yes_price": 96,
            "no_price": 4,
            "taker_side": "yes"
        },
        {
            "trade_id": "a48c6906-74fa-4b9f-ac43-4e5b6b6bf095",
            "ticker": "KXHIGHMIA-24DEC30-B80.5",
            "count": 1,
            "created_time": "2024-12-30T20:46:00.140151Z",
            "yes_price": 98,
            "no_price": 2,
            "taker_side": "yes"
        },
        {
            "trade_id": "8a560e28-28a8-4af5-9ecf-8051800553ac",
            "ticker": "KXHIGHMIA-24DEC30-B80.5",
            "count": 13,
            "created_time": "2024-12-30T20:46:00.140151Z",
            "yes_price": 96,
            "no_price": 4,
            "taker_side": "yes"
        },
        {
            "trade_id": "5a76b7ad-d4e6-45f0-b4d0-fd88e41b1538",
            "ticker": "KXHIGHMIA-24DEC30-B80.5",
            "count": 31,
            "created_time": "2024-12-30T20:42:06.934771Z",
            "yes_price": 96,
            "no_price": 4,
            "taker_side": "yes"
        },
        {
            "trade_id": "0a52aaad-1309-44bd-aeaf-87996a83b64d",
            "ticker": "KXHIGHMIA-24DEC30-B80.5",
            "count": 100,
            "created_time": "2024-12-30T20:42:06.934771Z",
            "yes_price": 96,
            "no_price": 4,
            "taker_side": "yes"
        },
        {
            "trade_id": "3291908f-c30c-4d56-a176-164343915076",
            "ticker": "KXHIGHMIA-24DEC30-B80.5",
            "count": 73,
            "created_time": "2024-12-30T20:40:51.551509Z",
            "yes_price": 95,
            "no_price": 5,
            "taker_side": "yes"
        },
        {
            "trade_id": "e20d0e9b-88b1-4824-9f6e-2b67f404f812",
            "ticker": "KXHIGHMIA-24DEC30-B80.5",
            "count": 3,
            "created_time": "2024-12-30T20:34:58.768813Z",
            "yes_price": 95,
            "no_price": 5,
            "taker_side": "yes"
        },
        {
            "trade_id": "dc2b0c4a-e165-4edc-9fef-2095b7b61ff2",
            "ticker": "KXHIGHMIA-24DEC30-B80.5",
            "count": 23,
            "created_time": "2024-12-30T20:34:24.114147Z",
            "yes_price": 94,
            "no_price": 6,
            "taker_side": "no"
        },
        {
            "trade_id": "f94c1945-f434-4a4d-9c6c-4b1e0707887d",
            "ticker": "KXHIGHMIA-24DEC30-B80.5",
            "count": 1,
            "created_time": "2024-12-30T20:31:39.028426Z",
            "yes_price": 95,
            "no_price": 5,
            "taker_side": "yes"
        },
        {
            "trade_id": "e62a71cd-4106-40ad-9cee-2bd0d4d7194d",
            "ticker": "KXHIGHMIA-24DEC30-B80.5",
            "count": 10,
            "created_time": "2024-12-30T20:30:10.79091Z",
            "yes_price": 93,
            "no_price": 7,
            "taker_side": "no"
        },
        {
            "trade_id": "f9427023-ee28-4108-8305-e2fbacb5c263",
            "ticker": "KXHIGHMIA-24DEC30-B80.5",
            "count": 1,
            "created_time": "2024-12-30T20:29:39.352365Z",
            "yes_price": 94,
            "no_price": 6,
            "taker_side": "no"
        },
        {
            "trade_id": "37fa312e-2fd9-4dca-af7c-4884a4e34768",
            "ticker": "KXHIGHMIA-24DEC30-B80.5",
            "count": 104,
            "created_time": "2024-12-30T20:29:39.352365Z",
            "yes_price": 93,
            "no_price": 7,
            "taker_side": "no"
        },
        {
            "trade_id": "ca668eea-982c-4e0b-b031-ebe317828e1c",
            "ticker": "KXHIGHMIA-24DEC30-B80.5",
            "count": 1,
            "created_time": "2024-12-30T20:25:10.371686Z",
            "yes_price": 94,
            "no_price": 6,
            "taker_side": "yes"
        },
        {
            "trade_id": "42b27af1-4ad6-4970-a7fd-ac4bb1e70da3",
            "ticker": "KXHIGHMIA-24DEC30-B80.5",
            "count": 36,
            "created_time": "2024-12-30T20:24:48.343847Z",
            "yes_price": 93,
            "no_price": 7,
            "taker_side": "no"
        },
        {
            "trade_id": "d96309f2-c507-4761-9eab-c5c64806d1a8",
            "ticker": "KXHIGHMIA-24DEC30-B80.5",
            "count": 1,
            "created_time": "2024-12-30T20:18:29.183961Z",
            "yes_price": 94,
            "no_price": 6,
            "taker_side": "yes"
        },
        {
            "trade_id": "b3634c30-605f-45a1-84a7-fb463751e0a3",
            "ticker": "KXHIGHMIA-24DEC30-B80.5",
            "count": 99,
            "created_time": "2024-12-30T20:18:29.183961Z",
            "yes_price": 95,
            "no_price": 5,
            "taker_side": "yes"
        },
        {
            "trade_id": "da576c56-2cd6-46a1-8b5b-eccbd6e0324f",
            "ticker": "KXHIGHMIA-24DEC30-B80.5",
            "count": 14,
            "created_time": "2024-12-30T20:17:58.224774Z",
            "yes_price": 93,
            "no_price": 7,
            "taker_side": "no"
        },
        {
            "trade_id": "390623f8-6c8a-4dac-998f-86e76b8047fc",
            "ticker": "KXHIGHMIA-24DEC30-B80.5",
            "count": 80,
            "created_time": "2024-12-30T20:17:58.224774Z",
            "yes_price": 94,
            "no_price": 6,
            "taker_side": "no"
        },
        {
            "trade_id": "82f5d6dd-c678-48be-863b-87b1d4b7c54c",
            "ticker": "KXHIGHMIA-24DEC30-B80.5",
            "count": 1,
            "created_time": "2024-12-30T20:17:35.474807Z",
            "yes_price": 94,
            "no_price": 6,
            "taker_side": "no"
        },
        {
            "trade_id": "20258425-ca7e-43f3-820f-e6150aef04ec",
            "ticker": "KXHIGHMIA-24DEC30-B80.5",
            "count": 4,
            "created_time": "2024-12-30T20:17:20.945855Z",
            "yes_price": 94,
            "no_price": 6,
            "taker_side": "no"
        },
        {
            "trade_id": "23faec13-d4d0-446a-8510-2701f3c9c74d",
            "ticker": "KXHIGHMIA-24DEC30-B80.5",
            "count": 1,
            "created_time": "2024-12-30T20:17:20.23362Z",
            "yes_price": 94,
            "no_price": 6,
            "taker_side": "no"
        },
        {
            "trade_id": "fafbfdfc-cc56-4f06-b06a-cd3f34471290",
            "ticker": "KXHIGHMIA-24DEC30-B80.5",
            "count": 1,
            "created_time": "2024-12-30T20:17:17.046042Z",
            "yes_price": 94,
            "no_price": 6,
            "taker_side": "no"
        },
        {
            "trade_id": "840db729-0b4f-44c2-8994-9e9aa96e4fb9",
            "ticker": "KXHIGHMIA-24DEC30-B80.5",
            "count": 1,
            "created_time": "2024-12-30T20:17:13.566347Z",
            "yes_price": 94,
            "no_price": 6,
            "taker_side": "no"
        },
        {
            "trade_id": "f3caa2da-2347-4fff-94c7-25d0f8a26299",
            "ticker": "KXHIGHMIA-24DEC30-B80.5",
            "count": 1,
            "created_time": "2024-12-30T20:17:04.227701Z",
            "yes_price": 94,
            "no_price": 6,
            "taker_side": "no"
        },
        {
            "trade_id": "1c5dc49b-9d3e-4e9c-9b41-a9d769b649f4",
            "ticker": "KXHIGHMIA-24DEC30-B80.5",
            "count": 113,
            "created_time": "2024-12-30T20:16:41.784448Z",
            "yes_price": 94,
            "no_price": 6,
            "taker_side": "no"
        },
        {
            "trade_id": "ec5e2ad9-a21e-4bfd-afb3-7b0e8c584948",
            "ticker": "KXHIGHMIA-24DEC30-B80.5",
            "count": 198,
            "created_time": "2024-12-30T20:15:59.72641Z",
            "yes_price": 94,
            "no_price": 6,
            "taker_side": "no"
        },
        {
            "trade_id": "28899c54-be4e-4a05-8835-37a04f11d67e",
            "ticker": "KXHIGHMIA-24DEC30-B80.5",
            "count": 100,
            "created_time": "2024-12-30T20:14:27.492282Z",
            "yes_price": 94,
            "no_price": 6,
            "taker_side": "yes"
        },
        {
            "trade_id": "2bac95a1-82ad-4faa-8622-bf610aaeb752",
            "ticker": "KXHIGHMIA-24DEC30-B80.5",
            "count": 357,
            "created_time": "2024-12-30T20:14:04.492963Z",
            "yes_price": 94,
            "no_price": 6,
            "taker_side": "no"
        },
        {
            "trade_id": "38d81f54-e683-4bc8-9c84-ccc85ad0a001",
            "ticker": "KXHIGHMIA-24DEC30-B80.5",
            "count": 1,
            "created_time": "2024-12-30T20:14:02.257178Z",
            "yes_price": 94,
            "no_price": 6,
            "taker_side": "no"
        },
        {
            "trade_id": "640c4a34-c53f-49b7-89d3-9c21688ce6f0",
            "ticker": "KXHIGHMIA-24DEC30-B80.5",
            "count": 1,
            "created_time": "2024-12-30T20:13:59.686309Z",
            "yes_price": 94,
            "no_price": 6,
            "taker_side": "yes"
        },
        {
            "trade_id": "952d7db5-85bb-4d8e-877e-34f20b1d15ed",
            "ticker": "KXHIGHMIA-24DEC30-B80.5",
            "count": 1,
            "created_time": "2024-12-30T20:13:38.989575Z",
            "yes_price": 94,
            "no_price": 6,
            "taker_side": "no"
        },
        {
            "trade_id": "1facfe41-a31a-4754-b7ff-46316b4384c6",
            "ticker": "KXHIGHMIA-24DEC30-B80.5",
            "count": 1,
            "created_time": "2024-12-30T20:13:38.147934Z",
            "yes_price": 93,
            "no_price": 7,
            "taker_side": "yes"
        },
        {
            "trade_id": "055cbdf4-3e3b-4931-9e8e-9339f2d882ca",
            "ticker": "KXHIGHMIA-24DEC30-B80.5",
            "count": 136,
            "created_time": "2024-12-30T20:13:38.147934Z",
            "yes_price": 94,
            "no_price": 6,
            "taker_side": "yes"
        },
        {
            "trade_id": "bc081626-1c60-4cec-a0ca-6287c5a895ae",
            "ticker": "KXHIGHMIA-24DEC30-B80.5",
            "count": 2,
            "created_time": "2024-12-30T20:13:10.32054Z",
            "yes_price": 91,
            "no_price": 9,
            "taker_side": "yes"
        },
        {
            "trade_id": "8ec5da2b-7028-4870-b1f4-e89bd1a37cf2",
            "ticker": "KXHIGHMIA-24DEC30-B80.5",
            "count": 19,
            "created_time": "2024-12-30T20:13:10.32054Z",
            "yes_price": 92,
            "no_price": 8,
            "taker_side": "yes"
        },
        {
            "trade_id": "81aeb02d-24c9-4629-937a-b95f1313933e",
            "ticker": "KXHIGHMIA-24DEC30-B80.5",
            "count": 182,
            "created_time": "2024-12-30T20:13:10.32054Z",
            "yes_price": 92,
            "no_price": 8,
            "taker_side": "yes"
        },
        {
            "trade_id": "58b25ca8-a098-4363-add2-397fcc7fb4b5",
            "ticker": "KXHIGHMIA-24DEC30-B80.5",
            "count": 799,
            "created_time": "2024-12-30T20:13:10.32054Z",
            "yes_price": 93,
            "no_price": 7,
            "taker_side": "yes"
        },
        {
            "trade_id": "396af8f1-7fd9-499c-8dfe-bff92bde0989",
            "ticker": "KXHIGHMIA-24DEC30-B80.5",
            "count": 1,
            "created_time": "2024-12-30T20:13:10.32054Z",
            "yes_price": 91,
            "no_price": 9,
            "taker_side": "yes"
        },
        {
            "trade_id": "1053f4b4-e28c-4c71-818b-42fdf89fbc1d",
            "ticker": "KXHIGHMIA-24DEC30-B80.5",
            "count": 42,
            "created_time": "2024-12-30T20:13:05.083864Z",
            "yes_price": 88,
            "no_price": 12,
            "taker_side": "no"
        },
        {
            "trade_id": "b72a5518-aefd-410f-80e3-eab07cb4ca18",
            "ticker": "KXHIGHMIA-24DEC30-B80.5",
            "count": 49,
            "created_time": "2024-12-30T20:12:40.720858Z",
            "yes_price": 91,
            "no_price": 9,
            "taker_side": "yes"
        },
        {
            "trade_id": "523f5fc5-70f4-4989-9047-a763b05bc4b2",
            "ticker": "KXHIGHMIA-24DEC30-B80.5",
            "count": 200,
            "created_time": "2024-12-30T20:12:40.720858Z",
            "yes_price": 90,
            "no_price": 10,
            "taker_side": "yes"
        },
        {
            "trade_id": "25679181-373d-4063-8442-3167d6d4fc3a",
            "ticker": "KXHIGHMIA-24DEC30-B80.5",
            "count": 1,
            "created_time": "2024-12-30T20:12:40.720858Z",
            "yes_price": 89,
            "no_price": 11,
            "taker_side": "yes"
        },
        {
            "trade_id": "b1926be6-a64a-4ad3-a3b9-c958ebb880cf",
            "ticker": "KXHIGHMIA-24DEC30-B80.5",
            "count": 34,
            "created_time": "2024-12-30T20:11:32.700782Z",
            "yes_price": 88,
            "no_price": 12,
            "taker_side": "no"
        },
        {
            "trade_id": "74fa3cff-6cfa-4aae-b65c-249b38107ad3",
            "ticker": "KXHIGHMIA-24DEC30-B80.5",
            "count": 100,
            "created_time": "2024-12-30T20:11:32.700782Z",
            "yes_price": 89,
            "no_price": 11,
            "taker_side": "no"
        },
        {
            "trade_id": "40c27ea2-176b-4e40-96c9-eca63f4ef011",
            "ticker": "KXHIGHMIA-24DEC30-B80.5",
            "count": 100,
            "created_time": "2024-12-30T20:07:55.97789Z",
            "yes_price": 90,
            "no_price": 10,
            "taker_side": "no"
        },
        {
            "trade_id": "cc02cf0d-87ad-4364-bd9f-f5791b8e4fe1",
            "ticker": "KXHIGHMIA-24DEC30-B80.5",
            "count": 1,
            "created_time": "2024-12-30T20:06:06.449764Z",
            "yes_price": 93,
            "no_price": 7,
            "taker_side": "yes"
        },
        {
            "trade_id": "1279cb08-545e-48c8-b5f0-120c57d7c7b8",
            "ticker": "KXHIGHMIA-24DEC30-B80.5",
            "count": 69,
            "created_time": "2024-12-30T20:05:07.197111Z",
            "yes_price": 89,
            "no_price": 11,
            "taker_side": "no"
        },
        {
            "trade_id": "dad87134-d1bf-4e4a-add2-413eaa2c831f",
            "ticker": "KXHIGHMIA-24DEC30-B80.5",
            "count": 10,
            "created_time": "2024-12-30T20:03:25.827713Z",
            "yes_price": 88,
            "no_price": 12,
            "taker_side": "no"
        },
        {
            "trade_id": "928e9e52-726c-44c9-b5e1-b30a6f9fa838",
            "ticker": "KXHIGHMIA-24DEC30-B80.5",
            "count": 1,
            "created_time": "2024-12-30T20:02:45.393383Z",
            "yes_price": 95,
            "no_price": 5,
            "taker_side": "no"
        },
        {
            "trade_id": "fed67164-e371-4530-8299-f59280f3422d",
            "ticker": "KXHIGHMIA-24DEC30-B80.5",
            "count": 2,
            "created_time": "2024-12-30T20:02:35.245355Z",
            "yes_price": 95,
            "no_price": 5,
            "taker_side": "no"
        },
        {
            "trade_id": "0aa1ed0f-e8ec-498d-b164-f8ad5819b410",
            "ticker": "KXHIGHMIA-24DEC30-B80.5",
            "count": 40,
            "created_time": "2024-12-30T20:02:35.142041Z",
            "yes_price": 95,
            "no_price": 5,
            "taker_side": "yes"
        },
        {
            "trade_id": "a02df008-e8d6-4839-ab6a-bc1f6ae7f5c3",
            "ticker": "KXHIGHMIA-24DEC30-B80.5",
            "count": 161,
            "created_time": "2024-12-30T20:00:46.481393Z",
            "yes_price": 91,
            "no_price": 9,
            "taker_side": "no"
        },
        {
            "trade_id": "64282da7-808a-4a8f-82bb-b01dbbcc8eba",
            "ticker": "KXHIGHMIA-24DEC30-B80.5",
            "count": 100,
            "created_time": "2024-12-30T20:00:46.481393Z",
            "yes_price": 92,
            "no_price": 8,
            "taker_side": "no"
        },
        {
            "trade_id": "1858e1b7-5760-4c0f-8ae9-46aa355a9c0b",
            "ticker": "KXHIGHMIA-24DEC30-B80.5",
            "count": 100,
            "created_time": "2024-12-30T20:00:46.481393Z",
            "yes_price": 91,
            "no_price": 9,
            "taker_side": "no"
        },
        {
            "trade_id": "9f721020-cbff-4046-adec-6167673e6cad",
            "ticker": "KXHIGHMIA-24DEC30-B80.5",
            "count": 322,
            "created_time": "2024-12-30T19:59:52.160217Z",
            "yes_price": 91,
            "no_price": 9,
            "taker_side": "no"
        },
        {
            "trade_id": "3887313e-5d27-485e-a472-2a55c55b7dfc",
            "ticker": "KXHIGHMIA-24DEC30-B80.5",
            "count": 100,
            "created_time": "2024-12-30T19:59:52.160217Z",
            "yes_price": 92,
            "no_price": 8,
            "taker_side": "no"
        },
        {
            "trade_id": "6605867c-7fa9-4390-92fb-83407d1b80b4",
            "ticker": "KXHIGHMIA-24DEC30-B80.5",
            "count": 7,
            "created_time": "2024-12-30T19:59:48.817427Z",
            "yes_price": 92,
            "no_price": 8,
            "taker_side": "no"
        },
        {
            "trade_id": "2d3d37f2-29a8-47d1-a225-433a0fb9ee78",
            "ticker": "KXHIGHMIA-24DEC30-B80.5",
            "count": 2,
            "created_time": "2024-12-30T19:58:28.696063Z",
            "yes_price": 98,
            "no_price": 2,
            "taker_side": "yes"
        },
        {
            "trade_id": "5e9d1d40-bbfb-46a9-87ed-1aeccedc8034",
            "ticker": "KXHIGHMIA-24DEC30-B80.5",
            "count": 1,
            "created_time": "2024-12-30T19:57:52.688246Z",
            "yes_price": 92,
            "no_price": 8,
            "taker_side": "yes"
        },
        {
            "trade_id": "c1c4d719-93cd-4b07-9438-f6ca857ec84a",
            "ticker": "KXHIGHMIA-24DEC30-B80.5",
            "count": 17,
            "created_time": "2024-12-30T19:57:52.615647Z",
            "yes_price": 91,
            "no_price": 9,
            "taker_side": "no"
        },
        {
            "trade_id": "9c49eaa9-0c23-4e94-a684-f32dd4aa8920",
            "ticker": "KXHIGHMIA-24DEC30-B80.5",
            "count": 728,
            "created_time": "2024-12-30T19:56:42.791169Z",
            "yes_price": 92,
            "no_price": 8,
            "taker_side": "no"
        },
        {
            "trade_id": "131fdbb7-ecc0-44ae-9eb9-65e287701122",
            "ticker": "KXHIGHMIA-24DEC30-B80.5",
            "count": 500,
            "created_time": "2024-12-30T19:56:29.490561Z",
            "yes_price": 92,
            "no_price": 8,
            "taker_side": "no"
        },
        {
            "trade_id": "d7fd0065-ad97-4d5c-8f90-b800b48703f0",
            "ticker": "KXHIGHMIA-24DEC30-B80.5",
            "count": 12,
            "created_time": "2024-12-30T19:55:56.361843Z",
            "yes_price": 99,
            "no_price": 1,
            "taker_side": "yes"
        },
        {
            "trade_id": "b23fcef4-9ae6-4e19-b711-589060a00d2f",
            "ticker": "KXHIGHMIA-24DEC30-B80.5",
            "count": 34,
            "created_time": "2024-12-30T19:55:56.361843Z",
            "yes_price": 93,
            "no_price": 7,
            "taker_side": "yes"
        },
        {
            "trade_id": "8b9c5a63-27b2-454b-8d3a-0f9d4b70b81f",
            "ticker": "KXHIGHMIA-24DEC30-B80.5",
            "count": 50,
            "created_time": "2024-12-30T19:55:56.361843Z",
            "yes_price": 96,
            "no_price": 4,
            "taker_side": "yes"
        },
        {
            "trade_id": "8b7d82d2-22ce-469d-a9c9-f183788236fd",
            "ticker": "KXHIGHMIA-24DEC30-B80.5",
            "count": 50,
            "created_time": "2024-12-30T19:55:56.361843Z",
            "yes_price": 98,
            "no_price": 2,
            "taker_side": "yes"
        },
        {
            "trade_id": "4f0e2501-842e-401b-a22a-8232d33063f7",
            "ticker": "KXHIGHMIA-24DEC30-B80.5",
            "count": 373,
            "created_time": "2024-12-30T19:55:56.361843Z",
            "yes_price": 94,
            "no_price": 6,
            "taker_side": "yes"
        },
        {
            "trade_id": "3d18d0b5-425e-4bc9-8d02-bd030a6d225c",
            "ticker": "KXHIGHMIA-24DEC30-B80.5",
            "count": 100,
            "created_time": "2024-12-30T19:55:56.361843Z",
            "yes_price": 98,
            "no_price": 2,
            "taker_side": "yes"
        },
        {
            "trade_id": "2de7b7cc-ed1c-4537-bd55-f1736c5c381b",
            "ticker": "KXHIGHMIA-24DEC30-B80.5",
            "count": 340,
            "created_time": "2024-12-30T19:55:56.361843Z",
            "yes_price": 95,
            "no_price": 5,
            "taker_side": "yes"
        },
        {
            "trade_id": "2d1de4bc-f3cd-41bb-8e18-b75bb644d3c9",
            "ticker": "KXHIGHMIA-24DEC30-B80.5",
            "count": 42,
            "created_time": "2024-12-30T19:55:56.361843Z",
            "yes_price": 94,
            "no_price": 6,
            "taker_side": "yes"
        },
        {
            "trade_id": "d34f2de8-01ce-4819-9af3-16484b6882a3",
            "ticker": "KXHIGHMIA-24DEC30-B80.5",
            "count": 232,
            "created_time": "2024-12-30T19:53:34.005925Z",
            "yes_price": 93,
            "no_price": 7,
            "taker_side": "yes"
        },
        {
            "trade_id": "963f2b3a-4552-4f8a-95b6-807b92c0ea68",
            "ticker": "KXHIGHMIA-24DEC30-B80.5",
            "count": 627,
            "created_time": "2024-12-30T19:53:34.005925Z",
            "yes_price": 94,
            "no_price": 6,
            "taker_side": "yes"
        },
        {
            "trade_id": "facadc11-ce8c-4b3d-b98b-f51c7a9c0d00",
            "ticker": "KXHIGHMIA-24DEC30-B80.5",
            "count": 1,
            "created_time": "2024-12-30T19:52:37.815721Z",
            "yes_price": 88,
            "no_price": 12,
            "taker_side": "yes"
        },
        {
            "trade_id": "b4957a61-cdb6-4840-b220-5d2b9d2886f7",
            "ticker": "KXHIGHMIA-24DEC30-B80.5",
            "count": 639,
            "created_time": "2024-12-30T19:52:37.815721Z",
            "yes_price": 95,
            "no_price": 5,
            "taker_side": "yes"
        },
        {
            "trade_id": "7ed4ff8b-2ae3-4ac1-961a-b02d3a8ef45d",
            "ticker": "KXHIGHMIA-24DEC30-B80.5",
            "count": 48,
            "created_time": "2024-12-30T19:52:37.815721Z",
            "yes_price": 90,
            "no_price": 10,
            "taker_side": "yes"
        },
        {
            "trade_id": "4503f255-77fb-47cc-b394-197465c0823e",
            "ticker": "KXHIGHMIA-24DEC30-B80.5",
            "count": 13,
            "created_time": "2024-12-30T19:52:37.815721Z",
            "yes_price": 89,
            "no_price": 11,
            "taker_side": "yes"
        },
        {
            "trade_id": "40789c54-bff0-41c9-98b5-b7a6198bfaf5",
            "ticker": "KXHIGHMIA-24DEC30-B80.5",
            "count": 354,
            "created_time": "2024-12-30T19:52:37.815721Z",
            "yes_price": 94,
            "no_price": 6,
            "taker_side": "yes"
        },
        {
            "trade_id": "d4889a43-c68a-4417-9394-60961bae7aef",
            "ticker": "KXHIGHMIA-24DEC30-B80.5",
            "count": 12,
            "created_time": "2024-12-30T19:52:22.963143Z",
            "yes_price": 89,
            "no_price": 11,
            "taker_side": "yes"
        },
        {
            "trade_id": "795d3081-a8bf-47f8-a40f-66448c25f3e1",
            "ticker": "KXHIGHMIA-24DEC30-B80.5",
            "count": 18,
            "created_time": "2024-12-30T19:52:17.455783Z",
            "yes_price": 89,
            "no_price": 11,
            "taker_side": "yes"
        },
        {
            "trade_id": "637268b5-324e-4c2a-8a13-7fdec650fb55",
            "ticker": "KXHIGHMIA-24DEC30-B80.5",
            "count": 1,
            "created_time": "2024-12-30T19:52:17.455783Z",
            "yes_price": 88,
            "no_price": 12,
            "taker_side": "yes"
        },
        {
            "trade_id": "8298875c-d9b2-40f6-a482-a06a528bd881",
            "ticker": "KXHIGHMIA-24DEC30-B80.5",
            "count": 6,
            "created_time": "2024-12-30T19:50:33.535492Z",
            "yes_price": 88,
            "no_price": 12,
            "taker_side": "yes"
        },
        {
            "trade_id": "70dfd8ee-e40b-4588-ae1b-a9d5e93a0dfa",
            "ticker": "KXHIGHMIA-24DEC30-B80.5",
            "count": 95,
            "created_time": "2024-12-30T19:48:44.317272Z",
            "yes_price": 87,
            "no_price": 13,
            "taker_side": "yes"
        },
        {
            "trade_id": "db5ad6b5-1d29-4d35-9c36-63d22503ff1e",
            "ticker": "KXHIGHMIA-24DEC30-B80.5",
            "count": 47,
            "created_time": "2024-12-30T19:48:39.198201Z",
            "yes_price": 87,
            "no_price": 13,
            "taker_side": "yes"
        },
        {
            "trade_id": "1303d9a6-87cc-41b6-9c48-b014eaa9440d",
            "ticker": "KXHIGHMIA-24DEC30-B80.5",
            "count": 1,
            "created_time": "2024-12-30T19:48:34.113525Z",
            "yes_price": 86,
            "no_price": 14,
            "taker_side": "no"
        },
        {
            "trade_id": "54b392c8-10d3-47d3-bb68-3748893be183",
            "ticker": "KXHIGHMIA-24DEC30-B80.5",
            "count": 1,
            "created_time": "2024-12-30T19:48:32.505418Z",
            "yes_price": 86,
            "no_price": 14,
            "taker_side": "no"
        },
        {
            "trade_id": "d0d4b895-1c3b-43ab-b479-538eb5ebb40a",
            "ticker": "KXHIGHMIA-24DEC30-B80.5",
            "count": 3,
            "created_time": "2024-12-30T19:48:32.274347Z",
            "yes_price": 86,
            "no_price": 14,
            "taker_side": "yes"
        },
        {
            "trade_id": "a85119ab-deca-4c76-a54b-87b23e59b8de",
            "ticker": "KXHIGHMIA-24DEC30-B80.5",
            "count": 1000,
            "created_time": "2024-12-30T19:47:24.892546Z",
            "yes_price": 84,
            "no_price": 16,
            "taker_side": "no"
        },
        {
            "trade_id": "8613d545-4dc6-4d00-b26f-16189463d716",
            "ticker": "KXHIGHMIA-24DEC30-B80.5",
            "count": 479,
            "created_time": "2024-12-30T19:47:24.892546Z",
            "yes_price": 85,
            "no_price": 15,
            "taker_side": "no"
        },
        {
            "trade_id": "c0362944-423a-41db-baf9-2225c725e06d",
            "ticker": "KXHIGHMIA-24DEC30-B80.5",
            "count": 21,
            "created_time": "2024-12-30T19:46:09.592095Z",
            "yes_price": 84,
            "no_price": 16,
            "taker_side": "yes"
        },
        {
            "trade_id": "e2702c5d-e2c5-4ba0-9fd6-68418b9db677",
            "ticker": "KXHIGHMIA-24DEC30-B80.5",
            "count": 100,
            "created_time": "2024-12-30T19:46:06.637717Z",
            "yes_price": 85,
            "no_price": 15,
            "taker_side": "no"
        },
        {
            "trade_id": "ae2186fd-8890-4167-9591-63d5a0a5192a",
            "ticker": "KXHIGHMIA-24DEC30-B80.5",
            "count": 500,
            "created_time": "2024-12-30T19:46:06.637717Z",
            "yes_price": 84,
            "no_price": 16,
            "taker_side": "no"
        },
        {
            "trade_id": "da01e1ac-4be8-4edf-af9d-812d54e0e736",
            "ticker": "KXHIGHMIA-24DEC30-B80.5",
            "count": 100,
            "created_time": "2024-12-30T19:44:35.91815Z",
            "yes_price": 86,
            "no_price": 14,
            "taker_side": "no"
        },
        {
            "trade_id": "be8e7553-549e-4b3c-ac09-79a625933034",
            "ticker": "KXHIGHMIA-24DEC30-B80.5",
            "count": 450,
            "created_time": "2024-12-30T19:44:35.91815Z",
            "yes_price": 86,
            "no_price": 14,
            "taker_side": "no"
        },
        {
            "trade_id": "a40a54e0-03cc-48f1-903b-29927e41972f",
            "ticker": "KXHIGHMIA-24DEC30-B80.5",
            "count": 500,
            "created_time": "2024-12-30T19:44:35.91815Z",
            "yes_price": 85,
            "no_price": 15,
            "taker_side": "no"
        },
        {
            "trade_id": "78109fc0-5c56-4afb-9f72-26fbb5d664b1",
            "ticker": "KXHIGHMIA-24DEC30-B80.5",
            "count": 30,
            "created_time": "2024-12-30T19:44:35.91815Z",
            "yes_price": 86,
            "no_price": 14,
            "taker_side": "no"
        },
        {
            "trade_id": "4fcf7e74-7bb1-4471-9b07-fc83cc725ce7",
            "ticker": "KXHIGHMIA-24DEC30-B80.5",
            "count": 913,
            "created_time": "2024-12-30T19:44:35.91815Z",
            "yes_price": 87,
            "no_price": 13,
            "taker_side": "no"
        },
        {
            "trade_id": "f311adf6-f274-43df-b355-4aeb759bc2e2",
            "ticker": "KXHIGHMIA-24DEC30-B80.5",
            "count": 50,
            "created_time": "2024-12-30T19:44:17.016781Z",
            "yes_price": 87,
            "no_price": 13,
            "taker_side": "yes"
        },
        {
            "trade_id": "3c41b9bd-8dbd-4c67-974f-c3ac1eb46da1",
            "ticker": "KXHIGHMIA-24DEC30-B80.5",
            "count": 1,
            "created_time": "2024-12-30T19:44:17.016781Z",
            "yes_price": 87,
            "no_price": 13,
            "taker_side": "yes"
        },
        {
            "trade_id": "32d591ff-5530-452a-860b-0876893edc75",
            "ticker": "KXHIGHMIA-24DEC30-B80.5",
            "count": 50,
            "created_time": "2024-12-30T19:35:43.583957Z",
            "yes_price": 86,
            "no_price": 14,
            "taker_side": "no"
        },
        {
            "trade_id": "6b0dae09-41b1-49c0-8f15-0b0ae84e5596",
            "ticker": "KXHIGHMIA-24DEC30-B80.5",
            "count": 372,
            "created_time": "2024-12-30T19:32:21.944484Z",
            "yes_price": 86,
            "no_price": 14,
            "taker_side": "no"
        },
        {
            "trade_id": "fb7806aa-e682-4194-aade-200e05281e82",
            "ticker": "KXHIGHMIA-24DEC30-B80.5",
            "count": 50,
            "created_time": "2024-12-30T19:31:24.45653Z",
            "yes_price": 85,
            "no_price": 15,
            "taker_side": "yes"
        },
        {
            "trade_id": "2066b8e3-66fb-457f-ac1b-f751504b407a",
            "ticker": "KXHIGHMIA-24DEC30-B80.5",
            "count": 112,
            "created_time": "2024-12-30T19:31:24.45653Z",
            "yes_price": 85,
            "no_price": 15,
            "taker_side": "yes"
        },
        {
            "trade_id": "f11eead7-f193-42b4-8956-f2d01b1775a3",
            "ticker": "KXHIGHMIA-24DEC30-B80.5",
            "count": 28,
            "created_time": "2024-12-30T19:31:18.916013Z",
            "yes_price": 84,
            "no_price": 16,
            "taker_side": "yes"
        },
        {
            "trade_id": "3db89bf5-ccb0-4036-a8d7-c76210a0939a",
            "ticker": "KXHIGHMIA-24DEC30-B80.5",
            "count": 50,
            "created_time": "2024-12-30T19:31:18.916013Z",
            "yes_price": 83,
            "no_price": 17,
            "taker_side": "yes"
        },
        {
            "trade_id": "f049a12c-fdef-430f-afa0-9e5472976ffc",
            "ticker": "KXHIGHMIA-24DEC30-B80.5",
            "count": 1,
            "created_time": "2024-12-30T19:28:49.681624Z",
            "yes_price": 82,
            "no_price": 18,
            "taker_side": "yes"
        },
        {
            "trade_id": "eae72a2e-6758-4b5b-b1e5-c42364706bb1",
            "ticker": "KXHIGHMIA-24DEC30-B80.5",
            "count": 39,
            "created_time": "2024-12-30T19:28:44.854139Z",
            "yes_price": 83,
            "no_price": 17,
            "taker_side": "yes"
        },
        {
            "trade_id": "97f27fde-88f9-45a7-aa71-39de174fc9f9",
            "ticker": "KXHIGHMIA-24DEC30-B80.5",
            "count": 11,
            "created_time": "2024-12-30T19:28:31.265869Z",
            "yes_price": 83,
            "no_price": 17,
            "taker_side": "yes"
        },
        {
            "trade_id": "13b17ea8-b387-45fd-aa05-82adec116ce9",
            "ticker": "KXHIGHMIA-24DEC30-B80.5",
            "count": 1,
            "created_time": "2024-12-30T19:27:33.152286Z",
            "yes_price": 82,
            "no_price": 18,
            "taker_side": "yes"
        },
        {
            "trade_id": "0e9a964b-610c-44ad-9f85-406f1f703a8e",
            "ticker": "KXHIGHMIA-24DEC30-B80.5",
            "count": 1,
            "created_time": "2024-12-30T19:27:28.28431Z",
            "yes_price": 81,
            "no_price": 19,
            "taker_side": "yes"
        },
        {
            "trade_id": "27a4a190-1ffa-4b94-9898-2188e922ac8f",
            "ticker": "KXHIGHMIA-24DEC30-B80.5",
            "count": 50,
            "created_time": "2024-12-30T19:26:16.037269Z",
            "yes_price": 80,
            "no_price": 20,
            "taker_side": "yes"
        },
        {
            "trade_id": "c2641c73-29ea-4908-94e1-58c533245485",
            "ticker": "KXHIGHMIA-24DEC30-B80.5",
            "count": 410,
            "created_time": "2024-12-30T19:25:27.180394Z",
            "yes_price": 80,
            "no_price": 20,
            "taker_side": "no"
        },
        {
            "trade_id": "55db0c45-f4af-4f10-a7e9-f4b65d1ece4d",
            "ticker": "KXHIGHMIA-24DEC30-B80.5",
            "count": 20,
            "created_time": "2024-12-30T19:25:27.180394Z",
            "yes_price": 80,
            "no_price": 20,
            "taker_side": "no"
        },
        {
            "trade_id": "b53e5114-71d2-4058-be0b-e581861326ee",
            "ticker": "KXHIGHMIA-24DEC30-B80.5",
            "count": 90,
            "created_time": "2024-12-30T19:25:05.487143Z",
            "yes_price": 80,
            "no_price": 20,
            "taker_side": "no"
        },
        {
            "trade_id": "ed110336-dd10-4b6e-9bbe-c513cd6cb9c6",
            "ticker": "KXHIGHMIA-24DEC30-B80.5",
            "count": 3,
            "created_time": "2024-12-30T19:22:16.302392Z",
            "yes_price": 82,
            "no_price": 18,
            "taker_side": "yes"
        },
        {
            "trade_id": "ead4bcfa-3e37-48e0-884f-db2227e20af3",
            "ticker": "KXHIGHMIA-24DEC30-B80.5",
            "count": 50,
            "created_time": "2024-12-30T19:22:16.302392Z",
            "yes_price": 79,
            "no_price": 21,
