{
    "HIGHMIA-24AUG13-T87": [
        {
            "trade_id": "360d9a38-7f47-4dae-91b6-640f23d6dc99",
            "ticker": "HIGHMIA-24AUG13-T87",
            "count": 29,
            "created_time": "2024-08-12T21:47:19.971642Z",
            "yes_price": 1,
            "no_price": 99,
            "taker_side": "no"
        },
        {
            "trade_id": "b49a5524-40ba-4ddd-a880-7c13e702ae6b",
            "ticker": "HIGHMIA-24AUG13-T87",
            "count": 18,
            "created_time": "2024-08-12T21:42:37.192936Z",
            "yes_price": 1,
            "no_price": 99,
            "taker_side": "no"
        },
        {
            "trade_id": "23bda91b-fcfc-4e1b-bcca-3aea0e024882",
            "ticker": "HIGHMIA-24AUG13-T87",
            "count": 3,
            "created_time": "2024-08-12T20:00:34.119915Z",
            "yes_price": 1,
            "no_price": 99,
            "taker_side": "no"
        }
    ],
    "HIGHMIA-24AUG13-B87.5": [
        {
            "trade_id": "d85e958e-b50a-4c54-9c47-49ebb1b190a4",
            "ticker": "HIGHMIA-24AUG13-B87.5",
            "count": 29,
            "created_time": "2024-08-12T21:47:19.922629Z",
            "yes_price": 1,
            "no_price": 99,
            "taker_side": "no"
        },
        {
            "trade_id": "0f4d5e15-382a-4d44-91d0-19f7a4cc8689",
            "ticker": "HIGHMIA-24AUG13-B87.5",
            "count": 18,
            "created_time": "2024-08-12T21:42:37.16135Z",
            "yes_price": 1,
            "no_price": 99,
            "taker_side": "no"
        },
        {
            "trade_id": "386610f2-351f-4470-8c16-9df4cdb5692e",
            "ticker": "HIGHMIA-24AUG13-B87.5",
            "count": 3,
            "created_time": "2024-08-12T20:00:34.138595Z",
            "yes_price": 1,
            "no_price": 99,
            "taker_side": "no"
        }
    ],
    "HIGHMIA-24AUG13-B89.5": [
        {
            "trade_id": "5f7d8bb5-8cde-4592-bfba-38c569e1ea89",
            "ticker": "HIGHMIA-24AUG13-B89.5",
            "count": 12,
            "created_time": "2024-08-13T14:00:51.721693Z",
            "yes_price": 1,
            "no_price": 99,
            "taker_side": "no"
        },
        {
            "trade_id": "dba821fd-ffa7-40b5-bf43-56de458c69a3",
            "ticker": "HIGHMIA-24AUG13-B89.5",
            "count": 18,
            "created_time": "2024-08-13T13:52:10.336374Z",
            "yes_price": 1,
            "no_price": 99,
            "taker_side": "no"
        },
        {
            "trade_id": "e92c1f65-ae1b-4049-bd4b-905c67020638",
            "ticker": "HIGHMIA-24AUG13-B89.5",
            "count": 45,
            "created_time": "2024-08-13T12:40:43.7347Z",
            "yes_price": 16,
            "no_price": 84,
            "taker_side": "yes"
        },
        {
            "trade_id": "20b83294-ff75-4be7-8a15-18ba19016fb0",
            "ticker": "HIGHMIA-24AUG13-B89.5",
            "count": 30,
            "created_time": "2024-08-13T12:40:43.7347Z",
            "yes_price": 7,
            "no_price": 93,
            "taker_side": "yes"
        },
        {
            "trade_id": "53693916-8f4b-4043-b0ad-8ee9bd663556",
            "ticker": "HIGHMIA-24AUG13-B89.5",
            "count": 36,
            "created_time": "2024-08-13T12:38:48.392981Z",
            "yes_price": 6,
            "no_price": 94,
            "taker_side": "yes"
        },
        {
            "trade_id": "7ae1ed71-bca4-4849-a486-54e4d9c0781f",
            "ticker": "HIGHMIA-24AUG13-B89.5",
            "count": 29,
            "created_time": "2024-08-12T21:47:19.944745Z",
            "yes_price": 1,
            "no_price": 99,
            "taker_side": "no"
        },
        {
            "trade_id": "c049872d-0479-4203-a299-2e52f8b613af",
            "ticker": "HIGHMIA-24AUG13-B89.5",
            "count": 18,
            "created_time": "2024-08-12T21:42:37.211341Z",
            "yes_price": 1,
            "no_price": 99,
            "taker_side": "no"
        },
        {
            "trade_id": "f08d0d3e-a65b-43b0-b233-72992d9f9e55",
            "ticker": "HIGHMIA-24AUG13-B89.5",
            "count": 3,
            "created_time": "2024-08-12T20:00:34.163384Z",
            "yes_price": 1,
            "no_price": 99,
            "taker_side": "no"
        }
    ],
    "HIGHMIA-24AUG13-B91.5": [
        {
            "trade_id": "5ee3bf9c-c8fb-4bbb-81bb-14ee4ea10d6b",
            "ticker": "HIGHMIA-24AUG13-B91.5",
            "count": 453,
            "created_time": "2024-08-14T00:30:30.808547Z",
            "yes_price": 1,
            "no_price": 99,
            "taker_side": "yes"
        },
        {
            "trade_id": "fb41af7d-31f2-4cde-b01c-eb33d432c2df",
            "ticker": "HIGHMIA-24AUG13-B91.5",
            "count": 964,
            "created_time": "2024-08-13T17:34:01.851495Z",
            "yes_price": 1,
            "no_price": 99,
            "taker_side": "yes"
        },
        {
            "trade_id": "f20a0e7a-d833-4c37-b9bf-6d1f1b82c170",
            "ticker": "HIGHMIA-24AUG13-B91.5",
            "count": 36,
            "created_time": "2024-08-13T17:34:01.851495Z",
            "yes_price": 1,
            "no_price": 99,
            "taker_side": "yes"
        },
        {
            "trade_id": "f1dca48e-0b18-4b65-bde3-f9aba588b915",
            "ticker": "HIGHMIA-24AUG13-B91.5",
            "count": 7,
            "created_time": "2024-08-13T17:06:28.989817Z",
            "yes_price": 1,
            "no_price": 99,
            "taker_side": "no"
        },
        {
            "trade_id": "7834d44f-18b4-42b8-95c1-3f4db384512c",
            "ticker": "HIGHMIA-24AUG13-B91.5",
            "count": 43,
            "created_time": "2024-08-13T17:06:28.894166Z",
            "yes_price": 1,
            "no_price": 99,
            "taker_side": "no"
        },
        {
            "trade_id": "bb63d8bc-cc0a-4907-8b29-71c124065078",
            "ticker": "HIGHMIA-24AUG13-B91.5",
            "count": 44,
            "created_time": "2024-08-13T17:06:28.812064Z",
            "yes_price": 5,
            "no_price": 95,
            "taker_side": "no"
        },
        {
            "trade_id": "75b74150-c888-4f54-93a5-646a4414e22f",
            "ticker": "HIGHMIA-24AUG13-B91.5",
            "count": 44,
            "created_time": "2024-08-13T17:06:28.745662Z",
            "yes_price": 5,
            "no_price": 95,
            "taker_side": "no"
        },
        {
            "trade_id": "b3ccf615-e12f-42a0-8bfc-11820687f01b",
            "ticker": "HIGHMIA-24AUG13-B91.5",
            "count": 44,
            "created_time": "2024-08-13T17:06:28.680732Z",
            "yes_price": 5,
            "no_price": 95,
            "taker_side": "no"
        },
        {
            "trade_id": "ed0896e1-7bd9-4550-b014-c596e53b60cf",
            "ticker": "HIGHMIA-24AUG13-B91.5",
            "count": 8,
            "created_time": "2024-08-13T17:06:28.61138Z",
            "yes_price": 5,
            "no_price": 95,
            "taker_side": "no"
        },
        {
            "trade_id": "d4774c99-6c7c-4edf-81aa-3ed33256e1fc",
            "ticker": "HIGHMIA-24AUG13-B91.5",
            "count": 38,
            "created_time": "2024-08-13T17:06:28.61138Z",
            "yes_price": 10,
            "no_price": 90,
            "taker_side": "no"
        },
        {
            "trade_id": "8ed02d56-2415-4bd8-8477-0998e0efcc47",
            "ticker": "HIGHMIA-24AUG13-B91.5",
            "count": 47,
            "created_time": "2024-08-13T17:06:28.555174Z",
            "yes_price": 10,
            "no_price": 90,
            "taker_side": "no"
        },
        {
            "trade_id": "1a906580-f839-4e50-a8b7-75ac28a1afb1",
            "ticker": "HIGHMIA-24AUG13-B91.5",
            "count": 47,
            "created_time": "2024-08-13T17:06:28.490798Z",
            "yes_price": 10,
            "no_price": 90,
            "taker_side": "no"
        },
        {
            "trade_id": "8c6480b6-7a4c-4e0c-b3e8-936d42f2dbc1",
            "ticker": "HIGHMIA-24AUG13-B91.5",
            "count": 18,
            "created_time": "2024-08-13T17:06:28.42062Z",
            "yes_price": 10,
            "no_price": 90,
            "taker_side": "no"
        },
        {
            "trade_id": "036f8342-68fe-4b97-8bf8-3d0c15be15c0",
            "ticker": "HIGHMIA-24AUG13-B91.5",
            "count": 29,
            "created_time": "2024-08-13T17:06:28.42062Z",
            "yes_price": 11,
            "no_price": 89,
            "taker_side": "no"
        },
        {
            "trade_id": "dd084513-8f1e-4fd9-b16a-b59924f67d06",
            "ticker": "HIGHMIA-24AUG13-B91.5",
            "count": 47,
            "created_time": "2024-08-13T17:06:28.331562Z",
            "yes_price": 11,
            "no_price": 89,
            "taker_side": "no"
        },
        {
            "trade_id": "e94dea45-8c28-4107-bfb1-d4302fd1f87a",
            "ticker": "HIGHMIA-24AUG13-B91.5",
            "count": 42,
            "created_time": "2024-08-13T16:37:59.476154Z",
            "yes_price": 40,
            "no_price": 60,
            "taker_side": "yes"
        },
        {
            "trade_id": "aa27278d-92d2-4266-a84f-7e2ef979a705",
            "ticker": "HIGHMIA-24AUG13-B91.5",
            "count": 8,
            "created_time": "2024-08-13T16:37:59.476154Z",
            "yes_price": 41,
            "no_price": 59,
            "taker_side": "yes"
        },
        {
            "trade_id": "946dca83-c919-45d6-bbb3-a67b3f934b52",
            "ticker": "HIGHMIA-24AUG13-B91.5",
            "count": 2,
            "created_time": "2024-08-13T16:34:13.587055Z",
            "yes_price": 32,
            "no_price": 68,
            "taker_side": "yes"
        },
        {
            "trade_id": "28a03d90-9246-47ac-b520-9965483ef547",
            "ticker": "HIGHMIA-24AUG13-B91.5",
            "count": 2,
            "created_time": "2024-08-13T16:34:13.587055Z",
            "yes_price": 33,
            "no_price": 67,
            "taker_side": "yes"
        },
        {
            "trade_id": "e17206e9-b5fb-40d9-a381-74968831bccd",
            "ticker": "HIGHMIA-24AUG13-B91.5",
            "count": 31,
            "created_time": "2024-08-13T16:33:38.488388Z",
            "yes_price": 32,
            "no_price": 68,
            "taker_side": "yes"
        },
        {
            "trade_id": "8ea7ac30-f5b7-4a65-8d5b-ad2f160c87bf",
            "ticker": "HIGHMIA-24AUG13-B91.5",
            "count": 29,
            "created_time": "2024-08-13T16:33:38.488388Z",
            "yes_price": 33,
            "no_price": 67,
            "taker_side": "yes"
        },
        {
            "trade_id": "6ee3ab51-aaf1-40e3-a2be-9e8fae45fdfc",
            "ticker": "HIGHMIA-24AUG13-B91.5",
            "count": 10,
            "created_time": "2024-08-13T15:53:21.846363Z",
            "yes_price": 5,
            "no_price": 95,
            "taker_side": "no"
        },
        {
            "trade_id": "c4e63c48-9dbc-43a5-8b64-f65cb27f2eb4",
            "ticker": "HIGHMIA-24AUG13-B91.5",
            "count": 1,
            "created_time": "2024-08-13T15:42:37.35638Z",
            "yes_price": 32,
            "no_price": 68,
            "taker_side": "yes"
        },
        {
            "trade_id": "092104f6-2cb4-44b6-a07b-0a4afa50fe34",
            "ticker": "HIGHMIA-24AUG13-B91.5",
            "count": 58,
            "created_time": "2024-08-13T15:03:46.65604Z",
            "yes_price": 15,
            "no_price": 85,
            "taker_side": "no"
        },
        {
            "trade_id": "6491f311-920b-458c-8d10-f9e58e8ee8eb",
            "ticker": "HIGHMIA-24AUG13-B91.5",
            "count": 5,
            "created_time": "2024-08-13T15:03:30.74408Z",
            "yes_price": 15,
            "no_price": 85,
            "taker_side": "no"
        },
        {
            "trade_id": "cf64d9ca-e221-4e6f-957d-237c37cf9046",
            "ticker": "HIGHMIA-24AUG13-B91.5",
            "count": 18,
            "created_time": "2024-08-13T14:16:47.321408Z",
            "yes_price": 25,
            "no_price": 75,
            "taker_side": "yes"
        },
        {
            "trade_id": "ede466eb-6175-48cf-b6d2-92236c885b48",
            "ticker": "HIGHMIA-24AUG13-B91.5",
            "count": 18,
            "created_time": "2024-08-13T13:52:10.251181Z",
            "yes_price": 16,
            "no_price": 84,
            "taker_side": "yes"
        },
        {
            "trade_id": "d1073f16-ffb5-4266-813e-a117aeac3773",
            "ticker": "HIGHMIA-24AUG13-B91.5",
            "count": 38,
            "created_time": "2024-08-13T13:52:10.251181Z",
            "yes_price": 16,
            "no_price": 84,
            "taker_side": "yes"
        },
        {
            "trade_id": "81f09de6-6ea6-4e5b-8e55-118da367dcec",
            "ticker": "HIGHMIA-24AUG13-B91.5",
            "count": 5,
            "created_time": "2024-08-13T13:25:39.163072Z",
            "yes_price": 16,
            "no_price": 84,
            "taker_side": "yes"
        },
        {
            "trade_id": "ce120d8b-87d1-4581-b966-4a5b21f7446c",
            "ticker": "HIGHMIA-24AUG13-B91.5",
            "count": 45,
            "created_time": "2024-08-13T12:40:43.806633Z",
            "yes_price": 6,
            "no_price": 94,
            "taker_side": "no"
        },
        {
            "trade_id": "fb8ad777-a42e-44b5-9158-5b25d10df951",
            "ticker": "HIGHMIA-24AUG13-B91.5",
            "count": 36,
            "created_time": "2024-08-13T12:38:48.480962Z",
            "yes_price": 6,
            "no_price": 94,
            "taker_side": "no"
        },
        {
            "trade_id": "4b7da447-a2f6-4b6f-835f-183e41bfda1e",
            "ticker": "HIGHMIA-24AUG13-B91.5",
            "count": 18,
            "created_time": "2024-08-13T12:32:37.1892Z",
            "yes_price": 10,
            "no_price": 90,
            "taker_side": "no"
        },
        {
            "trade_id": "088ac1ce-faa9-4fea-a6b1-2d5d2b8c5518",
            "ticker": "HIGHMIA-24AUG13-B91.5",
            "count": 36,
            "created_time": "2024-08-13T12:24:32.444533Z",
            "yes_price": 10,
            "no_price": 90,
            "taker_side": "no"
        },
        {
            "trade_id": "c3ce6807-2258-4394-b9af-04f5e43a0453",
            "ticker": "HIGHMIA-24AUG13-B91.5",
            "count": 36,
            "created_time": "2024-08-13T12:20:53.247952Z",
            "yes_price": 10,
            "no_price": 90,
            "taker_side": "no"
        },
        {
            "trade_id": "1911e031-08ad-4a6c-b493-9386c7db0620",
            "ticker": "HIGHMIA-24AUG13-B91.5",
            "count": 10,
            "created_time": "2024-08-13T12:01:31.0849Z",
            "yes_price": 10,
            "no_price": 90,
            "taker_side": "no"
        },
        {
            "trade_id": "a712d85a-2334-48f3-8e1e-e27a19311902",
            "ticker": "HIGHMIA-24AUG13-B91.5",
            "count": 59,
            "created_time": "2024-08-13T03:53:27.354387Z",
            "yes_price": 16,
            "no_price": 84,
            "taker_side": "yes"
        },
        {
            "trade_id": "cc8017dd-6b10-4e6b-940d-f670b46ad639",
            "ticker": "HIGHMIA-24AUG13-B91.5",
            "count": 453,
            "created_time": "2024-08-12T22:45:19.36585Z",
            "yes_price": 12,
            "no_price": 88,
            "taker_side": "no"
        },
        {
            "trade_id": "e356447f-e970-4fbd-a1bb-3344e8c0ed54",
            "ticker": "HIGHMIA-24AUG13-B91.5",
            "count": 29,
            "created_time": "2024-08-12T21:47:19.92093Z",
            "yes_price": 12,
            "no_price": 88,
            "taker_side": "no"
        },
        {
            "trade_id": "93c3d11a-6ce9-4ae2-bf01-16331b229f1e",
            "ticker": "HIGHMIA-24AUG13-B91.5",
            "count": 18,
            "created_time": "2024-08-12T21:42:37.183156Z",
            "yes_price": 12,
            "no_price": 88,
            "taker_side": "no"
        },
        {
            "trade_id": "18ab3557-99c5-43ae-bbbf-58f6dc1d80e0",
            "ticker": "HIGHMIA-24AUG13-B91.5",
            "count": 3,
            "created_time": "2024-08-12T20:00:34.059008Z",
            "yes_price": 17,
            "no_price": 83,
            "taker_side": "yes"
        },
        {
            "trade_id": "cf16f26f-32d0-41d9-ba32-4045187f2f29",
            "ticker": "HIGHMIA-24AUG13-B91.5",
            "count": 1,
            "created_time": "2024-08-12T17:30:29.276898Z",
            "yes_price": 11,
            "no_price": 89,
            "taker_side": "no"
        }
    ],
    "HIGHMIA-24AUG13-B93.5": [
        {
            "trade_id": "90785444-9f19-4a20-a179-f605752724eb",
            "ticker": "HIGHMIA-24AUG13-B93.5",
            "count": 720,
            "created_time": "2024-08-14T00:30:20.632745Z",
            "yes_price": 99,
            "no_price": 1,
            "taker_side": "no"
        },
        {
            "trade_id": "3ca755aa-5b5d-4bfc-a110-10600bc66cd3",
            "ticker": "HIGHMIA-24AUG13-B93.5",
            "count": 50,
            "created_time": "2024-08-13T20:09:10.057432Z",
            "yes_price": 99,
            "no_price": 1,
            "taker_side": "yes"
        },
        {
            "trade_id": "750e1bd3-fcff-43db-955d-8e87d79a7436",
            "ticker": "HIGHMIA-24AUG13-B93.5",
            "count": 1,
            "created_time": "2024-08-13T19:07:40.504195Z",
            "yes_price": 96,
            "no_price": 4,
            "taker_side": "yes"
        },
        {
            "trade_id": "a8690c00-10af-44d3-8dfc-d15eeb8f4bb4",
            "ticker": "HIGHMIA-24AUG13-B93.5",
            "count": 1,
            "created_time": "2024-08-13T17:41:24.666001Z",
            "yes_price": 98,
            "no_price": 2,
            "taker_side": "yes"
        },
        {
            "trade_id": "dfad947b-1e61-4d66-b85e-69727d6e22fc",
            "ticker": "HIGHMIA-24AUG13-B93.5",
            "count": 10,
            "created_time": "2024-08-13T16:40:09.79515Z",
            "yes_price": 87,
            "no_price": 13,
            "taker_side": "yes"
        },
        {
            "trade_id": "5f201b30-a873-49d2-94a2-1a39d1aa2a10",
            "ticker": "HIGHMIA-24AUG13-B93.5",
            "count": 1,
            "created_time": "2024-08-13T16:40:09.79515Z",
            "yes_price": 88,
            "no_price": 12,
            "taker_side": "yes"
        },
        {
            "trade_id": "8df085d1-330d-44b3-ae92-bf960f9a388b",
            "ticker": "HIGHMIA-24AUG13-B93.5",
            "count": 10,
            "created_time": "2024-08-13T16:32:37.094398Z",
            "yes_price": 28,
            "no_price": 72,
            "taker_side": "no"
        },
        {
            "trade_id": "2cb5b73b-59fb-4519-9c85-4285a5a045ad",
            "ticker": "HIGHMIA-24AUG13-B93.5",
            "count": 1,
            "created_time": "2024-08-13T16:25:53.435343Z",
            "yes_price": 90,
            "no_price": 10,
            "taker_side": "no"
        },
        {
            "trade_id": "9fe31a62-533f-426c-aca6-cb0e4ec842e9",
            "ticker": "HIGHMIA-24AUG13-B93.5",
            "count": 10,
            "created_time": "2024-08-13T15:53:21.780569Z",
            "yes_price": 98,
            "no_price": 2,
            "taker_side": "yes"
        },
        {
            "trade_id": "9085e900-9e17-4c6d-9101-0823e2204f57",
            "ticker": "HIGHMIA-24AUG13-B93.5",
            "count": 18,
            "created_time": "2024-08-13T14:16:47.386168Z",
            "yes_price": 70,
            "no_price": 30,
            "taker_side": "no"
        },
        {
            "trade_id": "e8069b00-eb62-4075-9b98-c8fe53a70cbf",
            "ticker": "HIGHMIA-24AUG13-B93.5",
            "count": 18,
            "created_time": "2024-08-13T13:52:10.326224Z",
            "yes_price": 78,
            "no_price": 22,
            "taker_side": "no"
        },
        {
            "trade_id": "64316490-1991-4e74-a005-0b36ee463a28",
            "ticker": "HIGHMIA-24AUG13-B93.5",
            "count": 1,
            "created_time": "2024-08-13T13:25:45.721473Z",
            "yes_price": 80,
            "no_price": 20,
            "taker_side": "yes"
        },
        {
            "trade_id": "2789eb0f-a5d4-42d9-a9ce-adf38b8ef96c",
            "ticker": "HIGHMIA-24AUG13-B93.5",
            "count": 34,
            "created_time": "2024-08-13T13:12:43.71932Z",
            "yes_price": 78,
            "no_price": 22,
            "taker_side": "no"
        },
        {
            "trade_id": "2506257a-df57-4fd3-808e-6f36b39a8392",
            "ticker": "HIGHMIA-24AUG13-B93.5",
            "count": 42,
            "created_time": "2024-08-13T13:08:30.909552Z",
            "yes_price": 75,
            "no_price": 25,
            "taker_side": "yes"
        },
        {
            "trade_id": "0acbc0cf-fd1b-4216-8107-71c024ace5d2",
            "ticker": "HIGHMIA-24AUG13-B93.5",
            "count": 70,
            "created_time": "2024-08-13T12:41:22.942425Z",
            "yes_price": 73,
            "no_price": 27,
            "taker_side": "no"
        },
        {
            "trade_id": "eacd0852-a659-4e38-aa96-28f60df9db29",
            "ticker": "HIGHMIA-24AUG13-B93.5",
            "count": 45,
            "created_time": "2024-08-13T12:40:43.81791Z",
            "yes_price": 74,
            "no_price": 26,
            "taker_side": "no"
        },
        {
            "trade_id": "637d8b81-677a-40ca-a68e-3de55d5af475",
            "ticker": "HIGHMIA-24AUG13-B93.5",
            "count": 36,
            "created_time": "2024-08-13T12:38:48.470351Z",
            "yes_price": 74,
            "no_price": 26,
            "taker_side": "no"
        },
        {
            "trade_id": "95869515-3677-4545-8fe0-65cb1027bf2b",
            "ticker": "HIGHMIA-24AUG13-B93.5",
            "count": 18,
            "created_time": "2024-08-13T12:32:37.108544Z",
            "yes_price": 74,
            "no_price": 26,
            "taker_side": "yes"
        },
        {
            "trade_id": "0083a0fb-266b-4e00-b0dc-382763847214",
            "ticker": "HIGHMIA-24AUG13-B93.5",
            "count": 36,
            "created_time": "2024-08-13T12:24:32.362366Z",
            "yes_price": 74,
            "no_price": 26,
            "taker_side": "yes"
        },
        {
            "trade_id": "0ac45d28-fac0-4f8f-aeee-af28e1880650",
            "ticker": "HIGHMIA-24AUG13-B93.5",
            "count": 36,
            "created_time": "2024-08-13T12:20:53.237878Z",
            "yes_price": 72,
            "no_price": 28,
            "taker_side": "no"
        },
        {
            "trade_id": "b582e17e-3042-429f-bcfe-60b2b3cb61c9",
            "ticker": "HIGHMIA-24AUG13-B93.5",
            "count": 10,
            "created_time": "2024-08-13T12:01:31.014109Z",
            "yes_price": 73,
            "no_price": 27,
            "taker_side": "yes"
        },
        {
            "trade_id": "e2050669-d490-4423-89dc-1496066f9e0f",
            "ticker": "HIGHMIA-24AUG13-B93.5",
            "count": 59,
            "created_time": "2024-08-13T03:53:27.421172Z",
            "yes_price": 62,
            "no_price": 38,
            "taker_side": "no"
        },
        {
            "trade_id": "70f829a3-c7e3-4e10-8318-c5b29016acd1",
            "ticker": "HIGHMIA-24AUG13-B93.5",
            "count": 29,
            "created_time": "2024-08-12T21:47:19.961909Z",
            "yes_price": 62,
            "no_price": 38,
            "taker_side": "no"
        },
        {
            "trade_id": "9ec1a018-d217-4911-98df-f6dcf464fab5",
            "ticker": "HIGHMIA-24AUG13-B93.5",
            "count": 18,
            "created_time": "2024-08-12T21:42:37.183452Z",
            "yes_price": 62,
            "no_price": 38,
            "taker_side": "no"
        },
        {
            "trade_id": "6688fdb8-9d3c-4980-a17f-8490a86a5eab",
            "ticker": "HIGHMIA-24AUG13-B93.5",
            "count": 3,
            "created_time": "2024-08-12T20:00:34.153136Z",
            "yes_price": 67,
            "no_price": 33,
            "taker_side": "no"
        },
        {
            "trade_id": "d541ca2b-e77b-4751-968b-463b122e7a72",
            "ticker": "HIGHMIA-24AUG13-B93.5",
            "count": 3,
            "created_time": "2024-08-12T20:00:28.466402Z",
            "yes_price": 74,
            "no_price": 26,
            "taker_side": "yes"
        },
        {
            "trade_id": "bbee3b64-f1d6-4222-8351-db64296dcdae",
            "ticker": "HIGHMIA-24AUG13-B93.5",
            "count": 90,
            "created_time": "2024-08-12T19:49:54.531505Z",
            "yes_price": 68,
            "no_price": 32,
            "taker_side": "no"
        },
        {
            "trade_id": "8ec33c6f-a90d-440e-bbc7-298e3e180192",
            "ticker": "HIGHMIA-24AUG13-B93.5",
            "count": 108,
            "created_time": "2024-08-12T19:49:27.157379Z",
            "yes_price": 69,
            "no_price": 31,
            "taker_side": "no"
        },
        {
            "trade_id": "344eeae2-e2e0-44de-be67-69b547b38143",
            "ticker": "HIGHMIA-24AUG13-B93.5",
            "count": 1,
            "created_time": "2024-08-12T17:30:29.595719Z",
            "yes_price": 70,
            "no_price": 30,
            "taker_side": "no"
        },
        {
            "trade_id": "a0feddd2-84d7-4203-8a98-a7750254320c",
            "ticker": "HIGHMIA-24AUG13-B93.5",
            "count": 180,
            "created_time": "2024-08-12T16:19:54.310095Z",
            "yes_price": 63,
            "no_price": 37,
            "taker_side": "yes"
        },
        {
            "trade_id": "21d09c22-8f48-497c-8782-0283c6bdc131",
            "ticker": "HIGHMIA-24AUG13-B93.5",
            "count": 54,
            "created_time": "2024-08-12T16:19:54.310095Z",
            "yes_price": 61,
            "no_price": 39,
            "taker_side": "yes"
        },
        {
            "trade_id": "8dbc27bd-730a-4ddd-8a46-dd595639eaa1",
            "ticker": "HIGHMIA-24AUG13-B93.5",
            "count": 180,
            "created_time": "2024-08-12T16:15:00.545054Z",
            "yes_price": 60,
            "no_price": 40,
            "taker_side": "yes"
        },
        {
            "trade_id": "721f2891-9b1c-4e8e-abfe-646171753023",
            "ticker": "HIGHMIA-24AUG13-B93.5",
            "count": 90,
            "created_time": "2024-08-12T16:14:51.137043Z",
            "yes_price": 58,
            "no_price": 42,
            "taker_side": "yes"
        },
        {
            "trade_id": "c610cbf9-813f-4d91-a1a1-3bb50554de44",
            "ticker": "HIGHMIA-24AUG13-B93.5",
            "count": 36,
            "created_time": "2024-08-12T16:03:02.643645Z",
            "yes_price": 55,
            "no_price": 45,
            "taker_side": "yes"
        },
        {
            "trade_id": "89f7b3ee-22ed-4fb2-b3a2-aa8a4f15592d",
            "ticker": "HIGHMIA-24AUG13-B93.5",
            "count": 180,
            "created_time": "2024-08-12T16:03:02.643645Z",
            "yes_price": 58,
            "no_price": 42,
            "taker_side": "yes"
        }
    ],
    "HIGHMIA-24AUG13-T94": [
        {
            "trade_id": "f39fbdd4-165f-446d-9cfa-7e1a125ef0b0",
            "ticker": "HIGHMIA-24AUG13-T94",
            "count": 6,
            "created_time": "2024-08-14T00:42:53.377174Z",
            "yes_price": 1,
            "no_price": 99,
            "taker_side": "yes"
        },
        {
            "trade_id": "5807f57e-fa59-44e0-a27a-79066251a699",
            "ticker": "HIGHMIA-24AUG13-T94",
            "count": 453,
            "created_time": "2024-08-14T00:30:38.046843Z",
            "yes_price": 1,
            "no_price": 99,
            "taker_side": "yes"
        },
        {
            "trade_id": "84ef0223-b6a9-4f72-89fd-ddbf8137c0e4",
            "ticker": "HIGHMIA-24AUG13-T94",
            "count": 50,
            "created_time": "2024-08-13T20:08:54.199462Z",
            "yes_price": 1,
            "no_price": 99,
            "taker_side": "no"
        },
        {
            "trade_id": "666ee2d6-a387-41d5-a064-64ab4c6aba90",
            "ticker": "HIGHMIA-24AUG13-T94",
            "count": 5,
            "created_time": "2024-08-13T19:07:56.251796Z",
            "yes_price": 3,
            "no_price": 97,
            "taker_side": "no"
        },
        {
            "trade_id": "7ebe6c60-7061-4882-94e0-887e9f10982a",
            "ticker": "HIGHMIA-24AUG13-T94",
            "count": 1,
            "created_time": "2024-08-13T17:41:24.736828Z",
            "yes_price": 3,
            "no_price": 97,
            "taker_side": "no"
        },
        {
            "trade_id": "110bcb4c-4484-488f-9f08-396e5c08a84e",
            "ticker": "HIGHMIA-24AUG13-T94",
            "count": 11,
            "created_time": "2024-08-13T16:37:25.632294Z",
            "yes_price": 17,
            "no_price": 83,
            "taker_side": "yes"
        },
        {
            "trade_id": "994f7c4a-c252-43fb-aa1e-3c3635f72391",
            "ticker": "HIGHMIA-24AUG13-T94",
            "count": 19,
            "created_time": "2024-08-13T16:37:08.138374Z",
            "yes_price": 17,
            "no_price": 83,
            "taker_side": "yes"
        },
        {
            "trade_id": "00625ada-ac61-4017-b62c-71fda91cf806",
            "ticker": "HIGHMIA-24AUG13-T94",
            "count": 10,
            "created_time": "2024-08-13T15:53:21.844113Z",
            "yes_price": 3,
            "no_price": 97,
            "taker_side": "no"
        },
        {
            "trade_id": "335a719c-f55a-433d-a7af-f245599199eb",
            "ticker": "HIGHMIA-24AUG13-T94",
            "count": 49,
            "created_time": "2024-08-13T14:32:16.063031Z",
            "yes_price": 9,
            "no_price": 91,
            "taker_side": "yes"
        },
        {
            "trade_id": "876c3da4-5ef8-4382-847d-81a4bee01adc",
            "ticker": "HIGHMIA-24AUG13-T94",
            "count": 18,
            "created_time": "2024-08-13T14:16:47.396866Z",
            "yes_price": 8,
            "no_price": 92,
            "taker_side": "no"
        },
        {
            "trade_id": "1188ed1b-a3d9-4e76-8c8e-7da786167520",
            "ticker": "HIGHMIA-24AUG13-T94",
            "count": 54,
            "created_time": "2024-08-13T14:12:48.81393Z",
            "yes_price": 8,
            "no_price": 92,
            "taker_side": "no"
        },
        {
            "trade_id": "d4da926d-acad-458e-8470-035e94b55e20",
            "ticker": "HIGHMIA-24AUG13-T94",
            "count": 100,
            "created_time": "2024-08-13T14:12:48.793757Z",
            "yes_price": 10,
            "no_price": 90,
            "taker_side": "no"
        },
        {
            "trade_id": "84b7984e-9ff1-4ab3-811d-bdbd9a37477d",
            "ticker": "HIGHMIA-24AUG13-T94",
            "count": 10,
            "created_time": "2024-08-13T14:12:48.793757Z",
            "yes_price": 11,
            "no_price": 89,
            "taker_side": "no"
        },
        {
            "trade_id": "8ef2abc1-3d65-4197-a820-bb6a384eac78",
            "ticker": "HIGHMIA-24AUG13-T94",
            "count": 180,
            "created_time": "2024-08-13T14:12:48.767958Z",
            "yes_price": 11,
            "no_price": 89,
            "taker_side": "no"
        },
        {
            "trade_id": "8a809db5-f5d1-4468-9085-8ea210476243",
            "ticker": "HIGHMIA-24AUG13-T94",
            "count": 75,
            "created_time": "2024-08-13T14:01:15.886408Z",
            "yes_price": 11,
            "no_price": 89,
            "taker_side": "no"
        },
        {
            "trade_id": "d785da6e-a7a3-4ada-bbbc-f0094f3ddbe2",
            "ticker": "HIGHMIA-24AUG13-T94",
            "count": 130,
            "created_time": "2024-08-13T13:56:23.339091Z",
            "yes_price": 11,
            "no_price": 89,
            "taker_side": "no"
        },
        {
            "trade_id": "9f623483-d932-46a7-877a-25dbd1d40f22",
            "ticker": "HIGHMIA-24AUG13-T94",
            "count": 18,
            "created_time": "2024-08-13T13:52:10.33603Z",
            "yes_price": 11,
            "no_price": 89,
            "taker_side": "no"
        },
        {
            "trade_id": "2cc31861-27a9-4a47-a8e2-b380209e4b58",
            "ticker": "HIGHMIA-24AUG13-T94",
            "count": 30,
            "created_time": "2024-08-13T13:31:38.710547Z",
            "yes_price": 11,
            "no_price": 89,
            "taker_side": "no"
        },
        {
            "trade_id": "4f7914a1-a561-45c8-bc47-ae700d34ddd7",
            "ticker": "HIGHMIA-24AUG13-T94",
            "count": 7,
            "created_time": "2024-08-13T13:25:52.108012Z",
            "yes_price": 13,
            "no_price": 87,
            "taker_side": "yes"
        },
        {
            "trade_id": "a9f553a4-7d06-4b32-8891-b053865a21a7",
            "ticker": "HIGHMIA-24AUG13-T94",
            "count": 30,
            "created_time": "2024-08-13T12:40:43.80738Z",
            "yes_price": 13,
            "no_price": 87,
            "taker_side": "no"
        },
        {
            "trade_id": "176958cf-fd0e-44f8-9229-b415c545e164",
            "ticker": "HIGHMIA-24AUG13-T94",
            "count": 15,
            "created_time": "2024-08-13T12:40:43.80738Z",
            "yes_price": 13,
            "no_price": 87,
            "taker_side": "no"
        },
        {
            "trade_id": "ae4e4240-4a7c-487b-8431-6a20c341ae3d",
            "ticker": "HIGHMIA-24AUG13-T94",
            "count": 54,
            "created_time": "2024-08-13T12:39:36.176545Z",
            "yes_price": 13,
            "no_price": 87,
            "taker_side": "no"
        },
        {
            "trade_id": "7526bf53-2ae3-47bd-9913-5e92ff3f4028",
            "ticker": "HIGHMIA-24AUG13-T94",
            "count": 64,
            "created_time": "2024-08-13T12:39:36.176545Z",
            "yes_price": 15,
            "no_price": 85,
            "taker_side": "no"
        },
        {
            "trade_id": "491eeb30-e612-4d96-95ff-354e3d4d67e6",
            "ticker": "HIGHMIA-24AUG13-T94",
            "count": 150,
            "created_time": "2024-08-13T12:39:36.176545Z",
            "yes_price": 12,
            "no_price": 88,
            "taker_side": "no"
        },
        {
            "trade_id": "8fa8a12b-90fb-45cb-84e1-287b50343508",
            "ticker": "HIGHMIA-24AUG13-T94",
            "count": 36,
            "created_time": "2024-08-13T12:38:48.48152Z",
            "yes_price": 15,
            "no_price": 85,
            "taker_side": "no"
        },
        {
            "trade_id": "a203fd5f-0540-41b1-ac77-54e215f6ed9e",
            "ticker": "HIGHMIA-24AUG13-T94",
            "count": 18,
            "created_time": "2024-08-13T12:32:37.197194Z",
            "yes_price": 17,
            "no_price": 83,
            "taker_side": "no"
        },
        {
            "trade_id": "cd612b6c-70c9-4190-af93-e3d3f985d1ec",
            "ticker": "HIGHMIA-24AUG13-T94",
            "count": 36,
            "created_time": "2024-08-13T12:24:32.443398Z",
            "yes_price": 17,
            "no_price": 83,
            "taker_side": "no"
        },
        {
            "trade_id": "a5aae5f8-0542-4ffc-99ec-3f6da1d2cd72",
            "ticker": "HIGHMIA-24AUG13-T94",
            "count": 36,
            "created_time": "2024-08-13T12:20:53.24831Z",
            "yes_price": 20,
            "no_price": 80,
            "taker_side": "no"
        },
        {
            "trade_id": "7bb93ff1-4b8d-4498-b497-1b774f75b609",
            "ticker": "HIGHMIA-24AUG13-T94",
            "count": 10,
            "created_time": "2024-08-13T12:01:31.075677Z",
            "yes_price": 25,
            "no_price": 75,
            "taker_side": "no"
        },
        {
            "trade_id": "f220409b-b93f-48d9-af5c-e00c232eb79e",
            "ticker": "HIGHMIA-24AUG13-T94",
            "count": 72,
            "created_time": "2024-08-13T03:57:49.182492Z",
            "yes_price": 26,
            "no_price": 74,
            "taker_side": "no"
        },
        {
            "trade_id": "3b206856-3298-4e17-bddf-fef13df5e0ca",
            "ticker": "HIGHMIA-24AUG13-T94",
            "count": 59,
            "created_time": "2024-08-13T03:53:27.431509Z",
            "yes_price": 26,
            "no_price": 74,
            "taker_side": "no"
        },
        {
            "trade_id": "cffab4ff-ed9d-4bb4-a1cc-d1f138ffc0c7",
            "ticker": "HIGHMIA-24AUG13-T94",
            "count": 18,
            "created_time": "2024-08-13T03:15:31.646615Z",
            "yes_price": 25,
            "no_price": 75,
            "taker_side": "no"
        },
        {
            "trade_id": "5e048bed-82cb-4b9e-84d4-3c2cc5bc81a5",
            "ticker": "HIGHMIA-24AUG13-T94",
            "count": 18,
            "created_time": "2024-08-13T03:15:31.646615Z",
            "yes_price": 24,
            "no_price": 76,
            "taker_side": "no"
        },
        {
            "trade_id": "0b983b16-fa61-4318-9aee-11cddcb1033c",
            "ticker": "HIGHMIA-24AUG13-T94",
            "count": 175,
            "created_time": "2024-08-13T03:15:31.646615Z",
            "yes_price": 23,
            "no_price": 77,
            "taker_side": "no"
        },
        {
            "trade_id": "6c9760d5-5c75-4fed-8f69-fd448b9d5d4c",
            "ticker": "HIGHMIA-24AUG13-T94",
            "count": 19,
            "created_time": "2024-08-12T23:20:49.502271Z",
            "yes_price": 26,
            "no_price": 74,
            "taker_side": "no"
        },
        {
            "trade_id": "dcc497ab-44e7-4fbc-9835-68e298ef9c1c",
            "ticker": "HIGHMIA-24AUG13-T94",
            "count": 100,
            "created_time": "2024-08-12T23:19:41.460118Z",
            "yes_price": 24,
            "no_price": 76,
            "taker_side": "no"
        },
        {
            "trade_id": "56eb2818-1843-4add-aeab-a6e7a51e03b9",
            "ticker": "HIGHMIA-24AUG13-T94",
            "count": 108,
            "created_time": "2024-08-12T23:01:59.034212Z",
            "yes_price": 28,
            "no_price": 72,
            "taker_side": "no"
        },
        {
            "trade_id": "00c5cce0-5545-4fd5-983c-2b9eb69e68a6",
            "ticker": "HIGHMIA-24AUG13-T94",
            "count": 21,
            "created_time": "2024-08-12T22:46:26.059409Z",
            "yes_price": 32,
            "no_price": 68,
            "taker_side": "no"
        },
        {
            "trade_id": "e19de4a9-b997-4fbd-811c-3afd8abdfb5c",
            "ticker": "HIGHMIA-24AUG13-T94",
            "count": 180,
            "created_time": "2024-08-12T22:45:54.165235Z",
            "yes_price": 35,
            "no_price": 65,
            "taker_side": "no"
        },
        {
            "trade_id": "da59216c-611f-47c8-8613-d255af822b20",
            "ticker": "HIGHMIA-24AUG13-T94",
            "count": 72,
            "created_time": "2024-08-12T22:45:54.165235Z",
            "yes_price": 37,
            "no_price": 63,
            "taker_side": "no"
        },
        {
            "trade_id": "11b65607-3355-4343-8ae1-9384b2eff746",
            "ticker": "HIGHMIA-24AUG13-T94",
            "count": 180,
            "created_time": "2024-08-12T22:45:54.165235Z",
            "yes_price": 33,
            "no_price": 67,
            "taker_side": "no"
        },
        {
            "trade_id": "cd003908-88c9-4641-af44-2e89d6a8e3d6",
            "ticker": "HIGHMIA-24AUG13-T94",
            "count": 8,
            "created_time": "2024-08-12T22:36:28.160602Z",
            "yes_price": 27,
            "no_price": 73,
            "taker_side": "yes"
        },
        {
            "trade_id": "85c6f473-35b8-4f0f-babc-25dd877fc433",
            "ticker": "HIGHMIA-24AUG13-T94",
            "count": 29,
            "created_time": "2024-08-12T21:47:19.877665Z",
            "yes_price": 24,
            "no_price": 76,
            "taker_side": "no"
        },
        {
            "trade_id": "536b004e-b0ed-400b-a74e-58c0f642f851",
            "ticker": "HIGHMIA-24AUG13-T94",
            "count": 10,
            "created_time": "2024-08-12T21:46:17.961779Z",
            "yes_price": 24,
            "no_price": 76,
            "taker_side": "no"
        },
        {
            "trade_id": "7a4652e7-c74c-452d-954f-192f7cd044a4",
            "ticker": "HIGHMIA-24AUG13-T94",
            "count": 13,
            "created_time": "2024-08-12T21:45:17.620747Z",
            "yes_price": 24,
            "no_price": 76,
            "taker_side": "no"
        },
        {
            "trade_id": "3bd5bb70-bdca-40e1-9622-393f2c9e6ec5",
            "ticker": "HIGHMIA-24AUG13-T94",
            "count": 18,
            "created_time": "2024-08-12T21:42:37.093739Z",
            "yes_price": 24,
            "no_price": 76,
            "taker_side": "no"
        },
        {
            "trade_id": "dae6f1be-6672-4804-85d6-e943c6dfafa9",
            "ticker": "HIGHMIA-24AUG13-T94",
            "count": 18,
            "created_time": "2024-08-12T21:41:36.611709Z",
            "yes_price": 24,
            "no_price": 76,
            "taker_side": "no"
        },
        {
            "trade_id": "8cda441e-8515-4a51-9594-e6638203cdc3",
            "ticker": "HIGHMIA-24AUG13-T94",
            "count": 18,
            "created_time": "2024-08-12T21:40:16.131235Z",
            "yes_price": 24,
            "no_price": 76,
            "taker_side": "no"
        },
        {
            "trade_id": "d5da921b-7fb3-4112-9ad4-9cd48f8017b6",
            "ticker": "HIGHMIA-24AUG13-T94",
            "count": 20,
            "created_time": "2024-08-12T21:23:16.133339Z",
            "yes_price": 23,
            "no_price": 77,
            "taker_side": "yes"
        },
        {
            "trade_id": "fb1f1278-10c8-4100-be65-f35f9ddaac5a",
            "ticker": "HIGHMIA-24AUG13-T94",
            "count": 3,
            "created_time": "2024-08-12T20:00:34.162427Z",
            "yes_price": 17,
            "no_price": 83,
            "taker_side": "no"
        },
        {
            "trade_id": "df1a5c09-cad0-4f3e-b905-2cc8e86791d5",
            "ticker": "HIGHMIA-24AUG13-T94",
            "count": 1,
            "created_time": "2024-08-12T17:30:29.920779Z",
            "yes_price": 15,
            "no_price": 85,
            "taker_side": "yes"
        },
        {
            "trade_id": "8290f63a-5412-4ae0-a43c-54120016dd1f",
            "ticker": "HIGHMIA-24AUG13-T94",
            "count": 36,
            "created_time": "2024-08-12T14:39:10.761921Z",
            "yes_price": 31,
            "no_price": 69,
            "taker_side": "no"
        },
        {
            "trade_id": "588087ce-a097-48fe-8e14-19ecd67e8753",
            "ticker": "HIGHMIA-24AUG13-T94",
            "count": 6,
            "created_time": "2024-08-12T14:39:10.761921Z",
            "yes_price": 28,
            "no_price": 72,
            "taker_side": "no"
        },
        {
            "trade_id": "fbb0c65f-2ea9-4c14-96bb-7264e9de4380",
            "ticker": "HIGHMIA-24AUG13-T94",
            "count": 24,
            "created_time": "2024-08-12T14:22:55.480893Z",
            "yes_price": 56,
            "no_price": 44,
            "taker_side": "no"
        },
        {
            "trade_id": "79fb2d82-b2e3-4a4e-b41d-dfaee108134a",
            "ticker": "HIGHMIA-24AUG13-T94",
            "count": 180,
            "created_time": "2024-08-12T14:22:55.480893Z",
            "yes_price": 51,
            "no_price": 49,
            "taker_side": "no"
        },
        {
            "trade_id": "7977cc6e-39eb-4f94-8a71-2e3e3d77e7a9",
            "ticker": "HIGHMIA-24AUG13-T94",
            "count": 180,
            "created_time": "2024-08-12T14:22:55.480893Z",
            "yes_price": 53,
            "no_price": 47,
            "taker_side": "no"
        },
        {
            "trade_id": "8413aab8-d801-4621-98d1-d765c78deaf8",
            "ticker": "HIGHMIA-24AUG13-T94",
            "count": 4,
            "created_time": "2024-08-12T14:22:49.378649Z",
            "yes_price": 56,
            "no_price": 44,
            "taker_side": "no"
        },
        {
            "trade_id": "bcb70501-6564-4d2b-b543-0037e2dac83b",
            "ticker": "HIGHMIA-24AUG13-T94",
            "count": 4,
            "created_time": "2024-08-12T14:22:29.55956Z",
            "yes_price": 56,
            "no_price": 44,
            "taker_side": "no"
        },
        {
            "trade_id": "819d23f9-6ff0-4527-a721-9bd467c61e6e",
            "ticker": "HIGHMIA-24AUG13-T94",
            "count": 4,
            "created_time": "2024-08-12T14:22:06.321933Z",
            "yes_price": 56,
            "no_price": 44,
            "taker_side": "no"
        },
        {
            "trade_id": "8f3e8fc4-7000-494d-85b6-9f3d285f209a",
            "ticker": "HIGHMIA-24AUG13-T94",
            "count": 4,
            "created_time": "2024-08-12T14:21:45.826879Z",
            "yes_price": 56,
            "no_price": 44,
            "taker_side": "no"
        },
        {
            "trade_id": "c5ea3c48-7d9d-4c89-b015-a8a3bb8f888a",
            "ticker": "HIGHMIA-24AUG13-T94",
            "count": 4,
            "created_time": "2024-08-12T14:21:26.147946Z",
            "yes_price": 56,
            "no_price": 44,
            "taker_side": "no"
        },
        {
            "trade_id": "96ce0b60-f41b-4b71-b0f6-37a1c7658a4b",
            "ticker": "HIGHMIA-24AUG13-T94",
            "count": 4,
            "created_time": "2024-08-12T14:21:05.884552Z",
            "yes_price": 56,
            "no_price": 44,
            "taker_side": "no"
        },
        {
            "trade_id": "a037c277-8d53-4c98-a965-a5ba014b6d95",
            "ticker": "HIGHMIA-24AUG13-T94",
            "count": 4,
            "created_time": "2024-08-12T14:20:45.222227Z",
            "yes_price": 56,
            "no_price": 44,
            "taker_side": "no"
        },
        {
            "trade_id": "14be25ea-3822-4cf7-bfe6-8de1d707b186",
            "ticker": "HIGHMIA-24AUG13-T94",
            "count": 4,
            "created_time": "2024-08-12T14:20:25.892014Z",
            "yes_price": 56,
            "no_price": 44,
            "taker_side": "no"
        },
        {
            "trade_id": "46c8b806-efc9-4852-9c3b-8e572bac9477",
            "ticker": "HIGHMIA-24AUG13-T94",
            "count": 4,
            "created_time": "2024-08-12T14:20:05.404563Z",
            "yes_price": 56,
            "no_price": 44,
            "taker_side": "no"
        },
        {
            "trade_id": "af4a1148-b022-458c-b34e-b6ffdef36172",
            "ticker": "HIGHMIA-24AUG13-T94",
            "count": 4,
            "created_time": "2024-08-12T14:19:44.953798Z",
            "yes_price": 56,
            "no_price": 44,
            "taker_side": "no"
        },
        {
            "trade_id": "cc28a374-1a61-410b-877e-12df0352635f",
            "ticker": "HIGHMIA-24AUG13-T94",
            "count": 4,
            "created_time": "2024-08-12T14:19:25.58141Z",
            "yes_price": 56,
            "no_price": 44,
            "taker_side": "no"
        },
        {
            "trade_id": "f181fb45-ab65-476d-b49b-da2649f17060",
            "ticker": "HIGHMIA-24AUG13-T94",
            "count": 4,
            "created_time": "2024-08-12T14:19:05.915481Z",
            "yes_price": 56,
            "no_price": 44,
            "taker_side": "no"
        },
        {
            "trade_id": "a265131a-8811-4728-bc0c-48203eed2f94",
            "ticker": "HIGHMIA-24AUG13-T94",
            "count": 4,
            "created_time": "2024-08-12T14:18:42.940246Z",
            "yes_price": 56,
            "no_price": 44,
            "taker_side": "no"
        },
        {
            "trade_id": "3876a1b3-2c01-43a6-9837-0ed8df49c8aa",
            "ticker": "HIGHMIA-24AUG13-T94",
            "count": 4,
            "created_time": "2024-08-12T14:18:33.775161Z",
            "yes_price": 56,
            "no_price": 44,
            "taker_side": "yes"
        },
        {
            "trade_id": "6974530b-537a-4d32-b7c2-f84a00599578",
            "ticker": "HIGHMIA-24AUG13-T94",
            "count": 6,
            "created_time": "2024-08-12T14:18:33.215281Z",
            "yes_price": 56,
            "no_price": 44,
            "taker_side": "no"
        },
        {
            "trade_id": "95d3c248-cdaa-4198-9b42-d9683612f688",
            "ticker": "HIGHMIA-24AUG13-T94",
            "count": 4,
            "created_time": "2024-08-12T14:18:23.254049Z",
            "yes_price": 56,
            "no_price": 44,
            "taker_side": "no"
        },
        {
            "trade_id": "b3c931d8-790b-4428-98f4-47f95dc7c49a",
            "ticker": "HIGHMIA-24AUG13-T94",
            "count": 4,
            "created_time": "2024-08-12T14:18:03.280725Z",
            "yes_price": 56,
            "no_price": 44,
            "taker_side": "no"
        },
        {
            "trade_id": "80a69a43-b9e5-4253-83ae-9c1f3ce7a83a",
            "ticker": "HIGHMIA-24AUG13-T94",
            "count": 4,
            "created_time": "2024-08-12T14:17:42.613791Z",
            "yes_price": 56,
            "no_price": 44,
            "taker_side": "no"
        },
        {
            "trade_id": "6db8c053-aa81-4187-a453-5fc08310651b",
            "ticker": "HIGHMIA-24AUG13-T94",
            "count": 4,
            "created_time": "2024-08-12T14:17:22.975083Z",
            "yes_price": 56,
            "no_price": 44,
            "taker_side": "no"
        },
        {
            "trade_id": "74cf082e-23d6-43dc-ae3d-468e9fdcafd4",
            "ticker": "HIGHMIA-24AUG13-T94",
            "count": 4,
            "created_time": "2024-08-12T14:16:57.675537Z",
            "yes_price": 56,
            "no_price": 44,
            "taker_side": "no"
        },
        {
            "trade_id": "60f82639-2274-4c08-81d1-509515ee1bdf",
            "ticker": "HIGHMIA-24AUG13-T94",
            "count": 10,
            "created_time": "2024-08-12T14:16:56.035562Z",
            "yes_price": 56,
            "no_price": 44,
            "taker_side": "no"
        },
        {
            "trade_id": "3bedd312-4b9e-44b4-9c21-1472e49f66bf",
            "ticker": "HIGHMIA-24AUG13-T94",
            "count": 4,
            "created_time": "2024-08-12T14:16:37.252462Z",
            "yes_price": 56,
            "no_price": 44,
            "taker_side": "no"
        },
        {
            "trade_id": "fdd455c1-312c-4578-ab2a-af889bf7dcf3",
            "ticker": "HIGHMIA-24AUG13-T94",
            "count": 4,
            "created_time": "2024-08-12T14:16:23.377508Z",
            "yes_price": 56,
            "no_price": 44,
            "taker_side": "yes"
        },
        {
            "trade_id": "a071cded-db98-4090-a282-d2850dc8e4a9",
            "ticker": "HIGHMIA-24AUG13-T94",
            "count": 14,
            "created_time": "2024-08-12T14:16:23.377508Z",
            "yes_price": 56,
            "no_price": 44,
            "taker_side": "yes"
        },
        {
            "trade_id": "8e75d6e2-c6c7-4061-995d-01b70eec5138",
            "ticker": "HIGHMIA-24AUG13-T94",
            "count": 14,
            "created_time": "2024-08-12T14:16:23.377508Z",
            "yes_price": 55,
            "no_price": 45,
            "taker_side": "yes"
        },
        {
            "trade_id": "7f651ad2-8345-462a-9af9-f3754ce962b8",
            "ticker": "HIGHMIA-24AUG13-T94",
            "count": 86,
            "created_time": "2024-08-12T14:16:11.422074Z",
            "yes_price": 56,
            "no_price": 44,
            "taker_side": "no"
        },
        {
            "trade_id": "6e5d419b-acdb-46da-855c-084a63b11470",
            "ticker": "HIGHMIA-24AUG13-T94",
            "count": 4,
            "created_time": "2024-08-12T14:15:57.170933Z",
            "yes_price": 56,
            "no_price": 44,
            "taker_side": "no"
        },
        {
            "trade_id": "ef60a0ca-52ef-46c9-b1f3-06ad73f658c7",
            "ticker": "HIGHMIA-24AUG13-T94",
            "count": 8,
            "created_time": "2024-08-12T14:12:29.925293Z",
            "yes_price": 27,
            "no_price": 73,
            "taker_side": "yes"
        },
        {
            "trade_id": "e54b78a8-c529-4408-9f68-14b3e68df273",
            "ticker": "HIGHMIA-24AUG13-T94",
            "count": 4,
            "created_time": "2024-08-12T14:12:29.925293Z",
            "yes_price": 10,
            "no_price": 90,
            "taker_side": "yes"
        },
        {
            "trade_id": "decdb91d-0f60-414a-a534-5536e0c7f52c",
            "ticker": "HIGHMIA-24AUG13-T94",
            "count": 4,
            "created_time": "2024-08-12T14:12:29.925293Z",
            "yes_price": 20,
            "no_price": 80,
            "taker_side": "yes"
        }
    ]
}