{
    "KXHIGHMIA-24DEC08-T73": [
        {
            "trade_id": "715fd4c6-78da-4a1e-9dad-361fb5380248",
            "ticker": "KXHIGHMIA-24DEC08-T73",
            "count": 93,
            "created_time": "2024-12-08T23:28:18.924691Z",
            "yes_price": 1,
            "no_price": 99,
            "taker_side": "yes"
        },
        {
            "trade_id": "36f85962-7bf9-419b-9fad-35cb6735ae8b",
            "ticker": "KXHIGHMIA-24DEC08-T73",
            "count": 1,
            "created_time": "2024-12-08T13:03:31.998562Z",
            "yes_price": 1,
            "no_price": 99,
            "taker_side": "yes"
        },
        {
            "trade_id": "5e77bf7e-59f3-4765-827d-586b03b1240f",
            "ticker": "KXHIGHMIA-24DEC08-T73",
            "count": 1,
            "created_time": "2024-12-08T13:00:29.892342Z",
            "yes_price": 1,
            "no_price": 99,
            "taker_side": "yes"
        },
        {
            "trade_id": "115d83ec-de20-4001-9c5a-b19838f5e91e",
            "ticker": "KXHIGHMIA-24DEC08-T73",
            "count": 50,
            "created_time": "2024-12-07T21:13:04.420257Z",
            "yes_price": 1,
            "no_price": 99,
            "taker_side": "no"
        }
    ],
    "KXHIGHMIA-24DEC08-B73.5": [
        {
            "trade_id": "8630fd4d-96b7-4d9f-87bf-188ea5cb8d60",
            "ticker": "KXHIGHMIA-24DEC08-B73.5",
            "count": 187,
            "created_time": "2024-12-08T13:40:59.519408Z",
            "yes_price": 1,
            "no_price": 99,
            "taker_side": "yes"
        },
        {
            "trade_id": "91c3802b-5ec3-4b7f-b5bd-461fb753418f",
            "ticker": "KXHIGHMIA-24DEC08-B73.5",
            "count": 45,
            "created_time": "2024-12-07T23:20:14.02234Z",
            "yes_price": 1,
            "no_price": 99,
            "taker_side": "no"
        },
        {
            "trade_id": "91f17521-e634-4628-8566-ad0b2f7eb5b9",
            "ticker": "KXHIGHMIA-24DEC08-B73.5",
            "count": 5,
            "created_time": "2024-12-07T22:03:45.690758Z",
            "yes_price": 1,
            "no_price": 99,
            "taker_side": "no"
        }
    ],
    "KXHIGHMIA-24DEC08-B75.5": [
        {
            "trade_id": "6bd40826-1852-4d18-95d1-321fb01a89ba",
            "ticker": "KXHIGHMIA-24DEC08-B75.5",
            "count": 5,
            "created_time": "2024-12-09T04:51:08.729076Z",
            "yes_price": 1,
            "no_price": 99,
            "taker_side": "yes"
        },
        {
            "trade_id": "570be0e3-d98f-438c-af30-13fb69e379ef",
            "ticker": "KXHIGHMIA-24DEC08-B75.5",
            "count": 1,
            "created_time": "2024-12-09T04:50:21.583989Z",
            "yes_price": 1,
            "no_price": 99,
            "taker_side": "yes"
        },
        {
            "trade_id": "ef69a363-93bd-441a-a1c0-5712592f0d29",
            "ticker": "KXHIGHMIA-24DEC08-B75.5",
            "count": 1,
            "created_time": "2024-12-08T21:51:36.962222Z",
            "yes_price": 1,
            "no_price": 99,
            "taker_side": "yes"
        },
        {
            "trade_id": "37de6595-9719-4ea1-a9a9-004082d894bf",
            "ticker": "KXHIGHMIA-24DEC08-B75.5",
            "count": 11,
            "created_time": "2024-12-08T21:14:12.545126Z",
            "yes_price": 1,
            "no_price": 99,
            "taker_side": "yes"
        },
        {
            "trade_id": "c3d1bac4-097f-410a-8922-c9dc7d91f436",
            "ticker": "KXHIGHMIA-24DEC08-B75.5",
            "count": 1446,
            "created_time": "2024-12-08T18:59:19.314516Z",
            "yes_price": 1,
            "no_price": 99,
            "taker_side": "yes"
        },
        {
            "trade_id": "616b3509-f9b6-4657-a93f-1b00ab9b8c2c",
            "ticker": "KXHIGHMIA-24DEC08-B75.5",
            "count": 100,
            "created_time": "2024-12-08T18:57:24.021023Z",
            "yes_price": 1,
            "no_price": 99,
            "taker_side": "yes"
        },
        {
            "trade_id": "89bc191e-cda2-47e4-b2cf-585d320b67fc",
            "ticker": "KXHIGHMIA-24DEC08-B75.5",
            "count": 93,
            "created_time": "2024-12-08T18:48:39.406829Z",
            "yes_price": 1,
            "no_price": 99,
            "taker_side": "yes"
        },
        {
            "trade_id": "ffcb2566-78b4-4679-8b24-227443f50fc0",
            "ticker": "KXHIGHMIA-24DEC08-B75.5",
            "count": 764,
            "created_time": "2024-12-08T18:39:45.984586Z",
            "yes_price": 1,
            "no_price": 99,
            "taker_side": "yes"
        },
        {
            "trade_id": "4df7506b-e5aa-4b29-ba33-d2a89ac793b6",
            "ticker": "KXHIGHMIA-24DEC08-B75.5",
            "count": 11,
            "created_time": "2024-12-08T18:39:45.984586Z",
            "yes_price": 1,
            "no_price": 99,
            "taker_side": "yes"
        },
        {
            "trade_id": "459b3075-b0a8-4985-8093-893d0fedb8ba",
            "ticker": "KXHIGHMIA-24DEC08-B75.5",
            "count": 725,
            "created_time": "2024-12-08T18:39:45.984586Z",
            "yes_price": 1,
            "no_price": 99,
            "taker_side": "yes"
        },
        {
            "trade_id": "1d8513f5-0166-476b-a047-a4d6ec5f9e30",
            "ticker": "KXHIGHMIA-24DEC08-B75.5",
            "count": 935,
            "created_time": "2024-12-08T17:22:19.891878Z",
            "yes_price": 1,
            "no_price": 99,
            "taker_side": "yes"
        },
        {
            "trade_id": "45da478b-894f-46b5-9f5e-a5d483f7d6a0",
            "ticker": "KXHIGHMIA-24DEC08-B75.5",
            "count": 40,
            "created_time": "2024-12-08T17:12:05.816178Z",
            "yes_price": 1,
            "no_price": 99,
            "taker_side": "yes"
        },
        {
            "trade_id": "3770bce5-0623-4348-86a4-dc601fd7a13a",
            "ticker": "KXHIGHMIA-24DEC08-B75.5",
            "count": 1,
            "created_time": "2024-12-08T17:00:10.222342Z",
            "yes_price": 1,
            "no_price": 99,
            "taker_side": "yes"
        },
        {
            "trade_id": "7f8e54f7-77ee-4217-89af-65bd967d415f",
            "ticker": "KXHIGHMIA-24DEC08-B75.5",
            "count": 129,
            "created_time": "2024-12-08T16:57:26.010601Z",
            "yes_price": 1,
            "no_price": 99,
            "taker_side": "yes"
        },
        {
            "trade_id": "cc810f3f-13f1-4e03-8bdd-fb4fc2a5fd68",
            "ticker": "KXHIGHMIA-24DEC08-B75.5",
            "count": 1,
            "created_time": "2024-12-08T16:55:07.097157Z",
            "yes_price": 1,
            "no_price": 99,
            "taker_side": "yes"
        },
        {
            "trade_id": "f7f7ce40-d184-4561-bc38-f06fe8b02b69",
            "ticker": "KXHIGHMIA-24DEC08-B75.5",
            "count": 120,
            "created_time": "2024-12-08T16:52:08.70502Z",
            "yes_price": 1,
            "no_price": 99,
            "taker_side": "no"
        },
        {
            "trade_id": "ea093d17-d313-4c30-9ef0-d2100d7abe83",
            "ticker": "KXHIGHMIA-24DEC08-B75.5",
            "count": 120,
            "created_time": "2024-12-08T16:52:08.70502Z",
            "yes_price": 1,
            "no_price": 99,
            "taker_side": "no"
        },
        {
            "trade_id": "e44b54c4-2158-4bfa-9585-0ed10c36029f",
            "ticker": "KXHIGHMIA-24DEC08-B75.5",
            "count": 40,
            "created_time": "2024-12-08T16:52:08.70502Z",
            "yes_price": 1,
            "no_price": 99,
            "taker_side": "no"
        },
        {
            "trade_id": "cb720339-06a8-47b2-bbe0-8147f693a547",
            "ticker": "KXHIGHMIA-24DEC08-B75.5",
            "count": 120,
            "created_time": "2024-12-08T16:52:08.70502Z",
            "yes_price": 1,
            "no_price": 99,
            "taker_side": "no"
        },
        {
            "trade_id": "acbb0799-3e12-45f7-9e13-0e053adb10f5",
            "ticker": "KXHIGHMIA-24DEC08-B75.5",
            "count": 50,
            "created_time": "2024-12-08T16:52:08.70502Z",
            "yes_price": 1,
            "no_price": 99,
            "taker_side": "no"
        },
        {
            "trade_id": "8192138b-bf7d-4c93-ae60-2c4c4f37bf03",
            "ticker": "KXHIGHMIA-24DEC08-B75.5",
            "count": 120,
            "created_time": "2024-12-08T16:52:08.70502Z",
            "yes_price": 1,
            "no_price": 99,
            "taker_side": "no"
        },
        {
            "trade_id": "576e14fa-c5ec-418b-baf7-b008273edc8c",
            "ticker": "KXHIGHMIA-24DEC08-B75.5",
            "count": 84,
            "created_time": "2024-12-08T16:52:08.70502Z",
            "yes_price": 1,
            "no_price": 99,
            "taker_side": "no"
        },
        {
            "trade_id": "3aa72699-bff0-4b39-a409-9f97847e5fd1",
            "ticker": "KXHIGHMIA-24DEC08-B75.5",
            "count": 120,
            "created_time": "2024-12-08T16:52:08.70502Z",
            "yes_price": 1,
            "no_price": 99,
            "taker_side": "no"
        },
        {
            "trade_id": "2d427715-7c23-453d-8f9b-ab533989dea4",
            "ticker": "KXHIGHMIA-24DEC08-B75.5",
            "count": 40,
            "created_time": "2024-12-08T16:52:08.70502Z",
            "yes_price": 1,
            "no_price": 99,
            "taker_side": "no"
        },
        {
            "trade_id": "163339c1-1956-47b6-8531-442a0d7a6dfb",
            "ticker": "KXHIGHMIA-24DEC08-B75.5",
            "count": 180,
            "created_time": "2024-12-08T16:52:08.70502Z",
            "yes_price": 1,
            "no_price": 99,
            "taker_side": "no"
        },
        {
            "trade_id": "143deab2-2999-4945-865a-511c3c2e3955",
            "ticker": "KXHIGHMIA-24DEC08-B75.5",
            "count": 40,
            "created_time": "2024-12-08T16:52:08.70502Z",
            "yes_price": 1,
            "no_price": 99,
            "taker_side": "no"
        },
        {
            "trade_id": "06a1d07c-60ca-4668-a5a3-b3d6c0a4d03e",
            "ticker": "KXHIGHMIA-24DEC08-B75.5",
            "count": 40,
            "created_time": "2024-12-08T16:52:08.70502Z",
            "yes_price": 1,
            "no_price": 99,
            "taker_side": "no"
        },
        {
            "trade_id": "8e5dcd9e-c2ec-48c1-8f3e-eec997976d6f",
            "ticker": "KXHIGHMIA-24DEC08-B75.5",
            "count": 40,
            "created_time": "2024-12-08T16:51:56.939582Z",
            "yes_price": 2,
            "no_price": 98,
            "taker_side": "no"
        },
        {
            "trade_id": "c66e48cf-a8f8-400c-b1c2-358c81421fa6",
            "ticker": "KXHIGHMIA-24DEC08-B75.5",
            "count": 1,
            "created_time": "2024-12-08T16:50:03.025127Z",
            "yes_price": 7,
            "no_price": 93,
            "taker_side": "yes"
        },
        {
            "trade_id": "d54475d1-c9f7-4773-8ea7-f149e5cd4599",
            "ticker": "KXHIGHMIA-24DEC08-B75.5",
            "count": 40,
            "created_time": "2024-12-08T16:48:48.962569Z",
            "yes_price": 3,
            "no_price": 97,
            "taker_side": "no"
        },
        {
            "trade_id": "d2dd5215-104a-4ec8-beaf-d9e3c7edfcec",
            "ticker": "KXHIGHMIA-24DEC08-B75.5",
            "count": 40,
            "created_time": "2024-12-08T16:48:48.962569Z",
            "yes_price": 3,
            "no_price": 97,
            "taker_side": "no"
        },
        {
            "trade_id": "84f6381a-4d06-47b1-9919-83137feac896",
            "ticker": "KXHIGHMIA-24DEC08-B75.5",
            "count": 175,
            "created_time": "2024-12-08T16:48:48.962569Z",
            "yes_price": 2,
            "no_price": 98,
            "taker_side": "no"
        },
        {
            "trade_id": "6224aac3-dc9e-4626-b5a4-58d067509aa1",
            "ticker": "KXHIGHMIA-24DEC08-B75.5",
            "count": 40,
            "created_time": "2024-12-08T16:48:48.962569Z",
            "yes_price": 3,
            "no_price": 97,
            "taker_side": "no"
        },
        {
            "trade_id": "4e5bd6f0-77ce-440f-8d50-57c9109c2990",
            "ticker": "KXHIGHMIA-24DEC08-B75.5",
            "count": 500,
            "created_time": "2024-12-08T16:48:48.962569Z",
            "yes_price": 2,
            "no_price": 98,
            "taker_side": "no"
        },
        {
            "trade_id": "42bfdd11-4c76-4c16-9141-248362da57ef",
            "ticker": "KXHIGHMIA-24DEC08-B75.5",
            "count": 40,
            "created_time": "2024-12-08T16:48:48.962569Z",
            "yes_price": 3,
            "no_price": 97,
            "taker_side": "no"
        },
        {
            "trade_id": "d45bcbfe-8773-4f76-995d-150ffb9e40a7",
            "ticker": "KXHIGHMIA-24DEC08-B75.5",
            "count": 1,
            "created_time": "2024-12-08T16:44:58.43557Z",
            "yes_price": 8,
            "no_price": 92,
            "taker_side": "yes"
        },
        {
            "trade_id": "a8477b74-7039-4112-9a26-9d33cb2aca47",
            "ticker": "KXHIGHMIA-24DEC08-B75.5",
            "count": 1,
            "created_time": "2024-12-08T16:39:54.496564Z",
            "yes_price": 8,
            "no_price": 92,
            "taker_side": "yes"
        },
        {
            "trade_id": "f7e3c9c0-207f-4086-b5ef-cb72993e79ff",
            "ticker": "KXHIGHMIA-24DEC08-B75.5",
            "count": 1,
            "created_time": "2024-12-08T16:34:50.654142Z",
            "yes_price": 11,
            "no_price": 89,
            "taker_side": "yes"
        },
        {
            "trade_id": "f70f469a-8ca4-473a-a482-a582f3f01829",
            "ticker": "KXHIGHMIA-24DEC08-B75.5",
            "count": 25,
            "created_time": "2024-12-08T16:31:34.262165Z",
            "yes_price": 14,
            "no_price": 86,
            "taker_side": "yes"
        },
        {
            "trade_id": "f39ede34-53c4-4309-b875-12a548e94793",
            "ticker": "KXHIGHMIA-24DEC08-B75.5",
            "count": 25,
            "created_time": "2024-12-08T16:31:34.262165Z",
            "yes_price": 16,
            "no_price": 84,
            "taker_side": "yes"
        },
        {
            "trade_id": "ea4291a5-1ef0-465f-b74a-7f75ea95a669",
            "ticker": "KXHIGHMIA-24DEC08-B75.5",
            "count": 25,
            "created_time": "2024-12-08T16:31:34.262165Z",
            "yes_price": 15,
            "no_price": 85,
            "taker_side": "yes"
        },
        {
            "trade_id": "e9e84f97-9520-4fa7-ae23-23e06482343a",
            "ticker": "KXHIGHMIA-24DEC08-B75.5",
            "count": 25,
            "created_time": "2024-12-08T16:31:34.262165Z",
            "yes_price": 13,
            "no_price": 87,
            "taker_side": "yes"
        },
        {
            "trade_id": "e8b627b5-7ee3-48f7-a384-fae5ac011c7a",
            "ticker": "KXHIGHMIA-24DEC08-B75.5",
            "count": 18,
            "created_time": "2024-12-08T16:31:34.262165Z",
            "yes_price": 7,
            "no_price": 93,
            "taker_side": "yes"
        },
        {
            "trade_id": "a08fa9dc-52b1-48d0-9971-7545ce3b1c59",
            "ticker": "KXHIGHMIA-24DEC08-B75.5",
            "count": 25,
            "created_time": "2024-12-08T16:31:34.262165Z",
            "yes_price": 11,
            "no_price": 89,
            "taker_side": "yes"
        },
        {
            "trade_id": "53e8443e-fad3-4a26-950e-94295583e5c4",
            "ticker": "KXHIGHMIA-24DEC08-B75.5",
            "count": 30,
            "created_time": "2024-12-08T16:31:34.262165Z",
            "yes_price": 18,
            "no_price": 82,
            "taker_side": "yes"
        },
        {
            "trade_id": "3001a567-0e1c-4e81-927f-cf864decb52a",
            "ticker": "KXHIGHMIA-24DEC08-B75.5",
            "count": 25,
            "created_time": "2024-12-08T16:31:34.262165Z",
            "yes_price": 9,
            "no_price": 91,
            "taker_side": "yes"
        },
        {
            "trade_id": "21577e0d-ba24-484f-8bcb-a175f75bd62c",
            "ticker": "KXHIGHMIA-24DEC08-B75.5",
            "count": 25,
            "created_time": "2024-12-08T16:31:34.262165Z",
            "yes_price": 12,
            "no_price": 88,
            "taker_side": "yes"
        },
        {
            "trade_id": "2090a202-9c3a-4fe7-888b-10548302106f",
            "ticker": "KXHIGHMIA-24DEC08-B75.5",
            "count": 25,
            "created_time": "2024-12-08T16:31:34.262165Z",
            "yes_price": 17,
            "no_price": 83,
            "taker_side": "yes"
        },
        {
            "trade_id": "1562a921-b02b-48a1-a61c-18a05aff9d71",
            "ticker": "KXHIGHMIA-24DEC08-B75.5",
            "count": 25,
            "created_time": "2024-12-08T16:31:34.262165Z",
            "yes_price": 10,
            "no_price": 90,
            "taker_side": "yes"
        },
        {
            "trade_id": "0f30acf9-a870-4f11-9a5f-46bff7638d18",
            "ticker": "KXHIGHMIA-24DEC08-B75.5",
            "count": 65,
            "created_time": "2024-12-08T16:31:34.262165Z",
            "yes_price": 17,
            "no_price": 83,
            "taker_side": "yes"
        },
        {
            "trade_id": "5aab2685-4cf8-453f-80cf-ae9a51478b9d",
            "ticker": "KXHIGHMIA-24DEC08-B75.5",
            "count": 1,
            "created_time": "2024-12-08T16:29:46.956104Z",
            "yes_price": 7,
            "no_price": 93,
            "taker_side": "yes"
        },
        {
            "trade_id": "93464e6f-ef48-4d46-8a6d-a43a9428ead7",
            "ticker": "KXHIGHMIA-24DEC08-B75.5",
            "count": 11,
            "created_time": "2024-12-08T16:27:14.290475Z",
            "yes_price": 4,
            "no_price": 96,
            "taker_side": "no"
        },
        {
            "trade_id": "144696b8-e888-44af-806f-9bf6779c1540",
            "ticker": "KXHIGHMIA-24DEC08-B75.5",
            "count": 49,
            "created_time": "2024-12-08T16:27:10.304513Z",
            "yes_price": 4,
            "no_price": 96,
            "taker_side": "no"
        },
        {
            "trade_id": "adeb5cd4-7ee9-429c-bf1b-48b7bcc0e748",
            "ticker": "KXHIGHMIA-24DEC08-B75.5",
            "count": 1,
            "created_time": "2024-12-08T16:24:40.58077Z",
            "yes_price": 7,
            "no_price": 93,
            "taker_side": "yes"
        },
        {
            "trade_id": "d0613729-1ce5-47e4-9d01-b81bae954fa4",
            "ticker": "KXHIGHMIA-24DEC08-B75.5",
            "count": 1,
            "created_time": "2024-12-08T16:19:36.365668Z",
            "yes_price": 8,
            "no_price": 92,
            "taker_side": "yes"
        },
        {
            "trade_id": "837f4c0f-b9eb-49b6-95e8-22373131d7b4",
            "ticker": "KXHIGHMIA-24DEC08-B75.5",
            "count": 5,
            "created_time": "2024-12-08T16:18:35.050403Z",
            "yes_price": 4,
            "no_price": 96,
            "taker_side": "no"
        },
        {
            "trade_id": "fd86ea0e-c81c-41b7-9319-99e874750c39",
            "ticker": "KXHIGHMIA-24DEC08-B75.5",
            "count": 5,
            "created_time": "2024-12-08T16:18:20.611835Z",
            "yes_price": 6,
            "no_price": 94,
            "taker_side": "yes"
        },
        {
            "trade_id": "971a80bb-88ac-4f01-a537-1c241142a080",
            "ticker": "KXHIGHMIA-24DEC08-B75.5",
            "count": 28,
            "created_time": "2024-12-08T16:18:20.611835Z",
            "yes_price": 8,
            "no_price": 92,
            "taker_side": "yes"
        },
        {
            "trade_id": "5aebc696-b0ad-4b84-8bc8-82dc25bd4315",
            "ticker": "KXHIGHMIA-24DEC08-B75.5",
            "count": 26,
            "created_time": "2024-12-08T16:18:20.611835Z",
            "yes_price": 8,
            "no_price": 92,
            "taker_side": "yes"
        },
        {
            "trade_id": "4bbefef4-766f-46fa-b9ed-ce6e27d8608a",
            "ticker": "KXHIGHMIA-24DEC08-B75.5",
            "count": 6,
            "created_time": "2024-12-08T16:16:06.962969Z",
            "yes_price": 6,
            "no_price": 94,
            "taker_side": "yes"
        },
        {
            "trade_id": "b05b4c1a-dc42-4a85-937d-ba695fd9d548",
            "ticker": "KXHIGHMIA-24DEC08-B75.5",
            "count": 1,
            "created_time": "2024-12-08T16:14:32.440141Z",
            "yes_price": 6,
            "no_price": 94,
            "taker_side": "yes"
        },
        {
            "trade_id": "0b45d957-4cba-445e-89bc-8df5dcdda3c7",
            "ticker": "KXHIGHMIA-24DEC08-B75.5",
            "count": 20,
            "created_time": "2024-12-08T16:11:22.853316Z",
            "yes_price": 5,
            "no_price": 95,
            "taker_side": "yes"
        },
        {
            "trade_id": "e4f55b5b-f8a3-4709-b2ed-46798b538bd5",
            "ticker": "KXHIGHMIA-24DEC08-B75.5",
            "count": 20,
            "created_time": "2024-12-08T16:09:50.559329Z",
            "yes_price": 4,
            "no_price": 96,
            "taker_side": "yes"
        },
        {
            "trade_id": "5a8137e6-5f82-41ac-849f-0482435c0ee1",
            "ticker": "KXHIGHMIA-24DEC08-B75.5",
            "count": 1,
            "created_time": "2024-12-08T16:09:27.868733Z",
            "yes_price": 7,
            "no_price": 93,
            "taker_side": "yes"
        },
        {
            "trade_id": "3f28976f-cd1f-4b29-b00e-86fd29635bfc",
            "ticker": "KXHIGHMIA-24DEC08-B75.5",
            "count": 1,
            "created_time": "2024-12-08T16:04:23.454621Z",
            "yes_price": 7,
            "no_price": 93,
            "taker_side": "yes"
        },
        {
            "trade_id": "085ddaf1-b516-4c1a-a7f7-459878184a07",
            "ticker": "KXHIGHMIA-24DEC08-B75.5",
            "count": 1,
            "created_time": "2024-12-08T15:59:19.760663Z",
            "yes_price": 7,
            "no_price": 93,
            "taker_side": "yes"
        },
        {
            "trade_id": "34e104fe-8ad5-4e49-8884-aeb3c57757cd",
            "ticker": "KXHIGHMIA-24DEC08-B75.5",
            "count": 1,
            "created_time": "2024-12-08T15:54:15.427146Z",
            "yes_price": 7,
            "no_price": 93,
            "taker_side": "yes"
        },
        {
            "trade_id": "2f83db8b-5042-4771-b92f-7201bd7ea6a3",
            "ticker": "KXHIGHMIA-24DEC08-B75.5",
            "count": 1,
            "created_time": "2024-12-08T15:49:11.383447Z",
            "yes_price": 8,
            "no_price": 92,
            "taker_side": "yes"
        },
        {
            "trade_id": "b9085e3a-3eba-4698-ad39-38adf0645f28",
            "ticker": "KXHIGHMIA-24DEC08-B75.5",
            "count": 25,
            "created_time": "2024-12-08T15:48:10.890861Z",
            "yes_price": 7,
            "no_price": 93,
            "taker_side": "yes"
        },
        {
            "trade_id": "a580289a-0890-4331-aa30-5eeb5656793a",
            "ticker": "KXHIGHMIA-24DEC08-B75.5",
            "count": 30,
            "created_time": "2024-12-08T15:48:10.890861Z",
            "yes_price": 8,
            "no_price": 92,
            "taker_side": "yes"
        },
        {
            "trade_id": "87ccb985-62cd-48cf-85be-3e280a7450b3",
            "ticker": "KXHIGHMIA-24DEC08-B75.5",
            "count": 25,
            "created_time": "2024-12-08T15:48:10.890861Z",
            "yes_price": 7,
            "no_price": 93,
            "taker_side": "yes"
        },
        {
            "trade_id": "84bb2787-49ef-4051-84f9-a7e8c4299bcd",
            "ticker": "KXHIGHMIA-24DEC08-B75.5",
            "count": 24,
            "created_time": "2024-12-08T15:48:10.890861Z",
            "yes_price": 6,
            "no_price": 94,
            "taker_side": "yes"
        },
        {
            "trade_id": "3eb6c7bb-17e7-421e-ac98-d99c36b51b42",
            "ticker": "KXHIGHMIA-24DEC08-B75.5",
            "count": 25,
            "created_time": "2024-12-08T15:48:10.890861Z",
            "yes_price": 8,
            "no_price": 92,
            "taker_side": "yes"
        },
        {
            "trade_id": "13afb803-924d-4ca2-ba26-b5b6d62f96eb",
            "ticker": "KXHIGHMIA-24DEC08-B75.5",
            "count": 1,
            "created_time": "2024-12-08T15:44:06.748237Z",
            "yes_price": 6,
            "no_price": 94,
            "taker_side": "yes"
        },
        {
            "trade_id": "2ba05df6-e348-4926-a022-232cec1b8146",
            "ticker": "KXHIGHMIA-24DEC08-B75.5",
            "count": 1,
            "created_time": "2024-12-08T15:32:08.492166Z",
            "yes_price": 3,
            "no_price": 97,
            "taker_side": "no"
        },
        {
            "trade_id": "ae8c1bea-dac3-4d3c-a286-b2bb21e729cc",
            "ticker": "KXHIGHMIA-24DEC08-B75.5",
            "count": 1,
            "created_time": "2024-12-08T15:31:22.458355Z",
            "yes_price": 3,
            "no_price": 97,
            "taker_side": "no"
        },
        {
            "trade_id": "6f85d025-7dc6-48af-9bc6-af3ac19839b5",
            "ticker": "KXHIGHMIA-24DEC08-B75.5",
            "count": 33,
            "created_time": "2024-12-08T15:26:15.131031Z",
            "yes_price": 3,
            "no_price": 97,
            "taker_side": "no"
        },
        {
            "trade_id": "7c75e6a0-6c4c-43e8-bf93-08e8a4d9069c",
            "ticker": "KXHIGHMIA-24DEC08-B75.5",
            "count": 25,
            "created_time": "2024-12-08T15:23:46.571203Z",
            "yes_price": 3,
            "no_price": 97,
            "taker_side": "no"
        },
        {
            "trade_id": "1537725f-fc05-4a85-ae16-eb26a656b984",
            "ticker": "KXHIGHMIA-24DEC08-B75.5",
            "count": 36,
            "created_time": "2024-12-08T15:22:38.630576Z",
            "yes_price": 3,
            "no_price": 97,
            "taker_side": "no"
        },
        {
            "trade_id": "471b9c11-7695-474d-a026-4e2cfbf9c263",
            "ticker": "KXHIGHMIA-24DEC08-B75.5",
            "count": 84,
            "created_time": "2024-12-08T15:18:27.623266Z",
            "yes_price": 4,
            "no_price": 96,
            "taker_side": "no"
        },
        {
            "trade_id": "b00f2b0d-04f0-4812-b818-10091ff9b05a",
            "ticker": "KXHIGHMIA-24DEC08-B75.5",
            "count": 64,
            "created_time": "2024-12-08T15:10:22.429597Z",
            "yes_price": 5,
            "no_price": 95,
            "taker_side": "no"
        },
        {
            "trade_id": "47089b24-5e0e-4ef7-86d6-c0f8d616cbf5",
            "ticker": "KXHIGHMIA-24DEC08-B75.5",
            "count": 65,
            "created_time": "2024-12-08T15:10:22.429597Z",
            "yes_price": 3,
            "no_price": 97,
            "taker_side": "no"
        },
        {
            "trade_id": "4aabce00-c086-45d4-97c5-704d8b41643c",
            "ticker": "KXHIGHMIA-24DEC08-B75.5",
            "count": 118,
            "created_time": "2024-12-08T15:00:46.843283Z",
            "yes_price": 7,
            "no_price": 93,
            "taker_side": "no"
        },
        {
            "trade_id": "f0bd4142-c2c4-4798-9ce8-129bbb6a6b13",
            "ticker": "KXHIGHMIA-24DEC08-B75.5",
            "count": 115,
            "created_time": "2024-12-08T15:00:34.034407Z",
            "yes_price": 23,
            "no_price": 77,
            "taker_side": "yes"
        },
        {
            "trade_id": "e10fbf82-1645-48cd-bc2d-65a90e058158",
            "ticker": "KXHIGHMIA-24DEC08-B75.5",
            "count": 25,
            "created_time": "2024-12-08T15:00:34.034407Z",
            "yes_price": 13,
            "no_price": 87,
            "taker_side": "yes"
        },
        {
            "trade_id": "d7f9f898-19ff-4a2e-8e1d-1659817d25df",
            "ticker": "KXHIGHMIA-24DEC08-B75.5",
            "count": 25,
            "created_time": "2024-12-08T15:00:34.034407Z",
            "yes_price": 20,
            "no_price": 80,
            "taker_side": "yes"
        },
        {
            "trade_id": "d77ae5da-1cb4-4f39-9300-bb50f6a40e90",
            "ticker": "KXHIGHMIA-24DEC08-B75.5",
            "count": 25,
            "created_time": "2024-12-08T15:00:34.034407Z",
            "yes_price": 15,
            "no_price": 85,
            "taker_side": "yes"
        },
        {
            "trade_id": "d525f01a-bf8f-440c-9b9d-18ae3fde1d8b",
            "ticker": "KXHIGHMIA-24DEC08-B75.5",
            "count": 25,
            "created_time": "2024-12-08T15:00:34.034407Z",
            "yes_price": 16,
            "no_price": 84,
            "taker_side": "yes"
        },
        {
            "trade_id": "b0efbece-bb4a-48b6-a8ba-06956cf0f512",
            "ticker": "KXHIGHMIA-24DEC08-B75.5",
            "count": 100,
            "created_time": "2024-12-08T15:00:34.034407Z",
            "yes_price": 12,
            "no_price": 88,
            "taker_side": "yes"
        },
        {
            "trade_id": "891a2753-dd12-41cb-a0e6-32c95b4562fb",
            "ticker": "KXHIGHMIA-24DEC08-B75.5",
            "count": 24,
            "created_time": "2024-12-08T15:00:34.034407Z",
            "yes_price": 11,
            "no_price": 89,
            "taker_side": "yes"
        },
        {
            "trade_id": "7081e0cc-e977-49b2-8662-45490dd87cde",
            "ticker": "KXHIGHMIA-24DEC08-B75.5",
            "count": 25,
            "created_time": "2024-12-08T15:00:34.034407Z",
            "yes_price": 17,
            "no_price": 83,
            "taker_side": "yes"
        },
        {
            "trade_id": "56d76498-cdc3-4548-a572-d4ac70f791bd",
            "ticker": "KXHIGHMIA-24DEC08-B75.5",
            "count": 25,
            "created_time": "2024-12-08T15:00:34.034407Z",
            "yes_price": 12,
            "no_price": 88,
            "taker_side": "yes"
        },
        {
            "trade_id": "4d8f3fb7-1f58-426c-80f2-b6eb444b33c4",
            "ticker": "KXHIGHMIA-24DEC08-B75.5",
            "count": 25,
            "created_time": "2024-12-08T15:00:34.034407Z",
            "yes_price": 14,
            "no_price": 86,
            "taker_side": "yes"
        },
        {
            "trade_id": "2bd66b86-a68d-44bd-a378-ab960eea3330",
            "ticker": "KXHIGHMIA-24DEC08-B75.5",
            "count": 110,
            "created_time": "2024-12-08T15:00:34.034407Z",
            "yes_price": 20,
            "no_price": 80,
            "taker_side": "yes"
        },
        {
            "trade_id": "07733f32-ba06-402e-a6fa-ed2e288ee459",
            "ticker": "KXHIGHMIA-24DEC08-B75.5",
            "count": 25,
            "created_time": "2024-12-08T15:00:34.034407Z",
            "yes_price": 18,
            "no_price": 82,
            "taker_side": "yes"
        },
        {
            "trade_id": "ff22f341-6c16-470b-a6cb-4e1072254323",
            "ticker": "KXHIGHMIA-24DEC08-B75.5",
            "count": 3,
            "created_time": "2024-12-08T14:57:55.402722Z",
            "yes_price": 7,
            "no_price": 93,
            "taker_side": "no"
        },
        {
            "trade_id": "827e57ff-8e64-4fa5-be88-0d45a066cafd",
            "ticker": "KXHIGHMIA-24DEC08-B75.5",
            "count": 1,
            "created_time": "2024-12-08T14:57:30.974427Z",
            "yes_price": 11,
            "no_price": 89,
            "taker_side": "yes"
        },
        {
            "trade_id": "dd06f15b-a374-4c0a-9fbe-b5f4ffa78665",
            "ticker": "KXHIGHMIA-24DEC08-B75.5",
            "count": 8,
            "created_time": "2024-12-08T14:56:03.902582Z",
            "yes_price": 7,
            "no_price": 93,
            "taker_side": "no"
        },
        {
            "trade_id": "f5d55f69-8e32-407d-98fc-b65e0a53820d",
            "ticker": "KXHIGHMIA-24DEC08-B75.5",
            "count": 1,
            "created_time": "2024-12-08T14:54:34.927152Z",
            "yes_price": 7,
            "no_price": 93,
            "taker_side": "no"
        },
        {
            "trade_id": "08f8dab5-8199-4692-b81e-816ab9a984b3",
            "ticker": "KXHIGHMIA-24DEC08-B75.5",
            "count": 16,
            "created_time": "2024-12-08T14:51:26.714479Z",
            "yes_price": 7,
            "no_price": 93,
            "taker_side": "no"
        },
        {
            "trade_id": "c6ebb6c2-66b3-4fef-90d0-461d815bb6a8",
            "ticker": "KXHIGHMIA-24DEC08-B75.5",
            "count": 5,
            "created_time": "2024-12-08T14:45:20.492429Z",
            "yes_price": 7,
            "no_price": 93,
            "taker_side": "no"
        },
        {
            "trade_id": "e8080624-892e-4c87-b526-54aad483e44a",
            "ticker": "KXHIGHMIA-24DEC08-B75.5",
            "count": 114,
            "created_time": "2024-12-08T14:43:15.440593Z",
            "yes_price": 9,
            "no_price": 91,
            "taker_side": "no"
        },
        {
            "trade_id": "61051433-208e-4821-ab3f-c1e2d035313b",
            "ticker": "KXHIGHMIA-24DEC08-B75.5",
            "count": 99,
            "created_time": "2024-12-08T14:43:15.440593Z",
            "yes_price": 7,
            "no_price": 93,
            "taker_side": "no"
        },
        {
            "trade_id": "aee0fbf8-164b-400c-8317-b2023057a3bc",
            "ticker": "KXHIGHMIA-24DEC08-B75.5",
            "count": 16,
            "created_time": "2024-12-08T14:43:01.537736Z",
            "yes_price": 9,
            "no_price": 91,
            "taker_side": "no"
        },
        {
            "trade_id": "1b650a15-254a-4f10-b313-2757a55f1b3f",
            "ticker": "KXHIGHMIA-24DEC08-B75.5",
            "count": 17,
            "created_time": "2024-12-08T14:35:45.231838Z",
            "yes_price": 9,
            "no_price": 91,
            "taker_side": "no"
        },
        {
            "trade_id": "3de1f2e2-d05c-4307-9ddd-18eea8e9bd50",
            "ticker": "KXHIGHMIA-24DEC08-B75.5",
            "count": 1,
            "created_time": "2024-12-08T14:25:09.034022Z",
            "yes_price": 11,
            "no_price": 89,
            "taker_side": "no"
        },
        {
            "trade_id": "cc75b248-40d4-4e23-a61a-96e91615af96",
            "ticker": "KXHIGHMIA-24DEC08-B75.5",
            "count": 25,
            "created_time": "2024-12-08T14:20:05.568002Z",
            "yes_price": 18,
            "no_price": 82,
            "taker_side": "yes"
        },
        {
            "trade_id": "aedf1dc7-b973-4ee7-a4a3-f14855fef748",
            "ticker": "KXHIGHMIA-24DEC08-B75.5",
            "count": 8,
            "created_time": "2024-12-08T14:20:05.568002Z",
            "yes_price": 14,
            "no_price": 86,
            "taker_side": "yes"
        },
        {
            "trade_id": "acab8256-6737-4ec5-a485-3ec755d3f695",
            "ticker": "KXHIGHMIA-24DEC08-B75.5",
            "count": 25,
            "created_time": "2024-12-08T14:20:05.568002Z",
            "yes_price": 17,
            "no_price": 83,
            "taker_side": "yes"
        },
        {
            "trade_id": "8e9ce2dd-37f3-414a-9852-35d62be0f297",
            "ticker": "KXHIGHMIA-24DEC08-B75.5",
            "count": 25,
            "created_time": "2024-12-08T14:20:05.568002Z",
            "yes_price": 13,
            "no_price": 87,
            "taker_side": "yes"
        },
        {
            "trade_id": "6a5c3a86-416a-40ba-8f36-baa517f4fd35",
            "ticker": "KXHIGHMIA-24DEC08-B75.5",
            "count": 25,
            "created_time": "2024-12-08T14:20:05.568002Z",
            "yes_price": 15,
            "no_price": 85,
            "taker_side": "yes"
        },
        {
            "trade_id": "50dcdcfc-de91-438e-89bb-93c768b5d168",
            "ticker": "KXHIGHMIA-24DEC08-B75.5",
            "count": 25,
            "created_time": "2024-12-08T14:20:05.568002Z",
            "yes_price": 14,
            "no_price": 86,
            "taker_side": "yes"
        },
        {
            "trade_id": "4b1e8384-23f2-4675-864d-632c0760310d",
            "ticker": "KXHIGHMIA-24DEC08-B75.5",
            "count": 25,
            "created_time": "2024-12-08T14:20:05.568002Z",
            "yes_price": 16,
            "no_price": 84,
            "taker_side": "yes"
        },
        {
            "trade_id": "1c457ac1-55c5-43c8-a1d2-1534589bc80d",
            "ticker": "KXHIGHMIA-24DEC08-B75.5",
            "count": 90,
            "created_time": "2024-12-08T14:20:05.568002Z",
            "yes_price": 20,
            "no_price": 80,
            "taker_side": "yes"
        },
        {
            "trade_id": "17c67e88-034e-4a32-b4da-bf714e18df92",
            "ticker": "KXHIGHMIA-24DEC08-B75.5",
            "count": 25,
            "created_time": "2024-12-08T14:20:05.568002Z",
            "yes_price": 19,
            "no_price": 81,
            "taker_side": "yes"
        },
        {
            "trade_id": "6143349d-0501-4c55-a985-1d7963d2c17b",
            "ticker": "KXHIGHMIA-24DEC08-B75.5",
            "count": 25,
            "created_time": "2024-12-08T14:06:30.939116Z",
            "yes_price": 14,
            "no_price": 86,
            "taker_side": "yes"
        },
        {
            "trade_id": "762aeb07-5fca-453b-9201-a9e4a009e0a4",
            "ticker": "KXHIGHMIA-24DEC08-B75.5",
            "count": 25,
            "created_time": "2024-12-08T14:06:30.898453Z",
            "yes_price": 13,
            "no_price": 87,
            "taker_side": "yes"
        },
        {
            "trade_id": "e16a2839-d1b0-4fbf-9751-8071c5f39fc6",
            "ticker": "KXHIGHMIA-24DEC08-B75.5",
            "count": 20,
            "created_time": "2024-12-08T14:06:30.84749Z",
            "yes_price": 11,
            "no_price": 89,
            "taker_side": "yes"
        },
        {
            "trade_id": "4b8344f4-6644-4a90-af9d-cbb8ef6f280b",
            "ticker": "KXHIGHMIA-24DEC08-B75.5",
            "count": 25,
            "created_time": "2024-12-08T14:06:30.84749Z",
            "yes_price": 11,
            "no_price": 89,
            "taker_side": "yes"
        },
        {
            "trade_id": "03c80ec2-8673-49a8-aff4-b0173c487a9b",
            "ticker": "KXHIGHMIA-24DEC08-B75.5",
            "count": 2,
            "created_time": "2024-12-08T14:06:30.84749Z",
            "yes_price": 12,
            "no_price": 88,
            "taker_side": "yes"
        },
        {
            "trade_id": "ca3418e9-b250-4ac2-ba18-7107a3c91e4d",
            "ticker": "KXHIGHMIA-24DEC08-B75.5",
            "count": 3,
            "created_time": "2024-12-08T14:04:41.411239Z",
            "yes_price": 9,
            "no_price": 91,
            "taker_side": "no"
        },
        {
            "trade_id": "17504517-41c4-4918-87f4-d5876e62a71f",
            "ticker": "KXHIGHMIA-24DEC08-B75.5",
            "count": 100,
            "created_time": "2024-12-08T13:55:14.555885Z",
            "yes_price": 10,
            "no_price": 90,
            "taker_side": "no"
        },
        {
            "trade_id": "bcea0a23-0c94-4473-b379-aebd2b76daa3",
            "ticker": "KXHIGHMIA-24DEC08-B75.5",
            "count": 23,
            "created_time": "2024-12-08T13:40:48.386053Z",
            "yes_price": 12,
            "no_price": 88,
            "taker_side": "yes"
        },
        {
            "trade_id": "e85c4669-be83-4a1d-8fda-a446b7743375",
            "ticker": "KXHIGHMIA-24DEC08-B75.5",
            "count": 11,
            "created_time": "2024-12-08T13:09:43.297635Z",
            "yes_price": 11,
            "no_price": 89,
            "taker_side": "no"
        },
        {
            "trade_id": "95a23a0c-3452-475b-895b-79425a6f43b2",
            "ticker": "KXHIGHMIA-24DEC08-B75.5",
            "count": 180,
            "created_time": "2024-12-08T13:08:43.791007Z",
            "yes_price": 12,
            "no_price": 88,
            "taker_side": "no"
        },
        {
            "trade_id": "999801da-4257-4e40-a960-6a4f6bdf9729",
            "ticker": "KXHIGHMIA-24DEC08-B75.5",
            "count": 99,
            "created_time": "2024-12-08T13:00:07.281548Z",
            "yes_price": 15,
            "no_price": 85,
            "taker_side": "yes"
        },
        {
            "trade_id": "6035d935-7776-49a9-b1a9-dfa1965d4ff5",
            "ticker": "KXHIGHMIA-24DEC08-B75.5",
            "count": 1,
            "created_time": "2024-12-08T07:56:59.542672Z",
            "yes_price": 13,
            "no_price": 87,
            "taker_side": "yes"
        },
        {
            "trade_id": "f5297203-4c81-4f73-9ff2-bd46a47e61ab",
            "ticker": "KXHIGHMIA-24DEC08-B75.5",
            "count": 1,
            "created_time": "2024-12-08T07:51:54.848885Z",
            "yes_price": 13,
            "no_price": 87,
            "taker_side": "yes"
        },
        {
            "trade_id": "cba4bea4-bda1-4e2f-a960-04415eb35591",
            "ticker": "KXHIGHMIA-24DEC08-B75.5",
            "count": 1,
            "created_time": "2024-12-08T07:46:50.313972Z",
            "yes_price": 14,
            "no_price": 86,
            "taker_side": "yes"
        },
        {
            "trade_id": "00e08942-510c-4e85-a856-072bb6e64881",
            "ticker": "KXHIGHMIA-24DEC08-B75.5",
            "count": 1,
            "created_time": "2024-12-08T07:41:45.041452Z",
            "yes_price": 14,
            "no_price": 86,
            "taker_side": "yes"
        },
        {
            "trade_id": "660a9f1a-a3d0-4455-a7db-2deb1c23997b",
            "ticker": "KXHIGHMIA-24DEC08-B75.5",
            "count": 16,
            "created_time": "2024-12-08T07:41:06.590275Z",
            "yes_price": 13,
            "no_price": 87,
            "taker_side": "no"
        },
        {
            "trade_id": "9d210fda-79d6-445a-aae7-fed8d77aa000",
            "ticker": "KXHIGHMIA-24DEC08-B75.5",
            "count": 152,
            "created_time": "2024-12-08T07:37:21.089571Z",
            "yes_price": 14,
            "no_price": 86,
            "taker_side": "yes"
        },
        {
            "trade_id": "0928e0c3-6efd-4d1f-b45f-b72872b27e67",
            "ticker": "KXHIGHMIA-24DEC08-B75.5",
            "count": 1,
            "created_time": "2024-12-08T07:36:40.434153Z",
            "yes_price": 14,
            "no_price": 86,
            "taker_side": "yes"
        },
        {
            "trade_id": "e053f39d-e32f-45cd-adb3-3ca3c7300a08",
            "ticker": "KXHIGHMIA-24DEC08-B75.5",
            "count": 1,
            "created_time": "2024-12-08T07:31:35.609292Z",
            "yes_price": 14,
            "no_price": 86,
            "taker_side": "yes"
        },
        {
            "trade_id": "2bc79171-d5a4-4980-a34a-46f1210df7e7",
            "ticker": "KXHIGHMIA-24DEC08-B75.5",
            "count": 16,
            "created_time": "2024-12-08T07:30:44.266495Z",
            "yes_price": 10,
            "no_price": 90,
            "taker_side": "yes"
        },
        {
            "trade_id": "1e3bf58a-5d9d-4bb9-89fe-c08922f3c355",
            "ticker": "KXHIGHMIA-24DEC08-B75.5",
            "count": 24,
            "created_time": "2024-12-08T07:29:55.225565Z",
            "yes_price": 10,
            "no_price": 90,
            "taker_side": "no"
        },
        {
            "trade_id": "90dfb30a-a4cc-4dd7-a0f4-965ff8b172a2",
            "ticker": "KXHIGHMIA-24DEC08-B75.5",
            "count": 1,
            "created_time": "2024-12-08T07:26:30.101399Z",
            "yes_price": 14,
            "no_price": 86,
            "taker_side": "yes"
        },
        {
            "trade_id": "4cafccf6-83cd-4522-9a9d-76a5104e0929",
            "ticker": "KXHIGHMIA-24DEC08-B75.5",
            "count": 1,
            "created_time": "2024-12-08T07:21:25.557106Z",
            "yes_price": 13,
            "no_price": 87,
            "taker_side": "yes"
        },
        {
            "trade_id": "0935c380-c701-4dfe-8320-87b6fe73aca1",
            "ticker": "KXHIGHMIA-24DEC08-B75.5",
            "count": 1,
            "created_time": "2024-12-08T07:16:20.80993Z",
            "yes_price": 13,
            "no_price": 87,
            "taker_side": "yes"
        },
        {
            "trade_id": "86719944-1b8b-458b-8172-0f5e4362f94a",
            "ticker": "KXHIGHMIA-24DEC08-B75.5",
            "count": 1,
            "created_time": "2024-12-08T07:11:16.153546Z",
            "yes_price": 13,
            "no_price": 87,
            "taker_side": "yes"
        },
        {
            "trade_id": "852c0297-4008-4485-b90e-ae7e456cdcde",
            "ticker": "KXHIGHMIA-24DEC08-B75.5",
            "count": 300,
            "created_time": "2024-12-08T07:06:44.546939Z",
            "yes_price": 10,
            "no_price": 90,
            "taker_side": "no"
        },
        {
            "trade_id": "73d11b9f-2c82-456e-b616-924fc66b4380",
            "ticker": "KXHIGHMIA-24DEC08-B75.5",
            "count": 1,
            "created_time": "2024-12-08T07:06:10.005092Z",
            "yes_price": 15,
            "no_price": 85,
            "taker_side": "yes"
        },
        {
            "trade_id": "cdb03e7f-b9a2-4226-80f1-63fa0b0be0d9",
            "ticker": "KXHIGHMIA-24DEC08-B75.5",
            "count": 100,
            "created_time": "2024-12-08T07:04:51.765747Z",
            "yes_price": 10,
            "no_price": 90,
            "taker_side": "no"
        },
        {
            "trade_id": "5b12ff22-7894-4d8d-a837-13b23b22da5a",
            "ticker": "KXHIGHMIA-24DEC08-B75.5",
            "count": 24,
            "created_time": "2024-12-08T07:03:46.875301Z",
            "yes_price": 10,
            "no_price": 90,
            "taker_side": "no"
        },
        {
            "trade_id": "4a0900c3-27ee-4e1d-804e-6ad08cd78cc0",
            "ticker": "KXHIGHMIA-24DEC08-B75.5",
            "count": 76,
            "created_time": "2024-12-08T07:03:46.875301Z",
            "yes_price": 10,
            "no_price": 90,
            "taker_side": "no"
        },
        {
            "trade_id": "19c7d50a-631a-466e-8fa6-1cc3f4ea8043",
            "ticker": "KXHIGHMIA-24DEC08-B75.5",
            "count": 1,
            "created_time": "2024-12-08T07:01:06.215745Z",
            "yes_price": 17,
            "no_price": 83,
            "taker_side": "yes"
        },
        {
            "trade_id": "f2d2e761-a72e-443b-aea8-875d42cf96cc",
            "ticker": "KXHIGHMIA-24DEC08-B75.5",
            "count": 1,
            "created_time": "2024-12-08T06:56:01.649515Z",
            "yes_price": 16,
            "no_price": 84,
            "taker_side": "yes"
        },
        {
            "trade_id": "c06b222a-5ad3-4f5c-b2e8-ac7a67cf0685",
            "ticker": "KXHIGHMIA-24DEC08-B75.5",
            "count": 1,
            "created_time": "2024-12-08T06:50:56.819122Z",
            "yes_price": 16,
            "no_price": 84,
            "taker_side": "yes"
        },
        {
            "trade_id": "01f96f4e-f6b3-4fb8-8f31-1d6af05fbf6d",
            "ticker": "KXHIGHMIA-24DEC08-B75.5",
            "count": 1,
            "created_time": "2024-12-08T06:45:52.322287Z",
            "yes_price": 16,
            "no_price": 84,
            "taker_side": "yes"
        },
        {
            "trade_id": "808a3678-a5cd-4040-a6e6-0b813f6e5320",
            "ticker": "KXHIGHMIA-24DEC08-B75.5",
            "count": 1,
            "created_time": "2024-12-08T06:40:46.720763Z",
            "yes_price": 16,
            "no_price": 84,
            "taker_side": "yes"
        },
        {
            "trade_id": "fad32f15-d301-4020-a399-eac58fae6f28",
            "ticker": "KXHIGHMIA-24DEC08-B75.5",
            "count": 100,
            "created_time": "2024-12-08T06:39:24.802485Z",
            "yes_price": 15,
            "no_price": 85,
            "taker_side": "yes"
        },
        {
            "trade_id": "5e51afb4-3241-496a-bde3-7dfb4519ef32",
            "ticker": "KXHIGHMIA-24DEC08-B75.5",
            "count": 39,
            "created_time": "2024-12-08T06:39:24.802485Z",
            "yes_price": 15,
            "no_price": 85,
            "taker_side": "yes"
        },
        {
            "trade_id": "20fe0d65-72e2-409d-9ad3-7ed1c910eb65",
            "ticker": "KXHIGHMIA-24DEC08-B75.5",
            "count": 5,
            "created_time": "2024-12-08T06:39:24.802485Z",
            "yes_price": 15,
            "no_price": 85,
            "taker_side": "yes"
        },
        {
            "trade_id": "18e561cd-e4ee-4d2c-8aa6-d9e13b72fa45",
            "ticker": "KXHIGHMIA-24DEC08-B75.5",
            "count": 95,
            "created_time": "2024-12-08T06:39:24.802485Z",
            "yes_price": 15,
            "no_price": 85,
            "taker_side": "yes"
        },
        {
            "trade_id": "101e352f-d816-473d-b809-290a0ebfcd93",
            "ticker": "KXHIGHMIA-24DEC08-B75.5",
            "count": 1,
            "created_time": "2024-12-08T06:35:42.170657Z",
            "yes_price": 15,
            "no_price": 85,
            "taker_side": "yes"
        },
        {
            "trade_id": "32ba429a-6a87-404f-9088-437094597237",
            "ticker": "KXHIGHMIA-24DEC08-B75.5",
            "count": 1,
            "created_time": "2024-12-08T06:30:37.980541Z",
            "yes_price": 15,
            "no_price": 85,
            "taker_side": "yes"
        },
        {
            "trade_id": "8da978e2-5bcc-4918-aa13-d2645f19d073",
            "ticker": "KXHIGHMIA-24DEC08-B75.5",
            "count": 1,
            "created_time": "2024-12-08T06:25:33.246102Z",
            "yes_price": 15,
            "no_price": 85,
            "taker_side": "yes"
        },
        {
            "trade_id": "39da2ed7-ce3e-4f0b-bd27-f59421797c32",
            "ticker": "KXHIGHMIA-24DEC08-B75.5",
            "count": 1,
            "created_time": "2024-12-08T06:20:28.632152Z",
            "yes_price": 15,
            "no_price": 85,
            "taker_side": "yes"
        },
        {
            "trade_id": "b6923bea-599c-4ce3-9dc0-e4060f02fb8d",
            "ticker": "KXHIGHMIA-24DEC08-B75.5",
            "count": 1,
            "created_time": "2024-12-08T06:15:23.470649Z",
            "yes_price": 15,
            "no_price": 85,
            "taker_side": "yes"
        },
        {
            "trade_id": "7eb6e967-6802-4634-97f0-f24411ebb079",
            "ticker": "KXHIGHMIA-24DEC08-B75.5",
            "count": 1500,
            "created_time": "2024-12-08T04:45:18.761467Z",
            "yes_price": 14,
            "no_price": 86,
            "taker_side": "yes"
        },
        {
            "trade_id": "52fa1c40-89ab-4de4-a92f-a4ddb9b70e9e",
            "ticker": "KXHIGHMIA-24DEC08-B75.5",
            "count": 27,
            "created_time": "2024-12-08T04:45:18.761467Z",
            "yes_price": 14,
            "no_price": 86,
            "taker_side": "yes"
        },
        {
            "trade_id": "5010bc0c-2ccf-46bf-b0ac-fcd0b5ccd409",
            "ticker": "KXHIGHMIA-24DEC08-B75.5",
            "count": 100,
            "created_time": "2024-12-08T04:45:18.761467Z",
            "yes_price": 14,
            "no_price": 86,
            "taker_side": "yes"
        },
        {
            "trade_id": "685fc721-fb0e-4298-8b17-10d4e9b37697",
            "ticker": "KXHIGHMIA-24DEC08-B75.5",
            "count": 240,
            "created_time": "2024-12-07T23:22:34.066627Z",
            "yes_price": 9,
            "no_price": 91,
            "taker_side": "no"
        },
        {
            "trade_id": "edaaa548-8ecd-4661-bca3-971952e6a8c1",
            "ticker": "KXHIGHMIA-24DEC08-B75.5",
            "count": 7,
            "created_time": "2024-12-07T22:04:02.242983Z",
            "yes_price": 21,
            "no_price": 79,
            "taker_side": "yes"
        },
        {
            "trade_id": "9fed2393-26af-4dd4-a1ea-79400951e8e0",
            "ticker": "KXHIGHMIA-24DEC08-B75.5",
            "count": 23,
            "created_time": "2024-12-07T22:04:02.242983Z",
            "yes_price": 20,
            "no_price": 80,
            "taker_side": "yes"
        },
        {
            "trade_id": "5ce618f9-1589-4a64-8560-877ee515e590",
            "ticker": "KXHIGHMIA-24DEC08-B75.5",
            "count": 90,
            "created_time": "2024-12-07T22:04:02.242983Z",
            "yes_price": 24,
            "no_price": 76,
            "taker_side": "yes"
        },
        {
            "trade_id": "22584691-37e1-46fb-89e5-ec1237747dab",
            "ticker": "KXHIGHMIA-24DEC08-B75.5",
            "count": 5,
            "created_time": "2024-12-07T22:03:45.723124Z",
            "yes_price": 20,
            "no_price": 80,
            "taker_side": "no"
        },
        {
            "trade_id": "026d7883-b71c-4d4d-8b35-df8b2bfe2fed",
            "ticker": "KXHIGHMIA-24DEC08-B75.5",
            "count": 11,
            "created_time": "2024-12-07T20:03:48.194637Z",
            "yes_price": 20,
            "no_price": 80,
            "taker_side": "no"
        },
        {
            "trade_id": "0f0a9528-9f2f-4186-bc21-d2f7bb1fd1b4",
            "ticker": "KXHIGHMIA-24DEC08-B75.5",
            "count": 42,
            "created_time": "2024-12-07T17:20:58.465746Z",
            "yes_price": 17,
            "no_price": 83,
            "taker_side": "no"
        },
        {
            "trade_id": "93daaa82-0a25-46f4-91bf-cb7d76414565",
            "ticker": "KXHIGHMIA-24DEC08-B75.5",
            "count": 11,
            "created_time": "2024-12-07T17:11:17.72488Z",
            "yes_price": 21,
            "no_price": 79,
            "taker_side": "no"
        },
        {
            "trade_id": "7683d3eb-8046-42da-824e-28c0cf449183",
            "ticker": "KXHIGHMIA-24DEC08-B75.5",
            "count": 11,
            "created_time": "2024-12-07T17:10:26.173873Z",
            "yes_price": 21,
            "no_price": 79,
            "taker_side": "no"
        },
        {
            "trade_id": "d1ff7102-f028-42c0-9f2f-11c5796c0193",
            "ticker": "KXHIGHMIA-24DEC08-B75.5",
            "count": 1,
            "created_time": "2024-12-07T17:09:32.906474Z",
            "yes_price": 18,
            "no_price": 82,
            "taker_side": "yes"
        },
        {
            "trade_id": "93fd8038-a55e-4998-a1e9-1a19e2b30eb4",
            "ticker": "KXHIGHMIA-24DEC08-B75.5",
            "count": 5,
            "created_time": "2024-12-07T17:09:32.906474Z",
            "yes_price": 19,
            "no_price": 81,
            "taker_side": "yes"
        },
        {
            "trade_id": "48bd80cc-37af-40b5-a543-a56b659207bb",
            "ticker": "KXHIGHMIA-24DEC08-B75.5",
            "count": 5,
            "created_time": "2024-12-07T17:09:32.906474Z",
            "yes_price": 18,
            "no_price": 82,
            "taker_side": "yes"
        },
        {
            "trade_id": "28e87abc-3312-441d-a17b-84f4ecde503e",
            "ticker": "KXHIGHMIA-24DEC08-B75.5",
            "count": 11,
            "created_time": "2024-12-07T17:09:32.906474Z",
            "yes_price": 21,
            "no_price": 79,
            "taker_side": "yes"
        },
        {
            "trade_id": "6e31563c-878c-4ade-8dde-ff56b1d4112c",
            "ticker": "KXHIGHMIA-24DEC08-B75.5",
            "count": 80,
            "created_time": "2024-12-07T15:12:49.696832Z",
            "yes_price": 10,
            "no_price": 90,
            "taker_side": "yes"
        }
    ],
    "KXHIGHMIA-24DEC08-B77.5": [
        {
            "trade_id": "21ec53e5-48f0-4ff8-abdf-6debd2b8e2b6",
            "ticker": "KXHIGHMIA-24DEC08-B77.5",
            "count": 5,
            "created_time": "2024-12-09T04:51:08.552328Z",
            "yes_price": 99,
            "no_price": 1,
            "taker_side": "no"
        },
        {
            "trade_id": "b53eefa4-6de9-46e1-934c-1041b5647d5d",
            "ticker": "KXHIGHMIA-24DEC08-B77.5",
            "count": 1,
            "created_time": "2024-12-09T04:50:21.503072Z",
            "yes_price": 99,
            "no_price": 1,
            "taker_side": "no"
        },
        {
            "trade_id": "5fdc2fcd-0ad0-418e-ac0e-738153dd411f",
            "ticker": "KXHIGHMIA-24DEC08-B77.5",
            "count": 136,
            "created_time": "2024-12-09T03:52:13.098122Z",
            "yes_price": 99,
            "no_price": 1,
            "taker_side": "no"
        },
        {
            "trade_id": "30273e31-400d-46f0-b572-ef8649b4339a",
            "ticker": "KXHIGHMIA-24DEC08-B77.5",
            "count": 93,
            "created_time": "2024-12-09T03:28:37.392563Z",
            "yes_price": 99,
            "no_price": 1,
            "taker_side": "no"
        },
        {
            "trade_id": "ac07c118-133a-453e-a657-83c6a7cba546",
            "ticker": "KXHIGHMIA-24DEC08-B77.5",
            "count": 843,
            "created_time": "2024-12-09T01:28:48.31856Z",
            "yes_price": 99,
            "no_price": 1,
            "taker_side": "no"
        },
        {
            "trade_id": "90fb29be-ace9-4aa8-9833-13b117db19c1",
            "ticker": "KXHIGHMIA-24DEC08-B77.5",
            "count": 1494,
            "created_time": "2024-12-09T01:28:48.31856Z",
            "yes_price": 99,
            "no_price": 1,
            "taker_side": "no"
        },
        {
            "trade_id": "1b9326da-c7c6-4e47-8de9-dd7da3e08801",
            "ticker": "KXHIGHMIA-24DEC08-B77.5",
            "count": 280,
            "created_time": "2024-12-09T00:50:20.09222Z",
            "yes_price": 99,
            "no_price": 1,
            "taker_side": "no"
        },
        {
            "trade_id": "d4c69101-0e43-46e0-9a84-e5eb8ed5e97d",
            "ticker": "KXHIGHMIA-24DEC08-B77.5",
            "count": 23,
            "created_time": "2024-12-09T00:10:27.680006Z",
            "yes_price": 99,
            "no_price": 1,
            "taker_side": "no"
        },
        {
            "trade_id": "af15b787-4eee-48c0-9532-931b0bfba2f3",
            "ticker": "KXHIGHMIA-24DEC08-B77.5",
            "count": 93,
            "created_time": "2024-12-08T23:38:03.955151Z",
            "yes_price": 99,
            "no_price": 1,
            "taker_side": "no"
        },
        {
            "trade_id": "f6aaf5de-d5fb-45c4-9566-c772413abc42",
            "ticker": "KXHIGHMIA-24DEC08-B77.5",
            "count": 39,
            "created_time": "2024-12-08T23:08:58.827518Z",
            "yes_price": 99,
            "no_price": 1,
            "taker_side": "no"
        },
        {
            "trade_id": "04a2c5d4-7cc0-41ad-81aa-26de2e1d085a",
            "ticker": "KXHIGHMIA-24DEC08-B77.5",
            "count": 9,
            "created_time": "2024-12-08T22:51:47.171904Z",
            "yes_price": 99,
            "no_price": 1,
            "taker_side": "no"
        },
        {
            "trade_id": "ef4a7a3a-fe52-4581-ae81-2caf65f82eff",
            "ticker": "KXHIGHMIA-24DEC08-B77.5",
            "count": 12,
            "created_time": "2024-12-08T22:09:19.369121Z",
            "yes_price": 99,
            "no_price": 1,
            "taker_side": "no"
        },
        {
            "trade_id": "fdc95b85-0022-4e54-a62f-2793ae4d98dd",
            "ticker": "KXHIGHMIA-24DEC08-B77.5",
            "count": 15,
            "created_time": "2024-12-08T21:41:52.493006Z",
            "yes_price": 99,
            "no_price": 1,
            "taker_side": "no"
        },
        {
            "trade_id": "466ce674-fd64-49fc-a409-6256148ab6f3",
            "ticker": "KXHIGHMIA-24DEC08-B77.5",
            "count": 291,
            "created_time": "2024-12-08T21:32:41.716141Z",
            "yes_price": 99,
            "no_price": 1,
            "taker_side": "no"
        },
        {
            "trade_id": "f886bad9-db7e-425c-9600-0e585def00df",
            "ticker": "KXHIGHMIA-24DEC08-B77.5",
            "count": 15,
            "created_time": "2024-12-08T21:11:28.637121Z",
            "yes_price": 99,
            "no_price": 1,
            "taker_side": "no"
        },
        {
            "trade_id": "b7262e44-1772-4a0b-8b24-7f59d2cfd134",
            "ticker": "KXHIGHMIA-24DEC08-B77.5",
            "count": 20,
            "created_time": "2024-12-08T21:07:02.145913Z",
            "yes_price": 99,
            "no_price": 1,
            "taker_side": "no"
        },
        {
            "trade_id": "9e211c64-b1a1-4676-a396-37283ffaaec3",
            "ticker": "KXHIGHMIA-24DEC08-B77.5",
            "count": 471,
            "created_time": "2024-12-08T21:05:51.190342Z",
            "yes_price": 99,
            "no_price": 1,
            "taker_side": "no"
        },
        {
            "trade_id": "ee2a9578-c01c-4e02-865a-530539a7fb1f",
            "ticker": "KXHIGHMIA-24DEC08-B77.5",
            "count": 31,
            "created_time": "2024-12-08T21:00:12.97398Z",
            "yes_price": 99,
            "no_price": 1,
            "taker_side": "no"
        },
        {
            "trade_id": "b15be95d-4821-4f07-b252-75bdb95611a8",
            "ticker": "KXHIGHMIA-24DEC08-B77.5",
            "count": 467,
            "created_time": "2024-12-08T20:59:03.405135Z",
            "yes_price": 99,
            "no_price": 1,
            "taker_side": "no"
        },
        {
            "trade_id": "f07bf59c-fcba-4625-894b-29d086131c9c",
            "ticker": "KXHIGHMIA-24DEC08-B77.5",
            "count": 25,
            "created_time": "2024-12-08T20:58:35.171599Z",
            "yes_price": 99,
            "no_price": 1,
            "taker_side": "no"
        },
        {
            "trade_id": "9c5e3ce8-96fd-4d5c-a971-f250ca8db134",
            "ticker": "KXHIGHMIA-24DEC08-B77.5",
            "count": 110,
            "created_time": "2024-12-08T20:56:10.464617Z",
            "yes_price": 99,
            "no_price": 1,
            "taker_side": "no"
        },
        {
            "trade_id": "9b04c1ae-61fa-4cc8-b4a8-80ed38c3a17f",
            "ticker": "KXHIGHMIA-24DEC08-B77.5",
            "count": 500,
            "created_time": "2024-12-08T20:56:10.464617Z",
            "yes_price": 99,
            "no_price": 1,
            "taker_side": "no"
        },
        {
            "trade_id": "36b4d39f-2e17-4ba7-9edd-0c9967859120",
            "ticker": "KXHIGHMIA-24DEC08-B77.5",
            "count": 390,
            "created_time": "2024-12-08T20:56:10.464617Z",
            "yes_price": 99,
            "no_price": 1,
            "taker_side": "no"
        },
        {
            "trade_id": "9d869603-2551-492c-b387-e6f4dbdb745e",
            "ticker": "KXHIGHMIA-24DEC08-B77.5",
            "count": 40,
            "created_time": "2024-12-08T20:54:41.87608Z",
            "yes_price": 99,
            "no_price": 1,
            "taker_side": "no"
        },
        {
            "trade_id": "03fd5798-2717-490c-8be6-f823954c5a80",
            "ticker": "KXHIGHMIA-24DEC08-B77.5",
            "count": 70,
            "created_time": "2024-12-08T20:50:34.509183Z",
            "yes_price": 99,
            "no_price": 1,
            "taker_side": "no"
        },
        {
            "trade_id": "a2e96136-ad0e-48e3-96ce-d4ec5596739f",
            "ticker": "KXHIGHMIA-24DEC08-B77.5",
            "count": 481,
            "created_time": "2024-12-08T20:38:05.838002Z",
            "yes_price": 99,
            "no_price": 1,
            "taker_side": "no"
        },
        {
            "trade_id": "945d6abd-6953-4fbb-b309-e863dc6602aa",
            "ticker": "KXHIGHMIA-24DEC08-B77.5",
            "count": 226,
            "created_time": "2024-12-08T20:38:05.838002Z",
            "yes_price": 98,
            "no_price": 2,
            "taker_side": "no"
        },
        {
            "trade_id": "b43a9528-7b42-4a20-8a2e-6803f9db289d",
            "ticker": "KXHIGHMIA-24DEC08-B77.5",
            "count": 19,
            "created_time": "2024-12-08T20:33:09.423714Z",
            "yes_price": 99,
            "no_price": 1,
            "taker_side": "yes"
        },
        {
            "trade_id": "9bc56b04-a963-432e-bafa-eb3bfe41ad89",
            "ticker": "KXHIGHMIA-24DEC08-B77.5",
            "count": 50,
            "created_time": "2024-12-08T20:29:56.42538Z",
            "yes_price": 98,
            "no_price": 2,
            "taker_side": "no"
        },
        {
            "trade_id": "1ec574ab-1fbe-4103-b10f-d36575cd758a",
            "ticker": "KXHIGHMIA-24DEC08-B77.5",
            "count": 119,
            "created_time": "2024-12-08T20:27:33.46533Z",
            "yes_price": 98,
            "no_price": 2,
            "taker_side": "no"
        },
        {
            "trade_id": "9fbfa801-12e2-466f-81ea-d8b97a853ec5",
            "ticker": "KXHIGHMIA-24DEC08-B77.5",
            "count": 829,
            "created_time": "2024-12-08T20:21:16.997442Z",
            "yes_price": 98,
            "no_price": 2,
            "taker_side": "no"
        },
        {
            "trade_id": "981d19b3-d1bf-475e-99bd-189edda1ba77",
            "ticker": "KXHIGHMIA-24DEC08-B77.5",
            "count": 241,
            "created_time": "2024-12-08T20:21:16.997442Z",
            "yes_price": 98,
            "no_price": 2,
            "taker_side": "no"
        },
        {
            "trade_id": "a6bf795c-9b9e-4416-9c3c-75244ff8b44c",
            "ticker": "KXHIGHMIA-24DEC08-B77.5",
            "count": 40,
            "created_time": "2024-12-08T20:18:32.471016Z",
            "yes_price": 99,
            "no_price": 1,
            "taker_side": "yes"
        },
        {
            "trade_id": "7a2fb8b9-f050-44e3-8010-4ed56436a7d3",
            "ticker": "KXHIGHMIA-24DEC08-B77.5",
            "count": 15,
            "created_time": "2024-12-08T20:18:32.471016Z",
            "yes_price": 99,
            "no_price": 1,
            "taker_side": "yes"
        },
        {
            "trade_id": "78474414-eada-45b3-8c5d-ac626eb4ba7a",
            "ticker": "KXHIGHMIA-24DEC08-B77.5",
            "count": 40,
            "created_time": "2024-12-08T20:18:32.471016Z",
            "yes_price": 99,
            "no_price": 1,
            "taker_side": "yes"
        },
        {
            "trade_id": "6c1f4187-5688-4f83-ab60-7dbef3873c97",
            "ticker": "KXHIGHMIA-24DEC08-B77.5",
            "count": 15,
            "created_time": "2024-12-08T20:18:32.471016Z",
            "yes_price": 99,
            "no_price": 1,
            "taker_side": "yes"
        },
        {
            "trade_id": "99a218c5-14c4-40af-a18b-b7d36d816f69",
            "ticker": "KXHIGHMIA-24DEC08-B77.5",
            "count": 220,
            "created_time": "2024-12-08T20:18:07.689632Z",
            "yes_price": 99,
            "no_price": 1,
            "taker_side": "yes"
        },
        {
            "trade_id": "f468d6b6-bb02-436c-b64c-d19b2b74cdf3",
            "ticker": "KXHIGHMIA-24DEC08-B77.5",
            "count": 40,
            "created_time": "2024-12-08T20:16:36.551369Z",
            "yes_price": 99,
            "no_price": 1,
            "taker_side": "no"
        },
        {
            "trade_id": "edfe518a-98c5-43d1-bff1-f65b6cf5ca54",
            "ticker": "KXHIGHMIA-24DEC08-B77.5",
            "count": 40,
            "created_time": "2024-12-08T20:15:21.171433Z",
            "yes_price": 99,
            "no_price": 1,
            "taker_side": "yes"
        },
        {
            "trade_id": "e3735350-279f-46f1-9182-06a728c24cee",
            "ticker": "KXHIGHMIA-24DEC08-B77.5",
            "count": 40,
            "created_time": "2024-12-08T20:15:21.171433Z",
            "yes_price": 99,
            "no_price": 1,
            "taker_side": "yes"
        },
        {
            "trade_id": "ce2aaed7-8ede-41e6-9c58-a7fbb68514f7",
            "ticker": "KXHIGHMIA-24DEC08-B77.5",
            "count": 40,
            "created_time": "2024-12-08T20:15:21.171433Z",
            "yes_price": 99,
            "no_price": 1,
            "taker_side": "yes"
        },
        {
            "trade_id": "961b20c5-3fb2-429a-be76-f5fd461e4414",
            "ticker": "KXHIGHMIA-24DEC08-B77.5",
            "count": 1017,
            "created_time": "2024-12-08T20:15:21.171433Z",
            "yes_price": 99,
            "no_price": 1,
            "taker_side": "yes"
        },
        {
            "trade_id": "9366c9ca-e616-4fa8-8f9d-53cf36168c0a",
            "ticker": "KXHIGHMIA-24DEC08-B77.5",
            "count": 600,
            "created_time": "2024-12-08T20:15:21.171433Z",
            "yes_price": 99,
            "no_price": 1,
            "taker_side": "yes"
        },
        {
            "trade_id": "92d42ff8-52b5-4c76-9f74-e353ba8a2035",
            "ticker": "KXHIGHMIA-24DEC08-B77.5",
            "count": 500,
            "created_time": "2024-12-08T20:15:21.171433Z",
            "yes_price": 99,
            "no_price": 1,
            "taker_side": "yes"
        },
        {
            "trade_id": "84d29df0-b553-426d-8ebb-ed81e77489ee",
            "ticker": "KXHIGHMIA-24DEC08-B77.5",
            "count": 40,
            "created_time": "2024-12-08T20:15:21.171433Z",
            "yes_price": 99,
            "no_price": 1,
            "taker_side": "yes"
        },
        {
            "trade_id": "78f41390-9dd8-4856-8255-02ffed115cb5",
            "ticker": "KXHIGHMIA-24DEC08-B77.5",
            "count": 40,
            "created_time": "2024-12-08T20:15:21.171433Z",
            "yes_price": 99,
            "no_price": 1,
            "taker_side": "yes"
        },
        {
            "trade_id": "6873bd24-0914-4574-8b0e-d486e2882f47",
            "ticker": "KXHIGHMIA-24DEC08-B77.5",
            "count": 80,
            "created_time": "2024-12-08T20:15:21.171433Z",
            "yes_price": 99,
            "no_price": 1,
            "taker_side": "yes"
        },
        {
            "trade_id": "591936b7-27a5-4ad1-baed-c44c5fef1716",
            "ticker": "KXHIGHMIA-24DEC08-B77.5",
            "count": 40,
            "created_time": "2024-12-08T20:15:21.171433Z",
            "yes_price": 99,
            "no_price": 1,
            "taker_side": "yes"
        },
        {
            "trade_id": "3ea61fa9-8eba-4e78-a0f2-566ce6a1bbde",
            "ticker": "KXHIGHMIA-24DEC08-B77.5",
            "count": 40,
            "created_time": "2024-12-08T20:15:21.171433Z",
            "yes_price": 99,
            "no_price": 1,
            "taker_side": "yes"
        },
        {
            "trade_id": "09b9ab07-ea03-4fa7-9d58-66ad676dc299",
            "ticker": "KXHIGHMIA-24DEC08-B77.5",
            "count": 50,
            "created_time": "2024-12-08T20:15:21.171433Z",
            "yes_price": 99,
            "no_price": 1,
            "taker_side": "yes"
        },
        {
            "trade_id": "579d2263-3d6c-4201-8d13-d5fbd553ebb2",
            "ticker": "KXHIGHMIA-24DEC08-B77.5",
            "count": 25,
            "created_time": "2024-12-08T20:13:51.570027Z",
            "yes_price": 97,
            "no_price": 3,
            "taker_side": "yes"
        },
        {
            "trade_id": "319b4d48-6244-4832-81ea-547867427b4a",
            "ticker": "KXHIGHMIA-24DEC08-B77.5",
            "count": 40,
            "created_time": "2024-12-08T20:13:51.570027Z",
            "yes_price": 98,
            "no_price": 2,
            "taker_side": "yes"
        },
        {
            "trade_id": "0ca25ead-dfae-4cf2-8145-636da5fb0a2b",
            "ticker": "KXHIGHMIA-24DEC08-B77.5",
            "count": 1694,
            "created_time": "2024-12-08T20:13:51.570027Z",
            "yes_price": 98,
            "no_price": 2,
            "taker_side": "yes"
        },
        {
            "trade_id": "c958b08e-f870-4afa-97db-44a1231ee24c",
            "ticker": "KXHIGHMIA-24DEC08-B77.5",
            "count": 815,
            "created_time": "2024-12-08T20:09:37.092209Z",
            "yes_price": 98,
            "no_price": 2,
            "taker_side": "yes"
        },
        {
            "trade_id": "ead36012-8f48-4f09-9fe2-a5cc46eab22a",
            "ticker": "KXHIGHMIA-24DEC08-B77.5",
            "count": 40,
            "created_time": "2024-12-08T20:08:51.766113Z",
            "yes_price": 97,
            "no_price": 3,
            "taker_side": "yes"
        },
        {
            "trade_id": "62b0042e-9ed8-4d15-a359-703092ebd70b",
            "ticker": "KXHIGHMIA-24DEC08-B77.5",
            "count": 40,
            "created_time": "2024-12-08T20:08:51.766113Z",
            "yes_price": 97,
            "no_price": 3,
            "taker_side": "yes"
        },
        {
            "trade_id": "17503787-e3dc-423e-8b8a-e7b8fca5339a",
            "ticker": "KXHIGHMIA-24DEC08-B77.5",
            "count": 17,
            "created_time": "2024-12-08T20:08:51.766113Z",
            "yes_price": 97,
            "no_price": 3,
            "taker_side": "yes"
        },
        {
            "trade_id": "0481a66f-324e-4b79-9baa-f1d288777c10",
            "ticker": "KXHIGHMIA-24DEC08-B77.5",
            "count": 5,
            "created_time": "2024-12-08T20:08:51.766113Z",
            "yes_price": 98,
            "no_price": 2,
            "taker_side": "yes"
        },
        {
            "trade_id": "f2effd57-d17f-4127-a540-3ead0b883390",
            "ticker": "KXHIGHMIA-24DEC08-B77.5",
            "count": 39,
            "created_time": "2024-12-08T20:08:35.390896Z",
            "yes_price": 97,
            "no_price": 3,
            "taker_side": "yes"
        },
        {
            "trade_id": "c0f3c4f5-ea97-4f77-ab28-28f53368ebc4",
            "ticker": "KXHIGHMIA-24DEC08-B77.5",
            "count": 23,
            "created_time": "2024-12-08T20:08:35.390896Z",
            "yes_price": 97,
            "no_price": 3,
            "taker_side": "yes"
        },
        {
            "trade_id": "76c25b86-8a4d-47ab-80ab-1361480bcff1",
            "ticker": "KXHIGHMIA-24DEC08-B77.5",
            "count": 40,
            "created_time": "2024-12-08T20:08:35.390896Z",
            "yes_price": 97,
            "no_price": 3,
            "taker_side": "yes"
        },
        {
            "trade_id": "9789436e-8689-4806-a7fa-f1e95966609b",
            "ticker": "KXHIGHMIA-24DEC08-B77.5",
            "count": 50,
            "created_time": "2024-12-08T20:06:10.748275Z",
            "yes_price": 95,
            "no_price": 5,
            "taker_side": "yes"
        },
        {
            "trade_id": "87536560-a913-47fe-a3a2-7269c0d32a8a",
            "ticker": "KXHIGHMIA-24DEC08-B77.5",
            "count": 28,
            "created_time": "2024-12-08T20:06:10.748275Z",
            "yes_price": 90,
            "no_price": 10,
            "taker_side": "yes"
        },
        {
            "trade_id": "e8b1bcdb-5f03-4084-9f6b-76396a776484",
            "ticker": "KXHIGHMIA-24DEC08-B77.5",
            "count": 15,
            "created_time": "2024-12-08T19:46:11.533225Z",
            "yes_price": 85,
            "no_price": 15,
            "taker_side": "yes"
        },
        {
            "trade_id": "eb132b82-c06d-4403-97a1-fe49058a7914",
            "ticker": "KXHIGHMIA-24DEC08-B77.5",
            "count": 10,
            "created_time": "2024-12-08T19:41:12.681617Z",
            "yes_price": 85,
            "no_price": 15,
            "taker_side": "yes"
        },
        {
            "trade_id": "30068da7-16b4-4899-a4b4-6fe6dea2d31a",
            "ticker": "KXHIGHMIA-24DEC08-B77.5",
            "count": 1,
            "created_time": "2024-12-08T19:38:38.018096Z",
            "yes_price": 81,
            "no_price": 19,
            "taker_side": "no"
        },
        {
            "trade_id": "c3fb1075-b998-4588-860d-b8d3a572b394",
            "ticker": "KXHIGHMIA-24DEC08-B77.5",
            "count": 22,
            "created_time": "2024-12-08T19:38:36.403981Z",
            "yes_price": 92,
            "no_price": 8,
            "taker_side": "yes"
        },
        {
            "trade_id": "82a4a8c1-e6a6-49b8-accd-b74b62495fe4",
            "ticker": "KXHIGHMIA-24DEC08-B77.5",
            "count": 15,
            "created_time": "2024-12-08T19:38:36.403981Z",
            "yes_price": 94,
            "no_price": 6,
            "taker_side": "yes"
        },
        {
            "trade_id": "7099fc56-a2be-44e5-b5b0-d3d5623130eb",
            "ticker": "KXHIGHMIA-24DEC08-B77.5",
            "count": 40,
            "created_time": "2024-12-08T19:38:36.403981Z",
            "yes_price": 97,
            "no_price": 3,
            "taker_side": "yes"
        },
        {
            "trade_id": "23091e34-27a8-40c7-8bb0-607f1d3547d4",
            "ticker": "KXHIGHMIA-24DEC08-B77.5",
            "count": 364,
            "created_time": "2024-12-08T19:38:36.403981Z",
            "yes_price": 98,
            "no_price": 2,
            "taker_side": "yes"
        },
        {
            "trade_id": "fc99d5cd-67d3-44b3-a091-242f2ed4bd9a",
            "ticker": "KXHIGHMIA-24DEC08-B77.5",
            "count": 5,
            "created_time": "2024-12-08T19:21:24.54971Z",
            "yes_price": 97,
            "no_price": 3,
            "taker_side": "yes"
        },
        {
            "trade_id": "ea7b6e50-1592-4114-b251-74d708066748",
            "ticker": "KXHIGHMIA-24DEC08-B77.5",
            "count": 22,
            "created_time": "2024-12-08T19:21:24.54971Z",
            "yes_price": 95,
            "no_price": 5,
            "taker_side": "yes"
        },
        {
            "trade_id": "cbf9b113-6b21-4f07-8888-b3d23ce36ce3",
            "ticker": "KXHIGHMIA-24DEC08-B77.5",
            "count": 58,
            "created_time": "2024-12-08T19:21:24.54971Z",
            "yes_price": 98,
            "no_price": 2,
            "taker_side": "yes"
        },
        {
            "trade_id": "aa3cda2b-f110-4e49-ba45-237132b3e966",
            "ticker": "KXHIGHMIA-24DEC08-B77.5",
            "count": 50,
            "created_time": "2024-12-08T19:21:24.54971Z",
            "yes_price": 94,
            "no_price": 6,
            "taker_side": "yes"
        },
        {
            "trade_id": "28203a46-8718-4ef9-b3e0-e5d4a9bfeef1",
            "ticker": "KXHIGHMIA-24DEC08-B77.5",
            "count": 529,
            "created_time": "2024-12-08T19:17:44.506811Z",
            "yes_price": 94,
            "no_price": 6,
            "taker_side": "yes"
        },
        {
            "trade_id": "7bc9eb7c-2e25-4871-b721-c4476b2e82b3",
            "ticker": "KXHIGHMIA-24DEC08-B77.5",
            "count": 111,
            "created_time": "2024-12-08T19:10:52.720195Z",
            "yes_price": 89,
            "no_price": 11,
            "taker_side": "yes"
        },
        {
            "trade_id": "d26fd9ef-b8d5-4cc3-ac83-f3a5bc0172ac",
            "ticker": "KXHIGHMIA-24DEC08-B77.5",
            "count": 3,
            "created_time": "2024-12-08T19:08:05.1206Z",
            "yes_price": 93,
            "no_price": 7,
            "taker_side": "yes"
        },
        {
            "trade_id": "8496fbfa-e10e-40c9-8dbb-a550f1640af2",
            "ticker": "KXHIGHMIA-24DEC08-B77.5",
            "count": 2,
            "created_time": "2024-12-08T19:07:40.852276Z",
            "yes_price": 97,
            "no_price": 3,
            "taker_side": "yes"
        },
        {
            "trade_id": "5e01232e-5cd0-42d0-a0a2-5abd2cfd28f9",
            "ticker": "KXHIGHMIA-24DEC08-B77.5",
            "count": 37,
            "created_time": "2024-12-08T19:07:40.852276Z",
            "yes_price": 86,
            "no_price": 14,
            "taker_side": "yes"
        },
        {
            "trade_id": "1987f25b-2ce1-4980-80cc-6a46fb1cb5c8",
            "ticker": "KXHIGHMIA-24DEC08-B77.5",
            "count": 1,
            "created_time": "2024-12-08T19:07:40.852276Z",
            "yes_price": 84,
            "no_price": 16,
            "taker_side": "yes"
        },
        {
            "trade_id": "7094f0d3-dcf7-4fbb-9307-a661d829c2c5",
            "ticker": "KXHIGHMIA-24DEC08-B77.5",
            "count": 6,
            "created_time": "2024-12-08T19:06:03.365165Z",
            "yes_price": 79,
            "no_price": 21,
            "taker_side": "no"
        },
        {
            "trade_id": "c63a0083-3778-40b8-8aa0-e137dc65e4c8",
            "ticker": "KXHIGHMIA-24DEC08-B77.5",
            "count": 4,
            "created_time": "2024-12-08T19:02:10.165102Z",
            "yes_price": 79,
            "no_price": 21,
            "taker_side": "no"
        },
        {
            "trade_id": "a0281ed2-cabf-475c-8cd1-caabf9d637f9",
            "ticker": "KXHIGHMIA-24DEC08-B77.5",
            "count": 1,
            "created_time": "2024-12-08T19:02:10.165102Z",
            "yes_price": 79,
            "no_price": 21,
            "taker_side": "no"
        },
        {
            "trade_id": "eb7b1c02-b324-4b90-a505-dd0f91381a3e",
            "ticker": "KXHIGHMIA-24DEC08-B77.5",
            "count": 5,
            "created_time": "2024-12-08T19:00:23.658729Z",
            "yes_price": 85,
            "no_price": 15,
            "taker_side": "yes"
        },
        {
            "trade_id": "76f0b3ed-dedb-4c18-b94a-841123dbfb0a",
            "ticker": "KXHIGHMIA-24DEC08-B77.5",
            "count": 16,
            "created_time": "2024-12-08T18:59:38.23835Z",
            "yes_price": 86,
            "no_price": 14,
            "taker_side": "yes"
        },
        {
            "trade_id": "2d817d4f-44a5-4dcd-83a4-f8e191fe3f50",
            "ticker": "KXHIGHMIA-24DEC08-B77.5",
            "count": 7,
            "created_time": "2024-12-08T18:59:38.23835Z",
            "yes_price": 84,
            "no_price": 16,
            "taker_side": "yes"
        },
        {
            "trade_id": "c1c92426-abe3-4ede-8736-f83a1721654a",
            "ticker": "KXHIGHMIA-24DEC08-B77.5",
            "count": 1,
            "created_time": "2024-12-08T18:55:43.30649Z",
            "yes_price": 80,
            "no_price": 20,
            "taker_side": "no"
        },
        {
            "trade_id": "b0766e76-cc04-47e7-a6a0-9cb868b85f94",
            "ticker": "KXHIGHMIA-24DEC08-B77.5",
            "count": 24,
            "created_time": "2024-12-08T18:55:43.30649Z",
            "yes_price": 81,
            "no_price": 19,
            "taker_side": "no"
        },
        {
            "trade_id": "fe126d2e-48f0-4758-84f4-ae820c16bb80",
            "ticker": "KXHIGHMIA-24DEC08-B77.5",
            "count": 67,
            "created_time": "2024-12-08T18:53:19.845649Z",
            "yes_price": 82,
            "no_price": 18,
            "taker_side": "yes"
        },
        {
            "trade_id": "b74592d0-e4a8-4474-a2b7-7d0c05986a53",
            "ticker": "KXHIGHMIA-24DEC08-B77.5",
            "count": 4,
            "created_time": "2024-12-08T18:53:19.845649Z",
            "yes_price": 86,
            "no_price": 14,
            "taker_side": "yes"
        },
        {
            "trade_id": "7f36fba7-f238-4b8b-98fb-a5a5b0fb20f5",
            "ticker": "KXHIGHMIA-24DEC08-B77.5",
            "count": 50,
            "created_time": "2024-12-08T18:53:19.845649Z",
            "yes_price": 84,
            "no_price": 16,
            "taker_side": "yes"
        },
        {
            "trade_id": "2f6a6713-177d-4ef9-98ef-4fc246ac9dc7",
            "ticker": "KXHIGHMIA-24DEC08-B77.5",
            "count": 24,
            "created_time": "2024-12-08T18:53:19.845649Z",
            "yes_price": 83,
            "no_price": 17,
            "taker_side": "yes"
        },
        {
            "trade_id": "b112230a-1b1d-46da-a82d-0bf10ef8bbb8",
            "ticker": "KXHIGHMIA-24DEC08-B77.5",
            "count": 1,
            "created_time": "2024-12-08T18:51:54.174679Z",
            "yes_price": 80,
            "no_price": 20,
            "taker_side": "no"
        },
        {
            "trade_id": "3c78f3d4-6b13-4181-b8e0-77f211efef54",
            "ticker": "KXHIGHMIA-24DEC08-B77.5",
            "count": 25,
            "created_time": "2024-12-08T18:51:54.092204Z",
            "yes_price": 80,
            "no_price": 20,
            "taker_side": "yes"
        },
        {
            "trade_id": "7bec3f17-6109-49ba-a0f6-abd1512ae575",
            "ticker": "KXHIGHMIA-24DEC08-B77.5",
            "count": 24,
            "created_time": "2024-12-08T18:46:52.167003Z",
            "yes_price": 83,
            "no_price": 17,
            "taker_side": "no"
        },
        {
            "trade_id": "1ab43b6a-126c-4910-bda5-99e5c09940dd",
            "ticker": "KXHIGHMIA-24DEC08-B77.5",
            "count": 23,
            "created_time": "2024-12-08T18:46:25.214709Z",
            "yes_price": 85,
            "no_price": 15,
            "taker_side": "yes"
        },
        {
            "trade_id": "809ed320-76ae-4ee9-9dd4-a200d5ce4fd9",
            "ticker": "KXHIGHMIA-24DEC08-B77.5",
            "count": 38,
            "created_time": "2024-12-08T18:44:04.39295Z",
            "yes_price": 76,
            "no_price": 24,
            "taker_side": "no"
        },
        {
            "trade_id": "0cfd61c2-f4d2-40ac-a542-403f8073e467",
            "ticker": "KXHIGHMIA-24DEC08-B77.5",
            "count": 23,
            "created_time": "2024-12-08T18:44:04.39295Z",
            "yes_price": 84,
            "no_price": 16,
            "taker_side": "no"
        },
        {
            "trade_id": "c757b5c6-866b-4ca6-a339-dc570cb2c99d",
            "ticker": "KXHIGHMIA-24DEC08-B77.5",
            "count": 3,
            "created_time": "2024-12-08T18:40:55.832267Z",
            "yes_price": 86,
            "no_price": 14,
            "taker_side": "yes"
        },
        {
            "trade_id": "9e6a90f5-d165-4fc8-9395-2de24f525c63",
            "ticker": "KXHIGHMIA-24DEC08-B77.5",
            "count": 1257,
            "created_time": "2024-12-08T18:40:47.672514Z",
            "yes_price": 80,
            "no_price": 20,
            "taker_side": "no"
        },
        {
            "trade_id": "259a32af-4dd3-42d8-87a0-ee8995ee33d3",
            "ticker": "KXHIGHMIA-24DEC08-B77.5",
            "count": 50,
            "created_time": "2024-12-08T18:40:34.852931Z",
            "yes_price": 81,
            "no_price": 19,
            "taker_side": "no"
        },
        {
            "trade_id": "bfe1cf29-3b4b-4c5e-86fb-30525da15abe",
            "ticker": "KXHIGHMIA-24DEC08-B77.5",
            "count": 200,
            "created_time": "2024-12-08T18:39:52.756271Z",
            "yes_price": 80,
            "no_price": 20,
            "taker_side": "yes"
        },
        {
            "trade_id": "a7c6fd59-ec77-4c3e-a996-111ae6ec2a18",
            "ticker": "KXHIGHMIA-24DEC08-B77.5",
            "count": 11,
            "created_time": "2024-12-08T18:39:52.756271Z",
            "yes_price": 80,
            "no_price": 20,
            "taker_side": "yes"
        },
        {
            "trade_id": "15209e9a-63d6-49f0-a7ad-2c14ad87cd37",
            "ticker": "KXHIGHMIA-24DEC08-B77.5",
            "count": 32,
            "created_time": "2024-12-08T18:39:52.756271Z",
            "yes_price": 80,
            "no_price": 20,
            "taker_side": "yes"
        },
        {
            "trade_id": "40dcde36-47bc-4e86-8b1e-eb0ac5b88910",
            "ticker": "KXHIGHMIA-24DEC08-B77.5",
            "count": 1,
            "created_time": "2024-12-08T18:38:36.577135Z",
            "yes_price": 6,
            "no_price": 94,
            "taker_side": "yes"
        },
        {
            "trade_id": "f43fa688-9d7e-4d49-8299-afd9ee712d70",
            "ticker": "KXHIGHMIA-24DEC08-B77.5",
            "count": 1,
            "created_time": "2024-12-08T18:38:18.963272Z",
            "yes_price": 3,
            "no_price": 97,
            "taker_side": "yes"
        },
        {
            "trade_id": "e3af329b-50a7-4015-812a-c9302ec33c06",
            "ticker": "KXHIGHMIA-24DEC08-B77.5",
            "count": 26,
            "created_time": "2024-12-08T18:38:01.899946Z",
            "yes_price": 71,
            "no_price": 29,
            "taker_side": "no"
        },
        {
            "trade_id": "dd8c73d3-cc89-4e69-b4de-0ad80be458db",
            "ticker": "KXHIGHMIA-24DEC08-B77.5",
            "count": 40,
            "created_time": "2024-12-08T18:38:01.899946Z",
            "yes_price": 53,
            "no_price": 47,
            "taker_side": "no"
        },
        {
            "trade_id": "cecda2c3-16d9-406f-97fe-fed45042afb9",
            "ticker": "KXHIGHMIA-24DEC08-B77.5",
            "count": 15,
            "created_time": "2024-12-08T18:38:01.899946Z",
            "yes_price": 58,
            "no_price": 42,
            "taker_side": "no"
        },
        {
            "trade_id": "90d5ec2a-d5dd-4a22-8d5e-c5327818eaed",
            "ticker": "KXHIGHMIA-24DEC08-B77.5",
            "count": 37,
            "created_time": "2024-12-08T18:38:01.899946Z",
            "yes_price": 57,
            "no_price": 43,
            "taker_side": "no"
        },
        {
            "trade_id": "891cdcc7-535c-4241-963e-8f4e46a1b4d1",
            "ticker": "KXHIGHMIA-24DEC08-B77.5",
            "count": 40,
            "created_time": "2024-12-08T18:38:01.899946Z",
            "yes_price": 13,
            "no_price": 87,
            "taker_side": "no"
        },
        {
            "trade_id": "61d4048f-ed66-41dc-be69-d4efe5194a93",
            "ticker": "KXHIGHMIA-24DEC08-B77.5",
            "count": 88,
            "created_time": "2024-12-08T18:38:01.899946Z",
            "yes_price": 15,
            "no_price": 85,
            "taker_side": "no"
        },
        {
            "trade_id": "12e24625-30cf-49b6-a1be-e0fa72b646f4",
            "ticker": "KXHIGHMIA-24DEC08-B77.5",
            "count": 40,
            "created_time": "2024-12-08T18:38:01.899946Z",
            "yes_price": 19,
            "no_price": 81,
            "taker_side": "no"
        },
        {
            "trade_id": "2b220fcf-bb0b-4053-bf93-09b5b83877b5",
            "ticker": "KXHIGHMIA-24DEC08-B77.5",
            "count": 39,
            "created_time": "2024-12-08T18:36:58.426883Z",
            "yes_price": 78,
            "no_price": 22,
            "taker_side": "no"
        },
        {
            "trade_id": "aa9dc57c-6eb9-40aa-8e2a-6babd60c3347",
            "ticker": "KXHIGHMIA-24DEC08-B77.5",
            "count": 7,
            "created_time": "2024-12-08T18:34:22.568775Z",
            "yes_price": 80,
            "no_price": 20,
            "taker_side": "yes"
        },
        {
            "trade_id": "d2d81796-1f81-47f9-b0a1-87b9229815ac",
            "ticker": "KXHIGHMIA-24DEC08-B77.5",
            "count": 75,
            "created_time": "2024-12-08T18:33:49.588844Z",
            "yes_price": 76,
            "no_price": 24,
            "taker_side": "yes"
        },
        {
            "trade_id": "99cae293-7915-4bab-befb-770871a2685d",
            "ticker": "KXHIGHMIA-24DEC08-B77.5",
            "count": 4,
            "created_time": "2024-12-08T18:33:49.588844Z",
            "yes_price": 76,
            "no_price": 24,
            "taker_side": "yes"
        },
        {
            "trade_id": "514adac7-76a5-4765-8dd3-35361bfdacf9",
            "ticker": "KXHIGHMIA-24DEC08-B77.5",
            "count": 29,
            "created_time": "2024-12-08T18:33:04.757791Z",
            "yes_price": 76,
            "no_price": 24,
            "taker_side": "yes"
        },
        {
            "trade_id": "e394ede2-5203-4367-8da5-8128e6bdb18c",
            "ticker": "KXHIGHMIA-24DEC08-B77.5",
            "count": 25,
            "created_time": "2024-12-08T18:32:43.734882Z",
            "yes_price": 75,
            "no_price": 25,
            "taker_side": "no"
        },
        {
            "trade_id": "f0a46e9a-d9be-4e9f-b6da-aa15f5b3165c",
            "ticker": "KXHIGHMIA-24DEC08-B77.5",
            "count": 60,
            "created_time": "2024-12-08T18:32:25.611395Z",
            "yes_price": 34,
            "no_price": 66,
            "taker_side": "no"
        },
        {
            "trade_id": "a21f947c-b175-4079-9426-22f3ce6dd2aa",
            "ticker": "KXHIGHMIA-24DEC08-B77.5",
            "count": 57,
            "created_time": "2024-12-08T18:32:25.611395Z",
            "yes_price": 25,
            "no_price": 75,
            "taker_side": "no"
        },
        {
            "trade_id": "a1ae9283-4301-4575-ac44-9e042e9026cd",
            "ticker": "KXHIGHMIA-24DEC08-B77.5",
            "count": 33,
            "created_time": "2024-12-08T18:32:25.611395Z",
            "yes_price": 56,
            "no_price": 44,
            "taker_side": "no"
        },
        {
            "trade_id": "3aee9336-0476-4d2e-99b8-20812766cd3d",
            "ticker": "KXHIGHMIA-24DEC08-B77.5",
            "count": 40,
            "created_time": "2024-12-08T18:32:25.611395Z",
            "yes_price": 55,
            "no_price": 45,
            "taker_side": "no"
        },
        {
            "trade_id": "1d59f96c-3238-482e-9b7a-f59b53fb5f8c",
            "ticker": "KXHIGHMIA-24DEC08-B77.5",
            "count": 810,
            "created_time": "2024-12-08T18:32:25.611395Z",
            "yes_price": 45,
            "no_price": 55,
            "taker_side": "no"
        },
        {
            "trade_id": "832e1e1f-24f9-4972-9024-8bb22ebd7692",
            "ticker": "KXHIGHMIA-24DEC08-B77.5",
            "count": 1,
            "created_time": "2024-12-08T18:32:01.960685Z",
            "yes_price": 74,
            "no_price": 26,
            "taker_side": "yes"
        },
        {
            "trade_id": "7be59fc4-ce39-4d4e-b0b3-9b10157dccd0",
            "ticker": "KXHIGHMIA-24DEC08-B77.5",
            "count": 39,
            "created_time": "2024-12-08T18:31:55.643862Z",
            "yes_price": 74,
            "no_price": 26,
            "taker_side": "yes"
        },
        {
            "trade_id": "e3151db9-2cec-4549-be4b-8c3a65148559",
            "ticker": "KXHIGHMIA-24DEC08-B77.5",
            "count": 27,
            "created_time": "2024-12-08T18:31:06.881048Z",
            "yes_price": 25,
            "no_price": 75,
            "taker_side": "no"
        },
        {
            "trade_id": "774ce80f-fcb0-4830-8415-4d00093c0dcb",
            "ticker": "KXHIGHMIA-24DEC08-B77.5",
            "count": 1,
            "created_time": "2024-12-08T18:31:06.881048Z",
            "yes_price": 56,
            "no_price": 44,
            "taker_side": "no"
        },
        {
            "trade_id": "49700059-64f9-42b9-a38c-68d689186a0e",
            "ticker": "KXHIGHMIA-24DEC08-B77.5",
            "count": 40,
            "created_time": "2024-12-08T18:31:06.881048Z",
            "yes_price": 55,
            "no_price": 45,
            "taker_side": "no"
        },
        {
            "trade_id": "ba914a46-c6e4-49d5-abde-be76baacf9e4",
            "ticker": "KXHIGHMIA-24DEC08-B77.5",
            "count": 6,
            "created_time": "2024-12-08T18:30:59.669861Z",
            "yes_price": 57,
            "no_price": 43,
            "taker_side": "no"
        },
        {
            "trade_id": "6f12b6b7-edc1-4294-87fd-d7cda26a85e7",
            "ticker": "KXHIGHMIA-24DEC08-B77.5",
            "count": 20,
            "created_time": "2024-12-08T18:30:58.269909Z",
            "yes_price": 57,
            "no_price": 43,
            "taker_side": "no"
        },
        {
            "trade_id": "4c474ac8-b585-48bd-ae08-75b90a9271ee",
            "ticker": "KXHIGHMIA-24DEC08-B77.5",
            "count": 39,
            "created_time": "2024-12-08T18:28:07.341602Z",
            "yes_price": 56,
            "no_price": 44,
            "taker_side": "no"
        },
        {
            "trade_id": "a1827801-d5f3-489b-8344-4132c1962e75",
            "ticker": "KXHIGHMIA-24DEC08-B77.5",
            "count": 39,
            "created_time": "2024-12-08T18:28:07.334746Z",
            "yes_price": 80,
            "no_price": 20,
            "taker_side": "no"
        },
        {
            "trade_id": "cd64d7a0-28f2-48c2-8346-2c9376e3f044",
            "ticker": "KXHIGHMIA-24DEC08-B77.5",
            "count": 39,
            "created_time": "2024-12-08T18:27:52.998898Z",
            "yes_price": 81,
            "no_price": 19,
            "taker_side": "no"
        },
        {
            "trade_id": "884200d9-2a34-433e-9ebb-150d6c3a01c1",
            "ticker": "KXHIGHMIA-24DEC08-B77.5",
            "count": 140,
            "created_time": "2024-12-08T18:27:23.42938Z",
            "yes_price": 86,
            "no_price": 14,
            "taker_side": "no"
        },
        {
            "trade_id": "75e3861d-4477-4ede-932e-d413e4c16dd7",
            "ticker": "KXHIGHMIA-24DEC08-B77.5",
            "count": 15,
            "created_time": "2024-12-08T18:26:46.561204Z",
            "yes_price": 87,
            "no_price": 13,
            "taker_side": "no"
        },
        {
            "trade_id": "fe70d1e8-8e4a-4c4b-b32c-d7e89c7e2e5e",
            "ticker": "KXHIGHMIA-24DEC08-B77.5",
            "count": 85,
            "created_time": "2024-12-08T18:26:45.268852Z",
            "yes_price": 87,
            "no_price": 13,
            "taker_side": "no"
        },
        {
            "trade_id": "75863f59-c2ef-496c-be36-f6d0c60d303a",
            "ticker": "KXHIGHMIA-24DEC08-B77.5",
            "count": 62,
            "created_time": "2024-12-08T18:26:35.039652Z",
            "yes_price": 89,
            "no_price": 11,
            "taker_side": "no"
        },
        {
            "trade_id": "a99ad705-a2f8-4666-a762-a8e03aa59ac3",
            "ticker": "KXHIGHMIA-24DEC08-B77.5",
            "count": 40,
            "created_time": "2024-12-08T18:26:25.530081Z",
            "yes_price": 90,
            "no_price": 10,
            "taker_side": "no"
        },
        {
            "trade_id": "ef99d1be-80d4-4ce5-b851-b813f07b92ea",
            "ticker": "KXHIGHMIA-24DEC08-B77.5",
            "count": 152,
            "created_time": "2024-12-08T18:26:13.281958Z",
            "yes_price": 90,
            "no_price": 10,
            "taker_side": "no"
        },
        {
            "trade_id": "bff84861-23cf-4b51-b610-940e841e79ca",
            "ticker": "KXHIGHMIA-24DEC08-B77.5",
            "count": 26,
            "created_time": "2024-12-08T18:25:34.382797Z",
            "yes_price": 91,
            "no_price": 9,
            "taker_side": "no"
        },
        {
            "trade_id": "79819a2d-f92c-4716-9967-72e8554a02de",
            "ticker": "KXHIGHMIA-24DEC08-B77.5",
            "count": 99,
            "created_time": "2024-12-08T18:25:34.382797Z",
            "yes_price": 90,
            "no_price": 10,
            "taker_side": "no"
        },
        {
            "trade_id": "45aa85d0-8e33-4621-b7c8-d1e37da710e0",
            "ticker": "KXHIGHMIA-24DEC08-B77.5",
            "count": 20,
            "created_time": "2024-12-08T18:25:34.382797Z",
            "yes_price": 91,
            "no_price": 9,
            "taker_side": "no"
        },
        {
            "trade_id": "596af00a-8d7f-4e98-af3b-56248590afef",
            "ticker": "KXHIGHMIA-24DEC08-B77.5",
