{
    "HIGHMIA-24JUL15-T85": [
        {
            "trade_id": "027a6a1d-e3f9-4fc4-a0ec-3499ca5f8bdf",
            "ticker": "HIGHMIA-24JUL15-T85",
            "count": 4,
            "created_time": "2024-07-15T12:55:50.556124Z",
            "yes_price": 1,
            "no_price": 99,
            "taker_side": "no"
        },
        {
            "trade_id": "e35b3108-43a7-479f-b571-616d49d6cb66",
            "ticker": "HIGHMIA-24JUL15-T85",
            "count": 1,
            "created_time": "2024-07-15T12:05:16.549517Z",
            "yes_price": 1,
            "no_price": 99,
            "taker_side": "no"
        },
        {
            "trade_id": "5c1a58e7-e19d-434d-9c6b-de3dd5bdc670",
            "ticker": "HIGHMIA-24JUL15-T85",
            "count": 10,
            "created_time": "2024-07-15T03:25:01.326745Z",
            "yes_price": 1,
            "no_price": 99,
            "taker_side": "no"
        },
        {
            "trade_id": "eb48b3d5-e76a-48c4-87bd-55df98b2535c",
            "ticker": "HIGHMIA-24JUL15-T85",
            "count": 2,
            "created_time": "2024-07-15T02:58:10.961461Z",
            "yes_price": 1,
            "no_price": 99,
            "taker_side": "no"
        },
        {
            "trade_id": "41ccd6b1-1383-4a6a-b7ce-8360727ab50b",
            "ticker": "HIGHMIA-24JUL15-T85",
            "count": 4,
            "created_time": "2024-07-15T02:56:58.228294Z",
            "yes_price": 1,
            "no_price": 99,
            "taker_side": "no"
        },
        {
            "trade_id": "8fc13e80-f71e-4fb4-aada-514248696ffb",
            "ticker": "HIGHMIA-24JUL15-T85",
            "count": 4,
            "created_time": "2024-07-15T02:46:30.623556Z",
            "yes_price": 1,
            "no_price": 99,
            "taker_side": "no"
        }
    ],
    "HIGHMIA-24JUL15-B85.5": [
        {
            "trade_id": "afc39953-db05-4f53-90d5-e5df76648e3d",
            "ticker": "HIGHMIA-24JUL15-B85.5",
            "count": 4,
            "created_time": "2024-07-15T13:06:13.700073Z",
            "yes_price": 1,
            "no_price": 99,
            "taker_side": "no"
        },
        {
            "trade_id": "2cd6ad92-d92b-4190-bc94-e5712d79c9f3",
            "ticker": "HIGHMIA-24JUL15-B85.5",
            "count": 1,
            "created_time": "2024-07-15T12:05:16.589503Z",
            "yes_price": 1,
            "no_price": 99,
            "taker_side": "no"
        },
        {
            "trade_id": "9c8de5c6-3952-47e5-9d4c-56a890822a01",
            "ticker": "HIGHMIA-24JUL15-B85.5",
            "count": 10,
            "created_time": "2024-07-15T03:25:01.366979Z",
            "yes_price": 1,
            "no_price": 99,
            "taker_side": "no"
        },
        {
            "trade_id": "1e52a86e-6071-4170-a396-2dc25284910e",
            "ticker": "HIGHMIA-24JUL15-B85.5",
            "count": 2,
            "created_time": "2024-07-15T02:58:11.007148Z",
            "yes_price": 1,
            "no_price": 99,
            "taker_side": "no"
        },
        {
            "trade_id": "9425b12b-f492-466e-be66-e736342108c8",
            "ticker": "HIGHMIA-24JUL15-B85.5",
            "count": 4,
            "created_time": "2024-07-15T02:56:58.203713Z",
            "yes_price": 1,
            "no_price": 99,
            "taker_side": "no"
        },
        {
            "trade_id": "6fcaf143-b40b-4d93-8a3c-474c75fc8a62",
            "ticker": "HIGHMIA-24JUL15-B85.5",
            "count": 4,
            "created_time": "2024-07-15T02:46:30.610576Z",
            "yes_price": 1,
            "no_price": 99,
            "taker_side": "no"
        }
    ],
    "HIGHMIA-24JUL15-B87.5": [
        {
            "trade_id": "9418f939-793b-41c7-8976-fb88eff3d4fd",
            "ticker": "HIGHMIA-24JUL15-B87.5",
            "count": 187,
            "created_time": "2024-07-15T22:10:10.753663Z",
            "yes_price": 1,
            "no_price": 99,
            "taker_side": "yes"
        },
        {
            "trade_id": "8b44e89f-ba8e-4935-941d-6fd1ba94f901",
            "ticker": "HIGHMIA-24JUL15-B87.5",
            "count": 93,
            "created_time": "2024-07-15T22:09:34.881679Z",
            "yes_price": 1,
            "no_price": 99,
            "taker_side": "yes"
        },
        {
            "trade_id": "7fff7cbe-fe58-41db-8f5a-1fa96ad68071",
            "ticker": "HIGHMIA-24JUL15-B87.5",
            "count": 93,
            "created_time": "2024-07-15T20:38:57.641141Z",
            "yes_price": 1,
            "no_price": 99,
            "taker_side": "yes"
        },
        {
            "trade_id": "48239738-2256-4c3e-846d-aecd1dddb8fa",
            "ticker": "HIGHMIA-24JUL15-B87.5",
            "count": 467,
            "created_time": "2024-07-15T17:18:57.420399Z",
            "yes_price": 1,
            "no_price": 99,
            "taker_side": "yes"
        },
        {
            "trade_id": "e4532dc3-3ff8-41c0-a82a-4ae4d599d951",
            "ticker": "HIGHMIA-24JUL15-B87.5",
            "count": 187,
            "created_time": "2024-07-15T16:22:42.086346Z",
            "yes_price": 1,
            "no_price": 99,
            "taker_side": "yes"
        },
        {
            "trade_id": "612275dd-122b-4da3-99c7-a4a9ab95fd48",
            "ticker": "HIGHMIA-24JUL15-B87.5",
            "count": 4,
            "created_time": "2024-07-15T14:32:06.554139Z",
            "yes_price": 1,
            "no_price": 99,
            "taker_side": "no"
        },
        {
            "trade_id": "e4be2c39-81a3-4119-ba47-a8e3d7e887d3",
            "ticker": "HIGHMIA-24JUL15-B87.5",
            "count": 21,
            "created_time": "2024-07-15T13:56:16.029616Z",
            "yes_price": 10,
            "no_price": 90,
            "taker_side": "no"
        },
        {
            "trade_id": "b6fcb9b3-9ee6-4c77-b0f1-ec069b34eab6",
            "ticker": "HIGHMIA-24JUL15-B87.5",
            "count": 1,
            "created_time": "2024-07-15T13:56:16.029616Z",
            "yes_price": 13,
            "no_price": 87,
            "taker_side": "no"
        },
        {
            "trade_id": "6e9ca0aa-7b43-4769-be95-8ed561648969",
            "ticker": "HIGHMIA-24JUL15-B87.5",
            "count": 6,
            "created_time": "2024-07-15T13:56:16.029616Z",
            "yes_price": 7,
            "no_price": 93,
            "taker_side": "no"
        },
        {
            "trade_id": "1e08ce8e-4685-485d-923c-2a4683a942b0",
            "ticker": "HIGHMIA-24JUL15-B87.5",
            "count": 9,
            "created_time": "2024-07-15T13:56:16.029616Z",
            "yes_price": 9,
            "no_price": 91,
            "taker_side": "no"
        },
        {
            "trade_id": "3512fc95-8a35-4702-82a3-e711350a8e8e",
            "ticker": "HIGHMIA-24JUL15-B87.5",
            "count": 13,
            "created_time": "2024-07-15T13:29:15.168382Z",
            "yes_price": 13,
            "no_price": 87,
            "taker_side": "yes"
        },
        {
            "trade_id": "a49fab8d-596f-455c-a417-fee12fb06c67",
            "ticker": "HIGHMIA-24JUL15-B87.5",
            "count": 21,
            "created_time": "2024-07-15T13:29:02.810473Z",
            "yes_price": 12,
            "no_price": 88,
            "taker_side": "yes"
        },
        {
            "trade_id": "72850618-9c51-4335-8495-34e9a2e4ba09",
            "ticker": "HIGHMIA-24JUL15-B87.5",
            "count": 9,
            "created_time": "2024-07-15T13:28:30.254671Z",
            "yes_price": 11,
            "no_price": 89,
            "taker_side": "yes"
        },
        {
            "trade_id": "d1358391-e6a1-4a86-8426-99e0e7db5550",
            "ticker": "HIGHMIA-24JUL15-B87.5",
            "count": 6,
            "created_time": "2024-07-15T13:28:13.016898Z",
            "yes_price": 10,
            "no_price": 90,
            "taker_side": "yes"
        },
        {
            "trade_id": "90fb86c6-c1cd-43a0-9124-9cfb4613a59f",
            "ticker": "HIGHMIA-24JUL15-B87.5",
            "count": 1,
            "created_time": "2024-07-15T12:05:16.535344Z",
            "yes_price": 1,
            "no_price": 99,
            "taker_side": "no"
        },
        {
            "trade_id": "a1a3ffb9-c842-4043-b1bd-0a64a89b1157",
            "ticker": "HIGHMIA-24JUL15-B87.5",
            "count": 10,
            "created_time": "2024-07-15T03:25:01.343863Z",
            "yes_price": 1,
            "no_price": 99,
            "taker_side": "no"
        },
        {
            "trade_id": "3afb8ecb-be26-4633-aa97-a82f94a51d12",
            "ticker": "HIGHMIA-24JUL15-B87.5",
            "count": 2,
            "created_time": "2024-07-15T02:58:10.990336Z",
            "yes_price": 1,
            "no_price": 99,
            "taker_side": "no"
        },
        {
            "trade_id": "a6975249-493d-46ca-923f-f728a507284a",
            "ticker": "HIGHMIA-24JUL15-B87.5",
            "count": 4,
            "created_time": "2024-07-15T02:56:58.186688Z",
            "yes_price": 1,
            "no_price": 99,
            "taker_side": "no"
        },
        {
            "trade_id": "6cf79fe2-e129-4310-a5e4-9f3f3987e064",
            "ticker": "HIGHMIA-24JUL15-B87.5",
            "count": 4,
            "created_time": "2024-07-15T02:46:30.583297Z",
            "yes_price": 1,
            "no_price": 99,
            "taker_side": "no"
        }
    ],
    "HIGHMIA-24JUL15-B89.5": [
        {
            "trade_id": "1ecf9623-eb7c-41ee-ac6f-dd46e40217b1",
            "ticker": "HIGHMIA-24JUL15-B89.5",
            "count": 93,
            "created_time": "2024-07-16T00:12:00.636386Z",
            "yes_price": 99,
            "no_price": 1,
            "taker_side": "no"
        },
        {
            "trade_id": "9de82264-f5e4-49ce-a754-314d48426984",
            "ticker": "HIGHMIA-24JUL15-B89.5",
            "count": 25,
            "created_time": "2024-07-15T23:45:08.037001Z",
            "yes_price": 99,
            "no_price": 1,
            "taker_side": "yes"
        },
        {
            "trade_id": "8a8531b7-c57a-4cf7-9bcf-a5fafffde995",
            "ticker": "HIGHMIA-24JUL15-B89.5",
            "count": 8,
            "created_time": "2024-07-15T22:10:14.079494Z",
            "yes_price": 75,
            "no_price": 25,
            "taker_side": "no"
        },
        {
            "trade_id": "d0297d08-dbbf-42bb-b5d2-65f3adccf200",
            "ticker": "HIGHMIA-24JUL15-B89.5",
            "count": 2,
            "created_time": "2024-07-15T20:33:46.072525Z",
            "yes_price": 70,
            "no_price": 30,
            "taker_side": "yes"
        },
        {
            "trade_id": "70a8a43c-c622-43c9-a363-5cbbf198bab2",
            "ticker": "HIGHMIA-24JUL15-B89.5",
            "count": 1,
            "created_time": "2024-07-15T20:33:46.072525Z",
            "yes_price": 95,
            "no_price": 5,
            "taker_side": "yes"
        },
        {
            "trade_id": "445969b2-b622-407f-af28-e7fc54d6782a",
            "ticker": "HIGHMIA-24JUL15-B89.5",
            "count": 1,
            "created_time": "2024-07-15T20:33:46.072525Z",
            "yes_price": 69,
            "no_price": 31,
            "taker_side": "yes"
        },
        {
            "trade_id": "37377458-4c5b-47e8-ae71-c316875eb73a",
            "ticker": "HIGHMIA-24JUL15-B89.5",
            "count": 5,
            "created_time": "2024-07-15T20:07:56.806679Z",
            "yes_price": 15,
            "no_price": 85,
            "taker_side": "no"
        },
        {
            "trade_id": "d4c80f5e-0d7d-41ca-b813-fabbdf9d1912",
            "ticker": "HIGHMIA-24JUL15-B89.5",
            "count": 5,
            "created_time": "2024-07-15T19:18:22.738549Z",
            "yes_price": 3,
            "no_price": 97,
            "taker_side": "no"
        },
        {
            "trade_id": "a6953928-1ef1-485b-846d-ba95a172f041",
            "ticker": "HIGHMIA-24JUL15-B89.5",
            "count": 11,
            "created_time": "2024-07-15T18:23:33.822691Z",
            "yes_price": 49,
            "no_price": 51,
            "taker_side": "yes"
        },
        {
            "trade_id": "8afd6fe8-d913-439e-92a0-cb7ab9e0d6ee",
            "ticker": "HIGHMIA-24JUL15-B89.5",
            "count": 1,
            "created_time": "2024-07-15T12:05:16.560026Z",
            "yes_price": 1,
            "no_price": 99,
            "taker_side": "no"
        },
        {
            "trade_id": "961d97aa-a5a2-4852-aaad-e9648a24ebc6",
            "ticker": "HIGHMIA-24JUL15-B89.5",
            "count": 10,
            "created_time": "2024-07-15T03:28:22.507395Z",
            "yes_price": 12,
            "no_price": 88,
            "taker_side": "no"
        },
        {
            "trade_id": "f62e1400-8dbb-416d-a9fb-ed8ebac1f4a6",
            "ticker": "HIGHMIA-24JUL15-B89.5",
            "count": 10,
            "created_time": "2024-07-15T03:25:01.378183Z",
            "yes_price": 12,
            "no_price": 88,
            "taker_side": "no"
        },
        {
            "trade_id": "14d372c2-06e3-4198-ac3b-abdd64360dd3",
            "ticker": "HIGHMIA-24JUL15-B89.5",
            "count": 2,
            "created_time": "2024-07-15T02:58:10.979293Z",
            "yes_price": 12,
            "no_price": 88,
            "taker_side": "no"
        },
        {
            "trade_id": "e88afd82-3f84-4d57-9435-e293cdfba9e7",
            "ticker": "HIGHMIA-24JUL15-B89.5",
            "count": 4,
            "created_time": "2024-07-15T02:56:58.217932Z",
            "yes_price": 12,
            "no_price": 88,
            "taker_side": "no"
        },
        {
            "trade_id": "6de33d06-09c2-49cf-b9a6-356906cbe5b8",
            "ticker": "HIGHMIA-24JUL15-B89.5",
            "count": 4,
            "created_time": "2024-07-15T02:56:37.804436Z",
            "yes_price": 14,
            "no_price": 86,
            "taker_side": "yes"
        },
        {
            "trade_id": "1a1f6db5-e8ee-4a7a-ad1b-0195e0aa92b9",
            "ticker": "HIGHMIA-24JUL15-B89.5",
            "count": 4,
            "created_time": "2024-07-15T02:46:30.600336Z",
            "yes_price": 12,
            "no_price": 88,
            "taker_side": "no"
        },
        {
            "trade_id": "50fe5937-1091-48c6-84df-0e9d6f420c14",
            "ticker": "HIGHMIA-24JUL15-B89.5",
            "count": 11,
            "created_time": "2024-07-15T02:43:23.921262Z",
            "yes_price": 16,
            "no_price": 84,
            "taker_side": "yes"
        },
        {
            "trade_id": "1b063894-692a-4b19-a8db-aa8a4f7778f1",
            "ticker": "HIGHMIA-24JUL15-B89.5",
            "count": 15,
            "created_time": "2024-07-15T00:22:38.840326Z",
            "yes_price": 10,
            "no_price": 90,
            "taker_side": "no"
        },
        {
            "trade_id": "8e1eb6c2-1245-489d-883d-c85f8d27a408",
            "ticker": "HIGHMIA-24JUL15-B89.5",
            "count": 45,
            "created_time": "2024-07-15T00:11:56.424695Z",
            "yes_price": 10,
            "no_price": 90,
            "taker_side": "no"
        },
        {
            "trade_id": "31e2922e-cb0d-4d8a-bffa-7fc2bd807ca2",
            "ticker": "HIGHMIA-24JUL15-B89.5",
            "count": 15,
            "created_time": "2024-07-14T22:28:40.997561Z",
            "yes_price": 18,
            "no_price": 82,
            "taker_side": "no"
        },
        {
            "trade_id": "e49883aa-e91c-45dc-b7de-bee1b47dc988",
            "ticker": "HIGHMIA-24JUL15-B89.5",
            "count": 45,
            "created_time": "2024-07-14T22:28:40.977339Z",
            "yes_price": 20,
            "no_price": 80,
            "taker_side": "no"
        },
        {
            "trade_id": "f1cfd66d-1137-4c2d-a79f-a4471a0f55b8",
            "ticker": "HIGHMIA-24JUL15-B89.5",
            "count": 105,
            "created_time": "2024-07-14T22:25:39.377808Z",
            "yes_price": 18,
            "no_price": 82,
            "taker_side": "no"
        },
        {
            "trade_id": "cb0f2273-fe16-4f1f-b8b5-08c5486d353c",
            "ticker": "HIGHMIA-24JUL15-B89.5",
            "count": 75,
            "created_time": "2024-07-14T22:25:09.216862Z",
            "yes_price": 19,
            "no_price": 81,
            "taker_side": "no"
        },
        {
            "trade_id": "50b9b212-878e-4f2b-9353-8d704cd1abee",
            "ticker": "HIGHMIA-24JUL15-B89.5",
            "count": 16,
            "created_time": "2024-07-14T18:32:37.393907Z",
            "yes_price": 27,
            "no_price": 73,
            "taker_side": "yes"
        },
        {
            "trade_id": "563a3ec6-2615-45b1-8728-10bc8586ae6f",
            "ticker": "HIGHMIA-24JUL15-B89.5",
            "count": 60,
            "created_time": "2024-07-14T18:28:34.272827Z",
            "yes_price": 27,
            "no_price": 73,
            "taker_side": "yes"
        },
        {
            "trade_id": "86cb1fda-f768-41db-8d3e-def16743cd01",
            "ticker": "HIGHMIA-24JUL15-B89.5",
            "count": 75,
            "created_time": "2024-07-14T15:38:04.633132Z",
            "yes_price": 13,
            "no_price": 87,
            "taker_side": "no"
        },
        {
            "trade_id": "74a0b7e3-47aa-423c-9206-dcef2f9c6e1e",
            "ticker": "HIGHMIA-24JUL15-B89.5",
            "count": 15,
            "created_time": "2024-07-14T15:36:11.642829Z",
            "yes_price": 12,
            "no_price": 88,
            "taker_side": "no"
        },
        {
            "trade_id": "366e6c7f-2bc9-4771-ab27-a01af231e5c1",
            "ticker": "HIGHMIA-24JUL15-B89.5",
            "count": 150,
            "created_time": "2024-07-14T15:36:11.642829Z",
            "yes_price": 10,
            "no_price": 90,
            "taker_side": "no"
        },
        {
            "trade_id": "13e0c847-4fd5-439e-8e43-b1f2134d01f1",
            "ticker": "HIGHMIA-24JUL15-B89.5",
            "count": 15,
            "created_time": "2024-07-14T15:36:11.642829Z",
            "yes_price": 11,
            "no_price": 89,
            "taker_side": "no"
        }
    ],
    "HIGHMIA-24JUL15-B91.5": [
        {
            "trade_id": "6626b1de-3993-4faf-91db-eca53a654814",
            "ticker": "HIGHMIA-24JUL15-B91.5",
            "count": 25,
            "created_time": "2024-07-15T22:48:04.250666Z",
            "yes_price": 1,
            "no_price": 99,
            "taker_side": "no"
        },
        {
            "trade_id": "9a030090-e648-4766-acb4-240552080d02",
            "ticker": "HIGHMIA-24JUL15-B91.5",
            "count": 62,
            "created_time": "2024-07-15T22:16:39.567844Z",
            "yes_price": 15,
            "no_price": 85,
            "taker_side": "yes"
        },
        {
            "trade_id": "b897a518-7ad1-4f3d-9f62-c83532fd5b18",
            "ticker": "HIGHMIA-24JUL15-B91.5",
            "count": 10,
            "created_time": "2024-07-15T22:15:03.203732Z",
            "yes_price": 3,
            "no_price": 97,
            "taker_side": "no"
        },
        {
            "trade_id": "972602bb-7261-4d70-b64a-7415a2028a6c",
            "ticker": "HIGHMIA-24JUL15-B91.5",
            "count": 250,
            "created_time": "2024-07-15T21:20:17.912163Z",
            "yes_price": 85,
            "no_price": 15,
            "taker_side": "yes"
        },
        {
            "trade_id": "855415ab-07d4-4fdc-bde8-1ec0892cc7e8",
            "ticker": "HIGHMIA-24JUL15-B91.5",
            "count": 500,
            "created_time": "2024-07-15T21:20:17.912163Z",
            "yes_price": 25,
            "no_price": 75,
            "taker_side": "yes"
        },
        {
            "trade_id": "7a9bfb29-24cf-4bd8-8a08-3863d5c0d6bf",
            "ticker": "HIGHMIA-24JUL15-B91.5",
            "count": 124,
            "created_time": "2024-07-15T21:20:17.912163Z",
            "yes_price": 50,
            "no_price": 50,
            "taker_side": "yes"
        },
        {
            "trade_id": "606c1374-151c-4c9d-9b10-a5e259e3887b",
            "ticker": "HIGHMIA-24JUL15-B91.5",
            "count": 16,
            "created_time": "2024-07-15T21:20:17.912163Z",
            "yes_price": 99,
            "no_price": 1,
            "taker_side": "yes"
        },
        {
            "trade_id": "888faf8c-28f3-48a6-9527-89eb837cf09d",
            "ticker": "HIGHMIA-24JUL15-B91.5",
            "count": 5,
            "created_time": "2024-07-15T19:18:22.669897Z",
            "yes_price": 98,
            "no_price": 2,
            "taker_side": "yes"
        },
        {
            "trade_id": "f6ddc106-1eb2-4469-917c-28e6ad6b91dd",
            "ticker": "HIGHMIA-24JUL15-B91.5",
            "count": 9,
            "created_time": "2024-07-15T18:19:02.287555Z",
            "yes_price": 99,
            "no_price": 1,
            "taker_side": "yes"
        },
        {
            "trade_id": "e6b1e6eb-b75a-483c-ba20-27601c890cbc",
            "ticker": "HIGHMIA-24JUL15-B91.5",
            "count": 10,
            "created_time": "2024-07-15T18:19:02.287555Z",
            "yes_price": 75,
            "no_price": 25,
            "taker_side": "yes"
        },
        {
            "trade_id": "d4f50d7a-abd4-44c6-a56b-492f2c44cb2d",
            "ticker": "HIGHMIA-24JUL15-B91.5",
            "count": 10,
            "created_time": "2024-07-15T17:17:47.602005Z",
            "yes_price": 75,
            "no_price": 25,
            "taker_side": "yes"
        },
        {
            "trade_id": "e2b43242-47c5-482f-b590-69fdb286d9dc",
            "ticker": "HIGHMIA-24JUL15-B91.5",
            "count": 42,
            "created_time": "2024-07-15T16:12:44.69481Z",
            "yes_price": 64,
            "no_price": 36,
            "taker_side": "yes"
        },
        {
            "trade_id": "10651b17-b112-4431-ab1a-923e33d3c344",
            "ticker": "HIGHMIA-24JUL15-B91.5",
            "count": 63,
            "created_time": "2024-07-15T16:12:44.666864Z",
            "yes_price": 57,
            "no_price": 43,
            "taker_side": "yes"
        },
        {
            "trade_id": "b73b586e-b96e-48d7-b96e-0be733f6f08e",
            "ticker": "HIGHMIA-24JUL15-B91.5",
            "count": 105,
            "created_time": "2024-07-15T15:56:18.401822Z",
            "yes_price": 45,
            "no_price": 55,
            "taker_side": "no"
        },
        {
            "trade_id": "37387eb9-3bd0-4d89-9b37-f7049c1cb543",
            "ticker": "HIGHMIA-24JUL15-B91.5",
            "count": 10,
            "created_time": "2024-07-15T15:53:41.088981Z",
            "yes_price": 75,
            "no_price": 25,
            "taker_side": "no"
        },
        {
            "trade_id": "716e0328-1d80-4e2c-af6e-419f032a3e1f",
            "ticker": "HIGHMIA-24JUL15-B91.5",
            "count": 20,
            "created_time": "2024-07-15T15:26:14.879977Z",
            "yes_price": 53,
            "no_price": 47,
            "taker_side": "no"
        },
        {
            "trade_id": "f9c09e48-a880-4309-b6de-07ad18c1b50d",
            "ticker": "HIGHMIA-24JUL15-B91.5",
            "count": 26,
            "created_time": "2024-07-15T14:33:21.036131Z",
            "yes_price": 50,
            "no_price": 50,
            "taker_side": "no"
        },
        {
            "trade_id": "3037c0d0-78cd-47af-9293-c9b7bea881a5",
            "ticker": "HIGHMIA-24JUL15-B91.5",
            "count": 15,
            "created_time": "2024-07-15T14:33:21.036131Z",
            "yes_price": 52,
            "no_price": 48,
            "taker_side": "no"
        },
        {
            "trade_id": "00dcfe09-e90e-4e90-ad7c-6f4122edaa37",
            "ticker": "HIGHMIA-24JUL15-B91.5",
            "count": 49,
            "created_time": "2024-07-15T14:33:21.036131Z",
            "yes_price": 54,
            "no_price": 46,
            "taker_side": "no"
        },
        {
            "trade_id": "68a4fa9e-3ba8-431c-8a0c-453b9c9f26ea",
            "ticker": "HIGHMIA-24JUL15-B91.5",
            "count": 15,
            "created_time": "2024-07-15T14:30:15.654104Z",
            "yes_price": 62,
            "no_price": 38,
            "taker_side": "yes"
        },
        {
            "trade_id": "d26a86e7-25dd-494d-931b-efdc8beb8c5d",
            "ticker": "HIGHMIA-24JUL15-B91.5",
            "count": 30,
            "created_time": "2024-07-15T13:56:24.348025Z",
            "yes_price": 62,
            "no_price": 38,
            "taker_side": "yes"
        },
        {
            "trade_id": "98ede752-a8f8-4aa6-8650-14ade0fec3da",
            "ticker": "HIGHMIA-24JUL15-B91.5",
            "count": 150,
            "created_time": "2024-07-15T13:56:24.348025Z",
            "yes_price": 64,
            "no_price": 36,
            "taker_side": "yes"
        },
        {
            "trade_id": "bece2864-c4a6-4a43-ae1e-b8f991c8cfb8",
            "ticker": "HIGHMIA-24JUL15-B91.5",
            "count": 75,
            "created_time": "2024-07-15T13:53:18.201984Z",
            "yes_price": 51,
            "no_price": 49,
            "taker_side": "no"
        },
        {
            "trade_id": "4278168e-f8f0-4380-bcee-46d65ae9a462",
            "ticker": "HIGHMIA-24JUL15-B91.5",
            "count": 75,
            "created_time": "2024-07-15T13:53:18.201984Z",
            "yes_price": 53,
            "no_price": 47,
            "taker_side": "no"
        },
        {
            "trade_id": "bc926e4b-9c0c-4337-8c77-2560131539e9",
            "ticker": "HIGHMIA-24JUL15-B91.5",
            "count": 9,
            "created_time": "2024-07-15T13:42:51.883449Z",
            "yes_price": 50,
            "no_price": 50,
            "taker_side": "no"
        },
        {
            "trade_id": "bc5da6db-fb13-4e10-a988-e234ffc1335c",
            "ticker": "HIGHMIA-24JUL15-B91.5",
            "count": 60,
            "created_time": "2024-07-15T13:42:51.883449Z",
            "yes_price": 53,
            "no_price": 47,
            "taker_side": "no"
        },
        {
            "trade_id": "76124d73-d475-4b29-a7e1-8a2436067bd8",
            "ticker": "HIGHMIA-24JUL15-B91.5",
            "count": 20,
            "created_time": "2024-07-15T13:37:23.964103Z",
            "yes_price": 53,
            "no_price": 47,
            "taker_side": "no"
        },
        {
            "trade_id": "f44c564a-98b3-4367-8668-9bd7654f4d4c",
            "ticker": "HIGHMIA-24JUL15-B91.5",
            "count": 14,
            "created_time": "2024-07-15T13:17:21.735445Z",
            "yes_price": 61,
            "no_price": 39,
            "taker_side": "yes"
        },
        {
            "trade_id": "8f4362aa-dac9-40ad-82d8-ec5c02fbab6b",
            "ticker": "HIGHMIA-24JUL15-B91.5",
            "count": 17,
            "created_time": "2024-07-15T13:17:21.735445Z",
            "yes_price": 63,
            "no_price": 37,
            "taker_side": "yes"
        },
        {
            "trade_id": "95a8d04b-ee8b-418b-b084-cde3f81ff72e",
            "ticker": "HIGHMIA-24JUL15-B91.5",
            "count": 1,
            "created_time": "2024-07-15T13:09:08.149469Z",
            "yes_price": 61,
            "no_price": 39,
            "taker_side": "yes"
        },
        {
            "trade_id": "480899a4-bcfd-42c6-8a49-59f8cde3a5e8",
            "ticker": "HIGHMIA-24JUL15-B91.5",
            "count": 13,
            "created_time": "2024-07-15T13:09:08.149469Z",
            "yes_price": 58,
            "no_price": 42,
            "taker_side": "yes"
        },
        {
            "trade_id": "41867f63-255f-4cec-8e1e-89398c47e96e",
            "ticker": "HIGHMIA-24JUL15-B91.5",
            "count": 5,
            "created_time": "2024-07-15T12:16:48.012662Z",
            "yes_price": 51,
            "no_price": 49,
            "taker_side": "no"
        },
        {
            "trade_id": "3265fb45-3149-4c50-a181-1acdc59a55e7",
            "ticker": "HIGHMIA-24JUL15-B91.5",
            "count": 15,
            "created_time": "2024-07-15T12:16:42.061667Z",
            "yes_price": 51,
            "no_price": 49,
            "taker_side": "yes"
        },
        {
            "trade_id": "50c64b75-bb8c-4e8d-bdf7-e9667156138e",
            "ticker": "HIGHMIA-24JUL15-B91.5",
            "count": 45,
            "created_time": "2024-07-15T12:11:50.883134Z",
            "yes_price": 52,
            "no_price": 48,
            "taker_side": "yes"
        },
        {
            "trade_id": "4c8c3aa4-670c-4549-a5e7-ff66d50f7ca5",
            "ticker": "HIGHMIA-24JUL15-B91.5",
            "count": 45,
            "created_time": "2024-07-15T12:11:50.883134Z",
            "yes_price": 55,
            "no_price": 45,
            "taker_side": "yes"
        },
        {
            "trade_id": "675dc61d-73e5-4d97-b293-0d6c1fcef481",
            "ticker": "HIGHMIA-24JUL15-B91.5",
            "count": 25,
            "created_time": "2024-07-15T12:10:46.691392Z",
            "yes_price": 54,
            "no_price": 46,
            "taker_side": "yes"
        },
        {
            "trade_id": "17acff90-cbc0-410b-8ffc-28f570221027",
            "ticker": "HIGHMIA-24JUL15-B91.5",
            "count": 30,
            "created_time": "2024-07-15T12:10:46.691392Z",
            "yes_price": 51,
            "no_price": 49,
            "taker_side": "yes"
        },
        {
            "trade_id": "4d5cfad8-7b0f-4e90-b0e0-4232b1a111ca",
            "ticker": "HIGHMIA-24JUL15-B91.5",
            "count": 1,
            "created_time": "2024-07-15T12:05:16.533158Z",
            "yes_price": 40,
            "no_price": 60,
            "taker_side": "no"
        },
        {
            "trade_id": "0adb0227-43c3-4ac8-bce5-74dd66bc021f",
            "ticker": "HIGHMIA-24JUL15-B91.5",
            "count": 1,
            "created_time": "2024-07-15T12:05:16.525246Z",
            "yes_price": 40,
            "no_price": 60,
            "taker_side": "no"
        },
        {
            "trade_id": "fdb2e469-8906-4879-8a9b-3c61a1c11083",
            "ticker": "HIGHMIA-24JUL15-B91.5",
            "count": 10,
            "created_time": "2024-07-15T12:00:29.557219Z",
            "yes_price": 50,
            "no_price": 50,
            "taker_side": "no"
        },
        {
            "trade_id": "062691b8-adff-4432-aa59-edc17d1d69ce",
            "ticker": "HIGHMIA-24JUL15-B91.5",
            "count": 1,
            "created_time": "2024-07-15T12:00:29.557219Z",
            "yes_price": 50,
            "no_price": 50,
            "taker_side": "no"
        },
        {
            "trade_id": "dffb0d5e-0979-4949-a5ce-f20aa5347df3",
            "ticker": "HIGHMIA-24JUL15-B91.5",
            "count": 75,
            "created_time": "2024-07-15T03:29:08.02703Z",
            "yes_price": 55,
            "no_price": 45,
            "taker_side": "yes"
        },
        {
            "trade_id": "a7faae2e-109b-4109-89d9-f02441ab4980",
            "ticker": "HIGHMIA-24JUL15-B91.5",
            "count": 60,
            "created_time": "2024-07-15T03:28:56.197674Z",
            "yes_price": 54,
            "no_price": 46,
            "taker_side": "yes"
        },
        {
            "trade_id": "098cce23-e952-4aac-aa89-938fe8820031",
            "ticker": "HIGHMIA-24JUL15-B91.5",
            "count": 45,
            "created_time": "2024-07-15T03:28:47.514574Z",
            "yes_price": 53,
            "no_price": 47,
            "taker_side": "yes"
        },
        {
            "trade_id": "d4c11054-9e6e-48ef-8990-e61a3b2fa28b",
            "ticker": "HIGHMIA-24JUL15-B91.5",
            "count": 15,
            "created_time": "2024-07-15T03:28:42.811969Z",
            "yes_price": 54,
            "no_price": 46,
            "taker_side": "no"
        },
        {
            "trade_id": "062b38e6-96d4-4012-827e-33955be58be0",
            "ticker": "HIGHMIA-24JUL15-B91.5",
            "count": 15,
            "created_time": "2024-07-15T03:28:32.546525Z",
            "yes_price": 54,
            "no_price": 46,
            "taker_side": "no"
        },
        {
            "trade_id": "fbf903d3-8b04-463a-a94e-96c8ada48362",
            "ticker": "HIGHMIA-24JUL15-B91.5",
            "count": 15,
            "created_time": "2024-07-15T03:28:29.87532Z",
            "yes_price": 52,
            "no_price": 48,
            "taker_side": "yes"
        },
        {
            "trade_id": "b5a8488c-1975-434a-955d-5d2f9f552d9e",
            "ticker": "HIGHMIA-24JUL15-B91.5",
            "count": 10,
            "created_time": "2024-07-15T03:25:01.252854Z",
            "yes_price": 53,
            "no_price": 47,
            "taker_side": "yes"
        },
        {
            "trade_id": "7c31d9d4-9be3-4bc5-9a34-1cf4c99e83b3",
            "ticker": "HIGHMIA-24JUL15-B91.5",
            "count": 2,
            "created_time": "2024-07-15T02:58:10.979621Z",
            "yes_price": 47,
            "no_price": 53,
            "taker_side": "no"
        },
        {
            "trade_id": "2101389f-dd11-4bd3-b542-378c5e7b3752",
            "ticker": "HIGHMIA-24JUL15-B91.5",
            "count": 4,
            "created_time": "2024-07-15T02:56:58.218217Z",
            "yes_price": 47,
            "no_price": 53,
            "taker_side": "no"
        },
        {
            "trade_id": "5dc83175-820f-4fb5-997a-895a8ba36014",
            "ticker": "HIGHMIA-24JUL15-B91.5",
            "count": 4,
            "created_time": "2024-07-15T02:46:30.517612Z",
            "yes_price": 55,
            "no_price": 45,
            "taker_side": "yes"
        },
        {
            "trade_id": "944b75e0-6ec9-4bec-be81-5ca0358e3fcd",
            "ticker": "HIGHMIA-24JUL15-B91.5",
            "count": 25,
            "created_time": "2024-07-15T02:41:26.29305Z",
            "yes_price": 57,
            "no_price": 43,
            "taker_side": "yes"
        },
        {
            "trade_id": "967b3eba-3caf-4821-bc2e-db6826161de3",
            "ticker": "HIGHMIA-24JUL15-B91.5",
            "count": 7,
            "created_time": "2024-07-14T19:04:10.367648Z",
            "yes_price": 52,
            "no_price": 48,
            "taker_side": "yes"
        },
        {
            "trade_id": "f463f02f-274d-4c0a-a160-88ddcabea71e",
            "ticker": "HIGHMIA-24JUL15-B91.5",
            "count": 4,
            "created_time": "2024-07-14T17:53:39.981718Z",
            "yes_price": 54,
            "no_price": 46,
            "taker_side": "yes"
        },
        {
            "trade_id": "88245efe-407d-4092-a129-33bd3927d9db",
            "ticker": "HIGHMIA-24JUL15-B91.5",
            "count": 15,
            "created_time": "2024-07-14T17:33:21.415692Z",
            "yes_price": 53,
            "no_price": 47,
            "taker_side": "yes"
        },
        {
            "trade_id": "4417f41b-4baf-48f9-8daa-b2ac78358a28",
            "ticker": "HIGHMIA-24JUL15-B91.5",
            "count": 30,
            "created_time": "2024-07-14T17:26:48.57169Z",
            "yes_price": 53,
            "no_price": 47,
            "taker_side": "yes"
        },
        {
            "trade_id": "8422eed2-0082-49d4-bb44-8c242fd99bdd",
            "ticker": "HIGHMIA-24JUL15-B91.5",
            "count": 45,
            "created_time": "2024-07-14T17:15:50.694968Z",
            "yes_price": 53,
            "no_price": 47,
            "taker_side": "yes"
        },
        {
            "trade_id": "092f3ae0-a5f7-44bc-9120-86ef1ff31c25",
            "ticker": "HIGHMIA-24JUL15-B91.5",
            "count": 60,
            "created_time": "2024-07-14T15:45:14.361026Z",
            "yes_price": 52,
            "no_price": 48,
            "taker_side": "yes"
        },
        {
            "trade_id": "d6df02ec-555a-470b-a07b-ad76220792f7",
            "ticker": "HIGHMIA-24JUL15-B91.5",
            "count": 30,
            "created_time": "2024-07-14T15:44:44.321677Z",
            "yes_price": 51,
            "no_price": 49,
            "taker_side": "yes"
        },
        {
            "trade_id": "7be2b173-7d60-4672-81ba-5d25540feeb1",
            "ticker": "HIGHMIA-24JUL15-B91.5",
            "count": 75,
            "created_time": "2024-07-14T15:44:13.884702Z",
            "yes_price": 52,
            "no_price": 48,
            "taker_side": "yes"
        },
        {
            "trade_id": "ddc90f4e-5469-4cfe-9aa9-434af77603c3",
            "ticker": "HIGHMIA-24JUL15-B91.5",
            "count": 45,
            "created_time": "2024-07-14T15:43:43.606469Z",
            "yes_price": 51,
            "no_price": 49,
            "taker_side": "yes"
        },
        {
            "trade_id": "11914d22-61bb-49b6-b5a4-52f7c11c146c",
            "ticker": "HIGHMIA-24JUL15-B91.5",
            "count": 38,
            "created_time": "2024-07-14T15:37:43.692982Z",
            "yes_price": 50,
            "no_price": 50,
            "taker_side": "no"
        },
        {
            "trade_id": "cecde37f-8c7d-4f54-b8a2-db817d12f82d",
            "ticker": "HIGHMIA-24JUL15-B91.5",
            "count": 15,
            "created_time": "2024-07-14T15:37:35.569616Z",
            "yes_price": 49,
            "no_price": 51,
            "taker_side": "yes"
        },
        {
            "trade_id": "a83e76e1-19cd-49e8-ab5e-916fc7ce8421",
            "ticker": "HIGHMIA-24JUL15-B91.5",
            "count": 75,
            "created_time": "2024-07-14T15:37:35.569616Z",
            "yes_price": 49,
            "no_price": 51,
            "taker_side": "yes"
        },
        {
            "trade_id": "d52cc2f0-79fe-4807-a44d-771ccc59b5c8",
            "ticker": "HIGHMIA-24JUL15-B91.5",
            "count": 15,
            "created_time": "2024-07-14T15:36:29.457606Z",
            "yes_price": 50,
            "no_price": 50,
            "taker_side": "no"
        },
        {
            "trade_id": "c8e70065-76a8-4747-8797-4438b016bcb0",
            "ticker": "HIGHMIA-24JUL15-B91.5",
            "count": 45,
            "created_time": "2024-07-14T15:36:24.137861Z",
            "yes_price": 50,
            "no_price": 50,
            "taker_side": "yes"
        },
        {
            "trade_id": "0fbe435a-2321-46bc-bcd5-06d2e5d172c5",
            "ticker": "HIGHMIA-24JUL15-B91.5",
            "count": 60,
            "created_time": "2024-07-14T15:36:24.137861Z",
            "yes_price": 49,
            "no_price": 51,
            "taker_side": "yes"
        },
        {
            "trade_id": "eae76d8a-f9a3-4164-a444-3194614a08d4",
            "ticker": "HIGHMIA-24JUL15-B91.5",
            "count": 76,
            "created_time": "2024-07-14T14:07:12.298206Z",
            "yes_price": 56,
            "no_price": 44,
            "taker_side": "yes"
        },
        {
            "trade_id": "e321deca-86cf-460d-990f-c9ea09e5c970",
            "ticker": "HIGHMIA-24JUL15-B91.5",
            "count": 76,
            "created_time": "2024-07-14T14:07:12.298206Z",
            "yes_price": 55,
            "no_price": 45,
            "taker_side": "yes"
        }
    ],
    "HIGHMIA-24JUL15-T92": [
        {
            "trade_id": "1427dae0-9321-475b-a662-ab002d042a77",
            "ticker": "HIGHMIA-24JUL15-T92",
            "count": 45,
            "created_time": "2024-07-16T00:46:02.952044Z",
            "yes_price": 1,
            "no_price": 99,
            "taker_side": "yes"
        },
        {
            "trade_id": "c0a557a9-e40c-48d1-9a34-a56ebfd3a834",
            "ticker": "HIGHMIA-24JUL15-T92",
            "count": 24,
            "created_time": "2024-07-15T20:34:00.023009Z",
            "yes_price": 1,
            "no_price": 99,
            "taker_side": "no"
        },
        {
            "trade_id": "48b2dbb2-e034-4a70-9a1e-accf11727299",
            "ticker": "HIGHMIA-24JUL15-T92",
            "count": 200,
            "created_time": "2024-07-15T20:34:00.023009Z",
            "yes_price": 1,
            "no_price": 99,
            "taker_side": "no"
        },
        {
            "trade_id": "31658ebf-b902-4bfd-9180-bed957049bb6",
            "ticker": "HIGHMIA-24JUL15-T92",
            "count": 1,
            "created_time": "2024-07-15T20:26:11.314873Z",
            "yes_price": 1,
            "no_price": 99,
            "taker_side": "no"
        },
        {
            "trade_id": "25b43786-3bd3-4320-b45a-14025e068f8c",
            "ticker": "HIGHMIA-24JUL15-T92",
            "count": 25,
            "created_time": "2024-07-15T20:09:11.061834Z",
            "yes_price": 2,
            "no_price": 98,
            "taker_side": "no"
        },
        {
            "trade_id": "7397cd64-f540-4f48-8ad9-8a64cf6a0636",
            "ticker": "HIGHMIA-24JUL15-T92",
            "count": 5,
            "created_time": "2024-07-15T19:18:22.739619Z",
            "yes_price": 2,
            "no_price": 98,
            "taker_side": "no"
        },
        {
            "trade_id": "eedd4ab2-20ce-48de-ad71-8a5382b77420",
            "ticker": "HIGHMIA-24JUL15-T92",
            "count": 15,
            "created_time": "2024-07-15T15:36:07.910495Z",
            "yes_price": 33,
            "no_price": 67,
            "taker_side": "no"
        },
        {
            "trade_id": "a0798ebf-a7c2-4ae1-9801-a762be5b21de",
            "ticker": "HIGHMIA-24JUL15-T92",
            "count": 150,
            "created_time": "2024-07-15T15:36:07.910495Z",
            "yes_price": 31,
            "no_price": 69,
            "taker_side": "no"
        },
        {
            "trade_id": "fc2ad08a-4009-41c6-80ad-cd075e999261",
            "ticker": "HIGHMIA-24JUL15-T92",
            "count": 60,
            "created_time": "2024-07-15T15:12:19.385406Z",
            "yes_price": 37,
            "no_price": 63,
            "taker_side": "no"
        },
        {
            "trade_id": "dc7be917-8269-4b76-8a3b-5e36757eb4d3",
            "ticker": "HIGHMIA-24JUL15-T92",
            "count": 150,
            "created_time": "2024-07-15T15:12:19.385406Z",
            "yes_price": 35,
            "no_price": 65,
            "taker_side": "no"
        },
        {
            "trade_id": "7ab3dd5c-3d66-482e-94cf-0ef5cf8d7a0d",
            "ticker": "HIGHMIA-24JUL15-T92",
            "count": 150,
            "created_time": "2024-07-15T15:12:19.385406Z",
            "yes_price": 33,
            "no_price": 67,
            "taker_side": "no"
        },
        {
            "trade_id": "74be9c3e-82d8-44a5-af74-ef7f282fd77b",
            "ticker": "HIGHMIA-24JUL15-T92",
            "count": 68,
            "created_time": "2024-07-15T15:12:19.385406Z",
            "yes_price": 15,
            "no_price": 85,
            "taker_side": "no"
        },
        {
            "trade_id": "2577c633-2d68-43e3-874d-af07e7036a3f",
            "ticker": "HIGHMIA-24JUL15-T92",
            "count": 30,
            "created_time": "2024-07-15T15:09:07.311278Z",
            "yes_price": 38,
            "no_price": 62,
            "taker_side": "no"
        },
        {
            "trade_id": "dfea27ef-de26-4d38-a90e-9a78ea988925",
            "ticker": "HIGHMIA-24JUL15-T92",
            "count": 150,
            "created_time": "2024-07-15T14:56:27.176493Z",
            "yes_price": 28,
            "no_price": 72,
            "taker_side": "no"
        },
        {
            "trade_id": "849938c4-c3ec-4b79-8921-54939199c16e",
            "ticker": "HIGHMIA-24JUL15-T92",
            "count": 150,
            "created_time": "2024-07-15T14:56:27.176493Z",
            "yes_price": 31,
            "no_price": 69,
            "taker_side": "no"
        },
        {
            "trade_id": "55e186a4-5422-4b9b-9c56-76c59e9e4b44",
            "ticker": "HIGHMIA-24JUL15-T92",
            "count": 75,
            "created_time": "2024-07-15T14:56:27.176493Z",
            "yes_price": 33,
            "no_price": 67,
            "taker_side": "no"
        },
        {
            "trade_id": "073d18eb-acec-44d3-8169-87df02121ef5",
            "ticker": "HIGHMIA-24JUL15-T92",
            "count": 1,
            "created_time": "2024-07-15T14:31:06.516209Z",
            "yes_price": 45,
            "no_price": 55,
            "taker_side": "yes"
        },
        {
            "trade_id": "6b4024fc-d04a-4cd3-b4ce-8dada1849f63",
            "ticker": "HIGHMIA-24JUL15-T92",
            "count": 1,
            "created_time": "2024-07-15T14:30:36.389619Z",
            "yes_price": 45,
            "no_price": 55,
            "taker_side": "yes"
        },
        {
            "trade_id": "fc0846a3-cf9a-46e1-8ce9-10f727d65412",
            "ticker": "HIGHMIA-24JUL15-T92",
            "count": 1,
            "created_time": "2024-07-15T13:53:35.569598Z",
            "yes_price": 35,
            "no_price": 65,
            "taker_side": "yes"
        },
        {
            "trade_id": "bea0337c-86ea-495b-b97d-3ca7c99fb17c",
            "ticker": "HIGHMIA-24JUL15-T92",
            "count": 20,
            "created_time": "2024-07-15T13:00:11.061555Z",
            "yes_price": 38,
            "no_price": 62,
            "taker_side": "no"
        },
        {
            "trade_id": "a7f28022-0b24-4e8d-9b19-20bcf0247b52",
            "ticker": "HIGHMIA-24JUL15-T92",
            "count": 30,
            "created_time": "2024-07-15T13:00:11.061555Z",
            "yes_price": 43,
            "no_price": 57,
            "taker_side": "no"
        },
        {
            "trade_id": "7793b551-77c8-423c-9ed0-504268d86235",
            "ticker": "HIGHMIA-24JUL15-T92",
            "count": 150,
            "created_time": "2024-07-15T13:00:11.061555Z",
            "yes_price": 41,
            "no_price": 59,
            "taker_side": "no"
        },
        {
            "trade_id": "70eeb914-0d95-4dd6-8a05-029f0e0be6a6",
            "ticker": "HIGHMIA-24JUL15-T92",
            "count": 18,
            "created_time": "2024-07-15T12:13:52.995831Z",
            "yes_price": 47,
            "no_price": 53,
            "taker_side": "no"
        },
        {
            "trade_id": "ad537503-224a-4c72-a81e-10701d1c24dd",
            "ticker": "HIGHMIA-24JUL15-T92",
            "count": 1,
            "created_time": "2024-07-15T12:05:16.523808Z",
            "yes_price": 80,
            "no_price": 20,
            "taker_side": "no"
        },
        {
            "trade_id": "46ea95e5-e1ee-4da0-b514-362900c1169a",
            "ticker": "HIGHMIA-24JUL15-T92",
            "count": 75,
            "created_time": "2024-07-15T03:54:26.402615Z",
            "yes_price": 40,
            "no_price": 60,
            "taker_side": "yes"
        },
        {
            "trade_id": "3b04cdf9-afe5-4ec4-96d1-57f95b7d5496",
            "ticker": "HIGHMIA-24JUL15-T92",
            "count": 60,
            "created_time": "2024-07-15T03:54:10.946734Z",
            "yes_price": 39,
            "no_price": 61,
            "taker_side": "yes"
        },
        {
            "trade_id": "542607f4-8c7c-4396-8253-fc315cf4bb0d",
            "ticker": "HIGHMIA-24JUL15-T92",
            "count": 10,
            "created_time": "2024-07-15T03:25:01.357009Z",
            "yes_price": 40,
            "no_price": 60,
            "taker_side": "no"
        },
        {
            "trade_id": "c1a45a0d-262c-4b67-b4d8-e5a1edd241ee",
            "ticker": "HIGHMIA-24JUL15-T92",
            "count": 15,
            "created_time": "2024-07-15T03:18:02.052954Z",
            "yes_price": 33,
            "no_price": 67,
            "taker_side": "no"
        },
        {
            "trade_id": "188bc86f-1247-4733-86d6-6173e2023d0b",
            "ticker": "HIGHMIA-24JUL15-T92",
            "count": 30,
            "created_time": "2024-07-15T03:18:02.052954Z",
            "yes_price": 35,
            "no_price": 65,
            "taker_side": "no"
        },
        {
            "trade_id": "d9270587-70e1-4fdb-a30e-e532844638ba",
            "ticker": "HIGHMIA-24JUL15-T92",
            "count": 2,
            "created_time": "2024-07-15T02:58:10.906166Z",
            "yes_price": 45,
            "no_price": 55,
            "taker_side": "yes"
        },
        {
            "trade_id": "5cda3939-b65c-4aac-bf8b-a78d238daf18",
            "ticker": "HIGHMIA-24JUL15-T92",
            "count": 4,
            "created_time": "2024-07-15T02:56:58.11286Z",
            "yes_price": 45,
            "no_price": 55,
            "taker_side": "yes"
        },
        {
            "trade_id": "688f7443-faa7-4467-a740-ee681c6f0d46",
            "ticker": "HIGHMIA-24JUL15-T92",
            "count": 4,
            "created_time": "2024-07-15T02:46:30.600594Z",
            "yes_price": 35,
            "no_price": 65,
            "taker_side": "no"
        },
        {
            "trade_id": "7466208f-36a6-4130-bb3f-e083289181d7",
            "ticker": "HIGHMIA-24JUL15-T92",
            "count": 12,
            "created_time": "2024-07-14T21:39:18.650938Z",
            "yes_price": 32,
            "no_price": 68,
            "taker_side": "yes"
        },
        {
            "trade_id": "72fec606-cd34-4935-9173-87f2b3e9701a",
            "ticker": "HIGHMIA-24JUL15-T92",
            "count": 30,
            "created_time": "2024-07-14T21:36:47.85622Z",
            "yes_price": 31,
            "no_price": 69,
            "taker_side": "yes"
        },
        {
            "trade_id": "f5335366-6449-4475-8b2d-3270e4d03ead",
            "ticker": "HIGHMIA-24JUL15-T92",
            "count": 30,
            "created_time": "2024-07-14T21:32:44.276705Z",
            "yes_price": 31,
            "no_price": 69,
            "taker_side": "yes"
        },
        {
            "trade_id": "ab3953a1-4ef9-4196-9117-662c9aa9c17d",
            "ticker": "HIGHMIA-24JUL15-T92",
            "count": 75,
            "created_time": "2024-07-14T21:29:12.83173Z",
            "yes_price": 31,
            "no_price": 69,
            "taker_side": "yes"
        },
        {
            "trade_id": "c2ecbe71-14a1-400b-876d-ea417054f3d0",
            "ticker": "HIGHMIA-24JUL15-T92",
            "count": 30,
            "created_time": "2024-07-14T20:30:38.944834Z",
            "yes_price": 25,
            "no_price": 75,
            "taker_side": "no"
        },
        {
            "trade_id": "649d3780-6916-42cc-9d79-3c54fc4c5049",
            "ticker": "HIGHMIA-24JUL15-T92",
            "count": 150,
            "created_time": "2024-07-14T20:30:38.944834Z",
            "yes_price": 23,
            "no_price": 77,
            "taker_side": "no"
        },
        {
            "trade_id": "09864c6c-01f1-4481-a2e3-048f2f29a14e",
            "ticker": "HIGHMIA-24JUL15-T92",
            "count": 27,
            "created_time": "2024-07-14T15:42:24.835048Z",
            "yes_price": 30,
            "no_price": 70,
            "taker_side": "no"
        },
        {
            "trade_id": "7a25df7d-893f-457a-8526-2640b451481d",
            "ticker": "HIGHMIA-24JUL15-T92",
            "count": 5,
            "created_time": "2024-07-14T15:37:19.105662Z",
            "yes_price": 41,
            "no_price": 59,
            "taker_side": "yes"
        },
        {
            "trade_id": "6311d57d-63a3-48bc-944a-6a15fdd5e45d",
            "ticker": "HIGHMIA-24JUL15-T92",
            "count": 76,
            "created_time": "2024-07-14T15:37:19.105662Z",
            "yes_price": 41,
            "no_price": 59,
            "taker_side": "yes"
        },
        {
            "trade_id": "4a60408b-46df-4b2f-adcf-9e3dcec8e7d1",
            "ticker": "HIGHMIA-24JUL15-T92",
            "count": 1,
            "created_time": "2024-07-14T15:37:19.105662Z",
            "yes_price": 40,
            "no_price": 60,
            "taker_side": "yes"
        },
        {
            "trade_id": "ee9f2f5e-e34b-4f57-985c-13e6cfbb8bb5",
            "ticker": "HIGHMIA-24JUL15-T92",
            "count": 15,
            "created_time": "2024-07-14T15:36:41.476168Z",
            "yes_price": 38,
            "no_price": 62,
            "taker_side": "yes"
        },
        {
            "trade_id": "c6c54050-8b31-4dd8-b790-89a93a4268a7",
            "ticker": "HIGHMIA-24JUL15-T92",
            "count": 150,
            "created_time": "2024-07-14T15:36:41.476168Z",
            "yes_price": 40,
            "no_price": 60,
            "taker_side": "yes"
        },
        {
            "trade_id": "a5428d38-391f-4cf0-94fc-1f249697db90",
            "ticker": "HIGHMIA-24JUL15-T92",
            "count": 1,
            "created_time": "2024-07-14T15:36:41.476168Z",
            "yes_price": 40,
            "no_price": 60,
            "taker_side": "yes"
        },
        {
            "trade_id": "3030aa4e-2f74-408d-9cfd-3a4edd4d1433",
            "ticker": "HIGHMIA-24JUL15-T92",
            "count": 16,
            "created_time": "2024-07-14T15:04:43.46095Z",
            "yes_price": 31,
            "no_price": 69,
            "taker_side": "yes"
        },
        {
            "trade_id": "bc484484-3748-4aad-85e7-b572827c5de5",
            "ticker": "HIGHMIA-24JUL15-T92",
            "count": 60,
            "created_time": "2024-07-14T15:04:34.735322Z",
            "yes_price": 31,
            "no_price": 69,
            "taker_side": "yes"
        },
        {
            "trade_id": "e0bd55c7-ae13-4b2d-a7a5-cfad13ff675a",
            "ticker": "HIGHMIA-24JUL15-T92",
            "count": 2,
            "created_time": "2024-07-14T15:00:32.981468Z",
            "yes_price": 30,
            "no_price": 70,
            "taker_side": "yes"
        },
        {
            "trade_id": "84cdfb66-64f3-4fec-a4be-4ea19a9d5614",
            "ticker": "HIGHMIA-24JUL15-T92",
            "count": 13,
            "created_time": "2024-07-14T14:35:11.11611Z",
            "yes_price": 30,
            "no_price": 70,
            "taker_side": "no"
        },
        {
            "trade_id": "d2cf5701-fc1b-474f-a16f-c51337e99833",
            "ticker": "HIGHMIA-24JUL15-T92",
            "count": 61,
            "created_time": "2024-07-14T14:28:31.522487Z",
            "yes_price": 30,
            "no_price": 70,
            "taker_side": "yes"
        },
        {
            "trade_id": "3fc1f7ad-224e-4b7b-a534-d04282d6266e",
            "ticker": "HIGHMIA-24JUL15-T92",
            "count": 6,
            "created_time": "2024-07-14T14:28:31.522487Z",
            "yes_price": 30,
            "no_price": 70,
            "taker_side": "yes"
        },
        {
            "trade_id": "6e783309-4a37-4d1e-9eb1-0e2c0cd3dbbf",
            "ticker": "HIGHMIA-24JUL15-T92",
            "count": 76,
            "created_time": "2024-07-14T14:06:56.998585Z",
            "yes_price": 21,
            "no_price": 79,
            "taker_side": "yes"
        },
        {
            "trade_id": "0645e532-0d38-42ad-8ba2-1112bb0f44ef",
            "ticker": "HIGHMIA-24JUL15-T92",
            "count": 76,
            "created_time": "2024-07-14T14:06:56.998585Z",
            "yes_price": 20,
            "no_price": 80,
            "taker_side": "yes"
        }
    ]
}