{
    "HIGHMIA-24OCT12-T81": [
        {
            "trade_id": "fcde9a55-1e2f-4e64-9c73-f219eeefad41",
            "ticker": "HIGHMIA-24OCT12-T81",
            "count": 39,
            "created_time": "2024-10-12T03:57:19.505461Z",
            "yes_price": 1,
            "no_price": 99,
            "taker_side": "no"
        },
        {
            "trade_id": "45fcb34a-cf73-42ea-bae0-f53c3e96bfb1",
            "ticker": "HIGHMIA-24OCT12-T81",
            "count": 11,
            "created_time": "2024-10-11T22:49:43.682734Z",
            "yes_price": 1,
            "no_price": 99,
            "taker_side": "no"
        },
        {
            "trade_id": "5cca6735-b98e-4358-a366-05f94927258f",
            "ticker": "HIGHMIA-24OCT12-T81",
            "count": 50,
            "created_time": "2024-10-11T16:01:25.915062Z",
            "yes_price": 1,
            "no_price": 99,
            "taker_side": "no"
        }
    ],
    "HIGHMIA-24OCT12-B81.5": [
        {
            "trade_id": "aad72ee5-5908-47a2-88ae-565bf646ab7d",
            "ticker": "HIGHMIA-24OCT12-B81.5",
            "count": 4208,
            "created_time": "2024-10-12T23:38:12.030401Z",
            "yes_price": 1,
            "no_price": 99,
            "taker_side": "yes"
        },
        {
            "trade_id": "a60e5014-34cd-4bae-a8ed-2d4e40bc90d1",
            "ticker": "HIGHMIA-24OCT12-B81.5",
            "count": 50,
            "created_time": "2024-10-12T16:55:24.315504Z",
            "yes_price": 1,
            "no_price": 99,
            "taker_side": "no"
        },
        {
            "trade_id": "6502d4bb-fc39-4476-b503-1079dba09475",
            "ticker": "HIGHMIA-24OCT12-B81.5",
            "count": 5,
            "created_time": "2024-10-12T16:55:24.315504Z",
            "yes_price": 4,
            "no_price": 96,
            "taker_side": "no"
        },
        {
            "trade_id": "08b3f2cd-70d4-4363-8db6-a9dcb83e994f",
            "ticker": "HIGHMIA-24OCT12-B81.5",
            "count": 2,
            "created_time": "2024-10-12T16:34:51.214335Z",
            "yes_price": 3,
            "no_price": 97,
            "taker_side": "no"
        },
        {
            "trade_id": "94aed877-c3b5-4557-8f74-50fe64b32721",
            "ticker": "HIGHMIA-24OCT12-B81.5",
            "count": 39,
            "created_time": "2024-10-12T03:57:19.489363Z",
            "yes_price": 6,
            "no_price": 94,
            "taker_side": "no"
        },
        {
            "trade_id": "a2b6a128-759a-451d-a89b-e2cb45c332df",
            "ticker": "HIGHMIA-24OCT12-B81.5",
            "count": 11,
            "created_time": "2024-10-11T22:49:43.681396Z",
            "yes_price": 6,
            "no_price": 94,
            "taker_side": "no"
        }
    ],
    "HIGHMIA-24OCT12-B83.5": [
        {
            "trade_id": "d048b84b-7300-4acf-9b58-099802d4e3da",
            "ticker": "HIGHMIA-24OCT12-B83.5",
            "count": 50,
            "created_time": "2024-10-12T20:55:43.488815Z",
            "yes_price": 99,
            "no_price": 1,
            "taker_side": "yes"
        },
        {
            "trade_id": "ac3054c8-03a2-4d0f-939a-9e6a918a6a1f",
            "ticker": "HIGHMIA-24OCT12-B83.5",
            "count": 20,
            "created_time": "2024-10-12T20:30:15.56684Z",
            "yes_price": 98,
            "no_price": 2,
            "taker_side": "yes"
        },
        {
            "trade_id": "a8287f34-d4d5-48a9-b8cb-8c5c4d631a0d",
            "ticker": "HIGHMIA-24OCT12-B83.5",
            "count": 25,
            "created_time": "2024-10-12T20:29:58.854267Z",
            "yes_price": 97,
            "no_price": 3,
            "taker_side": "yes"
        },
        {
            "trade_id": "a79e02fc-8666-4874-bec8-8e55447ba2fe",
            "ticker": "HIGHMIA-24OCT12-B83.5",
            "count": 11,
            "created_time": "2024-10-12T17:04:23.37969Z",
            "yes_price": 95,
            "no_price": 5,
            "taker_side": "yes"
        },
        {
            "trade_id": "6493d0cc-bdb0-4e0a-a90c-44709be81577",
            "ticker": "HIGHMIA-24OCT12-B83.5",
            "count": 12,
            "created_time": "2024-10-12T17:04:23.37969Z",
            "yes_price": 82,
            "no_price": 18,
            "taker_side": "yes"
        },
        {
            "trade_id": "4621b5ab-7be0-427d-8429-17d2a93d7068",
            "ticker": "HIGHMIA-24OCT12-B83.5",
            "count": 2,
            "created_time": "2024-10-12T16:34:51.133419Z",
            "yes_price": 82,
            "no_price": 18,
            "taker_side": "yes"
        },
        {
            "trade_id": "8bee2965-3cbf-4859-bf6b-a17c96858d71",
            "ticker": "HIGHMIA-24OCT12-B83.5",
            "count": 1,
            "created_time": "2024-10-12T16:18:35.998096Z",
            "yes_price": 87,
            "no_price": 13,
            "taker_side": "yes"
        },
        {
            "trade_id": "fdbeb756-6233-4051-9f1a-ba41ffbb0984",
            "ticker": "HIGHMIA-24OCT12-B83.5",
            "count": 3,
            "created_time": "2024-10-12T15:57:39.923964Z",
            "yes_price": 68,
            "no_price": 32,
            "taker_side": "yes"
        },
        {
            "trade_id": "6721a8fa-9bae-497a-a850-9c0bcded7bbe",
            "ticker": "HIGHMIA-24OCT12-B83.5",
            "count": 3,
            "created_time": "2024-10-12T15:57:39.923964Z",
            "yes_price": 69,
            "no_price": 31,
            "taker_side": "yes"
        },
        {
            "trade_id": "2157c792-b443-4c32-8d8d-4b1d1e1bec40",
            "ticker": "HIGHMIA-24OCT12-B83.5",
            "count": 5,
            "created_time": "2024-10-12T13:40:37.439788Z",
            "yes_price": 96,
            "no_price": 4,
            "taker_side": "yes"
        },
        {
            "trade_id": "c0804846-10ab-425a-a813-d01fc82c7f58",
            "ticker": "HIGHMIA-24OCT12-B83.5",
            "count": 150,
            "created_time": "2024-10-12T03:57:19.329609Z",
            "yes_price": 37,
            "no_price": 63,
            "taker_side": "yes"
        },
        {
            "trade_id": "8c95ee78-9385-4bfb-a95e-2cd96722b108",
            "ticker": "HIGHMIA-24OCT12-B83.5",
            "count": 60,
            "created_time": "2024-10-12T03:57:19.329609Z",
            "yes_price": 35,
            "no_price": 65,
            "taker_side": "yes"
        },
        {
            "trade_id": "450d722a-37e5-4e85-beb5-f9f945dc4427",
            "ticker": "HIGHMIA-24OCT12-B83.5",
            "count": 39,
            "created_time": "2024-10-12T03:57:19.329609Z",
            "yes_price": 34,
            "no_price": 66,
            "taker_side": "yes"
        },
        {
            "trade_id": "5f39b831-a350-42a4-ab1e-efaf07bcf4be",
            "ticker": "HIGHMIA-24OCT12-B83.5",
            "count": 23,
            "created_time": "2024-10-12T01:52:34.959572Z",
            "yes_price": 28,
            "no_price": 72,
            "taker_side": "no"
        },
        {
            "trade_id": "843acb35-f0b2-411b-a2cb-b7386b391a19",
            "ticker": "HIGHMIA-24OCT12-B83.5",
            "count": 54,
            "created_time": "2024-10-12T01:42:02.539528Z",
            "yes_price": 35,
            "no_price": 65,
            "taker_side": "yes"
        },
        {
            "trade_id": "7c53f2e1-e0e9-48c5-b8b5-66b1bed40e42",
            "ticker": "HIGHMIA-24OCT12-B83.5",
            "count": 11,
            "created_time": "2024-10-11T22:49:43.576765Z",
            "yes_price": 30,
            "no_price": 70,
            "taker_side": "yes"
        },
        {
            "trade_id": "354a1abc-d6f8-4485-8f47-43300c3c9b9a",
            "ticker": "HIGHMIA-24OCT12-B83.5",
            "count": 60,
            "created_time": "2024-10-11T14:52:29.422414Z",
            "yes_price": 23,
            "no_price": 77,
            "taker_side": "no"
        },
        {
            "trade_id": "90212f99-85f2-471e-a2ef-217cd6c4839c",
            "ticker": "HIGHMIA-24OCT12-B83.5",
            "count": 90,
            "created_time": "2024-10-11T14:21:39.121173Z",
            "yes_price": 25,
            "no_price": 75,
            "taker_side": "yes"
        }
    ],
    "HIGHMIA-24OCT12-B85.5": [
        {
            "trade_id": "ca8a9db4-f233-449c-b0f2-edede031cefb",
            "ticker": "HIGHMIA-24OCT12-B85.5",
            "count": 50,
            "created_time": "2024-10-12T20:12:03.989648Z",
            "yes_price": 1,
            "no_price": 99,
            "taker_side": "no"
        },
        {
            "trade_id": "171cb291-158e-4640-8231-200647bea2b4",
            "ticker": "HIGHMIA-24OCT12-B85.5",
            "count": 50,
            "created_time": "2024-10-12T20:12:03.989648Z",
            "yes_price": 10,
            "no_price": 90,
            "taker_side": "no"
        },
        {
            "trade_id": "8a94b263-1e07-4c21-8980-cf8c20622000",
            "ticker": "HIGHMIA-24OCT12-B85.5",
            "count": 30,
            "created_time": "2024-10-12T18:14:09.826983Z",
            "yes_price": 10,
            "no_price": 90,
            "taker_side": "no"
        },
        {
            "trade_id": "d91b9879-b8c0-4919-af9e-718b6827b37c",
            "ticker": "HIGHMIA-24OCT12-B85.5",
            "count": 14,
            "created_time": "2024-10-12T17:57:05.44873Z",
            "yes_price": 14,
            "no_price": 86,
            "taker_side": "no"
        },
        {
            "trade_id": "5c2eaddf-5eb4-4ff7-a2c3-7d62d17ba829",
            "ticker": "HIGHMIA-24OCT12-B85.5",
            "count": 2,
            "created_time": "2024-10-12T16:34:51.210965Z",
            "yes_price": 17,
            "no_price": 83,
            "taker_side": "no"
        },
        {
            "trade_id": "01120b81-da4d-4505-aa51-bdc9362ef9de",
            "ticker": "HIGHMIA-24OCT12-B85.5",
            "count": 3,
            "created_time": "2024-10-12T15:57:35.913585Z",
            "yes_price": 26,
            "no_price": 74,
            "taker_side": "no"
        },
        {
            "trade_id": "d50db3c5-2b53-46c5-98f9-51cb13f41842",
            "ticker": "HIGHMIA-24OCT12-B85.5",
            "count": 13,
            "created_time": "2024-10-12T15:00:59.115531Z",
            "yes_price": 25,
            "no_price": 75,
            "taker_side": "no"
        },
        {
            "trade_id": "7a39bcb5-078c-4233-ae86-4c5d17ee8d44",
            "ticker": "HIGHMIA-24OCT12-B85.5",
            "count": 16,
            "created_time": "2024-10-12T12:38:14.376921Z",
            "yes_price": 60,
            "no_price": 40,
            "taker_side": "yes"
        },
        {
            "trade_id": "6146fbde-9d50-4bed-9a2a-a456e3f481d6",
            "ticker": "HIGHMIA-24OCT12-B85.5",
            "count": 10,
            "created_time": "2024-10-12T12:05:25.792041Z",
            "yes_price": 36,
            "no_price": 64,
            "taker_side": "no"
        },
        {
            "trade_id": "6e76fb67-925b-45c5-ad9f-2f43f4a913d2",
            "ticker": "HIGHMIA-24OCT12-B85.5",
            "count": 46,
            "created_time": "2024-10-12T12:05:05.955818Z",
            "yes_price": 46,
            "no_price": 54,
            "taker_side": "yes"
        },
        {
            "trade_id": "03ffad59-28ab-4197-8789-737f3c63aab4",
            "ticker": "HIGHMIA-24OCT12-B85.5",
            "count": 75,
            "created_time": "2024-10-12T12:05:05.955818Z",
            "yes_price": 44,
            "no_price": 56,
            "taker_side": "yes"
        },
        {
            "trade_id": "1ca58c62-981f-4d55-b952-1d3f32ac4265",
            "ticker": "HIGHMIA-24OCT12-B85.5",
            "count": 60,
            "created_time": "2024-10-12T12:04:46.860416Z",
            "yes_price": 43,
            "no_price": 57,
            "taker_side": "no"
        },
        {
            "trade_id": "7513fc51-cd58-482a-a92a-8c062c6ecefa",
            "ticker": "HIGHMIA-24OCT12-B85.5",
            "count": 60,
            "created_time": "2024-10-12T12:04:29.169383Z",
            "yes_price": 43,
            "no_price": 57,
            "taker_side": "no"
        },
        {
            "trade_id": "8d9fb240-d712-4059-8e83-1d4983f94b95",
            "ticker": "HIGHMIA-24OCT12-B85.5",
            "count": 39,
            "created_time": "2024-10-12T03:57:19.460536Z",
            "yes_price": 52,
            "no_price": 48,
            "taker_side": "no"
        },
        {
            "trade_id": "4d107e5a-9ec7-4edb-aa3b-8e57c926f0df",
            "ticker": "HIGHMIA-24OCT12-B85.5",
            "count": 75,
            "created_time": "2024-10-12T01:32:45.089749Z",
            "yes_price": 52,
            "no_price": 48,
            "taker_side": "no"
        },
        {
            "trade_id": "39286227-7c5b-472c-a047-0766670053d3",
            "ticker": "HIGHMIA-24OCT12-B85.5",
            "count": 15,
            "created_time": "2024-10-12T01:32:31.950728Z",
            "yes_price": 52,
            "no_price": 48,
            "taker_side": "no"
        },
        {
            "trade_id": "b2d00164-6123-48a9-aff6-29d56ad5e8b8",
            "ticker": "HIGHMIA-24OCT12-B85.5",
            "count": 80,
            "created_time": "2024-10-12T00:37:16.631848Z",
            "yes_price": 52,
            "no_price": 48,
            "taker_side": "no"
        },
        {
            "trade_id": "6ad4f683-ca5c-4d41-a0e3-516c2907196e",
            "ticker": "HIGHMIA-24OCT12-B85.5",
            "count": 11,
            "created_time": "2024-10-11T22:49:43.655544Z",
            "yes_price": 52,
            "no_price": 48,
            "taker_side": "no"
        }
    ],
    "HIGHMIA-24OCT12-B87.5": [
        {
            "trade_id": "98cb9da3-4f2e-4a27-95d5-4ab7fc44825f",
            "ticker": "HIGHMIA-24OCT12-B87.5",
            "count": 25,
            "created_time": "2024-10-12T15:57:43.523323Z",
            "yes_price": 1,
            "no_price": 99,
            "taker_side": "no"
        },
        {
            "trade_id": "24a3998a-a18d-4954-a298-47a17b8024f8",
            "ticker": "HIGHMIA-24OCT12-B87.5",
            "count": 25,
            "created_time": "2024-10-12T14:21:48.202833Z",
            "yes_price": 1,
            "no_price": 99,
            "taker_side": "no"
        },
        {
            "trade_id": "d01af2a5-c0cf-4f8c-a2f1-1d7bd42a2911",
            "ticker": "HIGHMIA-24OCT12-B87.5",
            "count": 39,
            "created_time": "2024-10-12T03:57:19.493766Z",
            "yes_price": 11,
            "no_price": 89,
            "taker_side": "no"
        },
        {
            "trade_id": "f978e961-a015-4a19-bd4e-1faccd5350eb",
            "ticker": "HIGHMIA-24OCT12-B87.5",
            "count": 11,
            "created_time": "2024-10-11T22:49:43.685587Z",
            "yes_price": 16,
            "no_price": 84,
            "taker_side": "no"
        }
    ],
    "HIGHMIA-24OCT12-T88": [
        {
            "trade_id": "2f368fa8-a788-4f63-bc73-6931392a0425",
            "ticker": "HIGHMIA-24OCT12-T88",
            "count": 39,
            "created_time": "2024-10-12T03:57:19.501196Z",
            "yes_price": 1,
            "no_price": 99,
            "taker_side": "no"
        },
        {
            "trade_id": "41b1e5c2-fa36-48eb-b640-57693ac4df14",
            "ticker": "HIGHMIA-24OCT12-T88",
            "count": 11,
            "created_time": "2024-10-11T22:49:43.692542Z",
            "yes_price": 1,
            "no_price": 99,
            "taker_side": "no"
        }
    ]
}