{
    "HIGHMIA-24SEP03-T85": [
        {
            "trade_id": "1475a1ce-600d-4062-8881-084f77820c36",
            "ticker": "HIGHMIA-24SEP03-T85",
            "count": 1,
            "created_time": "2024-09-03T14:02:09.366299Z",
            "yes_price": 1,
            "no_price": 99,
            "taker_side": "no"
        },
        {
            "trade_id": "0ab0c192-9db4-4ccb-867a-873b379457fd",
            "ticker": "HIGHMIA-24SEP03-T85",
            "count": 37,
            "created_time": "2024-09-03T14:02:09.366299Z",
            "yes_price": 1,
            "no_price": 99,
            "taker_side": "no"
        },
        {
            "trade_id": "b3564a5e-63e6-46e4-9f7e-e3e4548906ab",
            "ticker": "HIGHMIA-24SEP03-T85",
            "count": 7,
            "created_time": "2024-09-03T13:43:44.907653Z",
            "yes_price": 1,
            "no_price": 99,
            "taker_side": "no"
        },
        {
            "trade_id": "bad6f2c6-0ed4-4e6e-acee-feabfee93307",
            "ticker": "HIGHMIA-24SEP03-T85",
            "count": 4,
            "created_time": "2024-09-02T23:41:30.330723Z",
            "yes_price": 1,
            "no_price": 99,
            "taker_side": "no"
        },
        {
            "trade_id": "d342ee7f-d8c3-478b-9676-4c9cc3ebd147",
            "ticker": "HIGHMIA-24SEP03-T85",
            "count": 2,
            "created_time": "2024-09-02T20:04:34.394112Z",
            "yes_price": 1,
            "no_price": 99,
            "taker_side": "no"
        }
    ],
    "HIGHMIA-24SEP03-B85.5": [
        {
            "trade_id": "db34a806-f528-4da0-bc75-5a752a37cc0b",
            "ticker": "HIGHMIA-24SEP03-B85.5",
            "count": 43,
            "created_time": "2024-09-03T14:50:54.814175Z",
            "yes_price": 1,
            "no_price": 99,
            "taker_side": "no"
        },
        {
            "trade_id": "b0396a82-dc81-477e-86bf-117082fd71e6",
            "ticker": "HIGHMIA-24SEP03-B85.5",
            "count": 1,
            "created_time": "2024-09-03T14:50:54.814175Z",
            "yes_price": 1,
            "no_price": 99,
            "taker_side": "no"
        },
        {
            "trade_id": "3f67a33b-925f-46f5-b157-6fb21526c37a",
            "ticker": "HIGHMIA-24SEP03-B85.5",
            "count": 1,
            "created_time": "2024-09-03T14:49:00.391338Z",
            "yes_price": 1,
            "no_price": 99,
            "taker_side": "no"
        },
        {
            "trade_id": "6b903a63-1bdf-4677-adfe-5fa45218f91d",
            "ticker": "HIGHMIA-24SEP03-B85.5",
            "count": 7,
            "created_time": "2024-09-03T13:43:44.941319Z",
            "yes_price": 41,
            "no_price": 59,
            "taker_side": "no"
        },
        {
            "trade_id": "e3b0a9fe-e32f-43b4-b455-35f0d9f2039c",
            "ticker": "HIGHMIA-24SEP03-B85.5",
            "count": 5,
            "created_time": "2024-09-03T13:43:35.542099Z",
            "yes_price": 97,
            "no_price": 3,
            "taker_side": "yes"
        },
        {
            "trade_id": "a87e5391-4144-4518-9656-f492a818e29e",
            "ticker": "HIGHMIA-24SEP03-B85.5",
            "count": 1,
            "created_time": "2024-09-03T13:43:35.542099Z",
            "yes_price": 96,
            "no_price": 4,
            "taker_side": "yes"
        },
        {
            "trade_id": "62659686-561c-4c6d-a02a-0884afb4f37d",
            "ticker": "HIGHMIA-24SEP03-B85.5",
            "count": 6,
            "created_time": "2024-09-03T13:43:35.542099Z",
            "yes_price": 34,
            "no_price": 66,
            "taker_side": "yes"
        },
        {
            "trade_id": "3ebbd5a5-b474-4d0c-9dae-1699b03232e1",
            "ticker": "HIGHMIA-24SEP03-B85.5",
            "count": 27,
            "created_time": "2024-09-03T13:43:35.542099Z",
            "yes_price": 5,
            "no_price": 95,
            "taker_side": "yes"
        },
        {
            "trade_id": "1de6f661-e595-4954-bff5-b8acf11404d7",
            "ticker": "HIGHMIA-24SEP03-B85.5",
            "count": 1,
            "created_time": "2024-09-03T13:43:35.542099Z",
            "yes_price": 5,
            "no_price": 95,
            "taker_side": "yes"
        },
        {
            "trade_id": "642ba138-8375-45f8-bb6f-86cace3c94e3",
            "ticker": "HIGHMIA-24SEP03-B85.5",
            "count": 4,
            "created_time": "2024-09-02T23:41:30.286209Z",
            "yes_price": 1,
            "no_price": 99,
            "taker_side": "no"
        },
        {
            "trade_id": "850a455f-6646-4e13-a92b-062ff43f679d",
            "ticker": "HIGHMIA-24SEP03-B85.5",
            "count": 2,
            "created_time": "2024-09-02T20:04:34.428602Z",
            "yes_price": 1,
            "no_price": 99,
            "taker_side": "no"
        }
    ],
    "HIGHMIA-24SEP03-B87.5": [
        {
            "trade_id": "7f75dd08-c32a-4782-a07a-1019c59b26dc",
            "ticker": "HIGHMIA-24SEP03-B87.5",
            "count": 40,
            "created_time": "2024-09-03T17:06:36.542572Z",
            "yes_price": 1,
            "no_price": 99,
            "taker_side": "no"
        },
        {
            "trade_id": "8a26d27f-0e06-400a-9cfb-bc5705a4b66a",
            "ticker": "HIGHMIA-24SEP03-B87.5",
            "count": 10,
            "created_time": "2024-09-03T16:56:57.654012Z",
            "yes_price": 1,
            "no_price": 99,
            "taker_side": "no"
        },
        {
            "trade_id": "e38a6377-1418-40ef-8850-dcfea212a291",
            "ticker": "HIGHMIA-24SEP03-B87.5",
            "count": 2,
            "created_time": "2024-09-03T14:58:50.460974Z",
            "yes_price": 13,
            "no_price": 87,
            "taker_side": "yes"
        },
        {
            "trade_id": "6e771c98-1946-45da-9a7a-351924034a2c",
            "ticker": "HIGHMIA-24SEP03-B87.5",
            "count": 1,
            "created_time": "2024-09-03T14:49:00.427785Z",
            "yes_price": 7,
            "no_price": 93,
            "taker_side": "no"
        },
        {
            "trade_id": "b8b725a9-a46d-4ce2-8053-855c8b2b73e8",
            "ticker": "HIGHMIA-24SEP03-B87.5",
            "count": 5,
            "created_time": "2024-09-03T14:02:02.600053Z",
            "yes_price": 7,
            "no_price": 93,
            "taker_side": "yes"
        },
        {
            "trade_id": "ad4e23e4-abd7-487b-9ce6-776edfa23ddc",
            "ticker": "HIGHMIA-24SEP03-B87.5",
            "count": 7,
            "created_time": "2024-09-03T13:43:44.927404Z",
            "yes_price": 5,
            "no_price": 95,
            "taker_side": "no"
        },
        {
            "trade_id": "f68e4344-9c0c-4c4b-9d94-34807bfd34b3",
            "ticker": "HIGHMIA-24SEP03-B87.5",
            "count": 1,
            "created_time": "2024-09-02T23:41:30.329604Z",
            "yes_price": 13,
            "no_price": 87,
            "taker_side": "no"
        },
        {
            "trade_id": "ca8fada4-5c17-4525-9394-fe8b27287dca",
            "ticker": "HIGHMIA-24SEP03-B87.5",
            "count": 1,
            "created_time": "2024-09-02T23:41:30.329604Z",
            "yes_price": 13,
            "no_price": 87,
            "taker_side": "no"
        },
        {
            "trade_id": "42f7542d-ea33-4ead-8766-1d193b0c47fc",
            "ticker": "HIGHMIA-24SEP03-B87.5",
            "count": 2,
            "created_time": "2024-09-02T23:41:30.329604Z",
            "yes_price": 13,
            "no_price": 87,
            "taker_side": "no"
        },
        {
            "trade_id": "8f46b33d-e217-4ccc-ad1a-076065620ac2",
            "ticker": "HIGHMIA-24SEP03-B87.5",
            "count": 2,
            "created_time": "2024-09-02T20:04:34.441211Z",
            "yes_price": 12,
            "no_price": 88,
            "taker_side": "no"
        },
        {
            "trade_id": "c0615531-0dfe-4895-9193-1d5c19b88fb8",
            "ticker": "HIGHMIA-24SEP03-B87.5",
            "count": 1,
            "created_time": "2024-09-02T19:56:33.447872Z",
            "yes_price": 5,
            "no_price": 95,
            "taker_side": "yes"
        },
        {
            "trade_id": "64544bea-5514-48d6-82e8-7de8240435c5",
            "ticker": "HIGHMIA-24SEP03-B87.5",
            "count": 22,
            "created_time": "2024-09-02T19:56:33.447872Z",
            "yes_price": 5,
            "no_price": 95,
            "taker_side": "yes"
        },
        {
            "trade_id": "496f2777-36ab-4777-a37e-88e94b06f346",
            "ticker": "HIGHMIA-24SEP03-B87.5",
            "count": 1,
            "created_time": "2024-09-02T19:56:33.447872Z",
            "yes_price": 5,
            "no_price": 95,
            "taker_side": "yes"
        },
        {
            "trade_id": "5338d23a-cb33-45a0-a475-a715325ec36d",
            "ticker": "HIGHMIA-24SEP03-B87.5",
            "count": 5,
            "created_time": "2024-09-02T15:08:46.080624Z",
            "yes_price": 5,
            "no_price": 95,
            "taker_side": "yes"
        }
    ],
    "HIGHMIA-24SEP03-B89.5": [
        {
            "trade_id": "afea6f06-5a94-46e7-8af8-3649624dd827",
            "ticker": "HIGHMIA-24SEP03-B89.5",
            "count": 15,
            "created_time": "2024-09-03T23:45:31.046007Z",
            "yes_price": 99,
            "no_price": 1,
            "taker_side": "no"
        },
        {
            "trade_id": "5ef0f36d-0df3-409f-8b4a-19a65254e693",
            "ticker": "HIGHMIA-24SEP03-B89.5",
            "count": 50,
            "created_time": "2024-09-03T20:35:42.207228Z",
            "yes_price": 99,
            "no_price": 1,
            "taker_side": "yes"
        },
        {
            "trade_id": "7a97f979-17c2-4f4a-8bb0-f47db42019c2",
            "ticker": "HIGHMIA-24SEP03-B89.5",
            "count": 25,
            "created_time": "2024-09-03T20:22:14.73358Z",
            "yes_price": 97,
            "no_price": 3,
            "taker_side": "yes"
        },
        {
            "trade_id": "e4c94a09-95b0-4faa-a224-5fb2e9fa19aa",
            "ticker": "HIGHMIA-24SEP03-B89.5",
            "count": 5,
            "created_time": "2024-09-03T17:25:27.245085Z",
            "yes_price": 71,
            "no_price": 29,
            "taker_side": "yes"
        },
        {
            "trade_id": "676a9579-8fdb-4813-8e01-1ea8fc68fc5f",
            "ticker": "HIGHMIA-24SEP03-B89.5",
            "count": 1,
            "created_time": "2024-09-03T17:25:27.245085Z",
            "yes_price": 71,
            "no_price": 29,
            "taker_side": "yes"
        },
        {
            "trade_id": "89c1175f-e782-43e6-820f-3b7edbabda87",
            "ticker": "HIGHMIA-24SEP03-B89.5",
            "count": 8,
            "created_time": "2024-09-03T15:39:24.51511Z",
            "yes_price": 41,
            "no_price": 59,
            "taker_side": "no"
        },
        {
            "trade_id": "7c7cd4cf-4168-4213-9d9f-9547dcb1d331",
            "ticker": "HIGHMIA-24SEP03-B89.5",
            "count": 4,
            "created_time": "2024-09-03T15:39:24.51511Z",
            "yes_price": 35,
            "no_price": 65,
            "taker_side": "no"
        },
        {
            "trade_id": "20e1ff19-9127-4a14-acd9-2111a05022ba",
            "ticker": "HIGHMIA-24SEP03-B89.5",
            "count": 5,
            "created_time": "2024-09-03T15:39:24.51511Z",
            "yes_price": 38,
            "no_price": 62,
            "taker_side": "no"
        },
        {
            "trade_id": "48ac1d42-8a87-417b-a694-607c76d4666e",
            "ticker": "HIGHMIA-24SEP03-B89.5",
            "count": 15,
            "created_time": "2024-09-03T14:58:42.528708Z",
            "yes_price": 41,
            "no_price": 59,
            "taker_side": "no"
        },
        {
            "trade_id": "0d5fa3b7-3921-4852-805d-d232d56b9895",
            "ticker": "HIGHMIA-24SEP03-B89.5",
            "count": 1,
            "created_time": "2024-09-03T14:49:00.390254Z",
            "yes_price": 41,
            "no_price": 59,
            "taker_side": "no"
        },
        {
            "trade_id": "b55c49e7-3c7c-497e-8993-3837765f56cc",
            "ticker": "HIGHMIA-24SEP03-B89.5",
            "count": 7,
            "created_time": "2024-09-03T13:43:44.935559Z",
            "yes_price": 54,
            "no_price": 46,
            "taker_side": "no"
        },
        {
            "trade_id": "83b03a14-8a84-465a-a406-0a9eec310e46",
            "ticker": "HIGHMIA-24SEP03-B89.5",
            "count": 15,
            "created_time": "2024-09-03T13:43:22.170775Z",
            "yes_price": 63,
            "no_price": 37,
            "taker_side": "yes"
        },
        {
            "trade_id": "eb24770e-0086-4850-a457-97ac19c618f6",
            "ticker": "HIGHMIA-24SEP03-B89.5",
            "count": 98,
            "created_time": "2024-09-03T13:11:48.464034Z",
            "yes_price": 53,
            "no_price": 47,
            "taker_side": "no"
        },
        {
            "trade_id": "17bacb9b-ea3a-4e7c-bea2-3b032e025ce9",
            "ticker": "HIGHMIA-24SEP03-B89.5",
            "count": 4,
            "created_time": "2024-09-03T13:11:48.464034Z",
            "yes_price": 52,
            "no_price": 48,
            "taker_side": "no"
        },
        {
            "trade_id": "fe2fdcf4-d9be-4221-a194-47b20b4f52e7",
            "ticker": "HIGHMIA-24SEP03-B89.5",
            "count": 2,
            "created_time": "2024-09-03T12:49:01.309801Z",
            "yes_price": 47,
            "no_price": 53,
            "taker_side": "no"
        },
        {
            "trade_id": "a6ef941f-ad54-4fa4-81c6-0457a4c702e6",
            "ticker": "HIGHMIA-24SEP03-B89.5",
            "count": 36,
            "created_time": "2024-09-03T12:49:01.309801Z",
            "yes_price": 50,
            "no_price": 50,
            "taker_side": "no"
        },
        {
            "trade_id": "9320252f-a8fa-446e-811c-a5102d019c47",
            "ticker": "HIGHMIA-24SEP03-B89.5",
            "count": 22,
            "created_time": "2024-09-03T12:48:16.348515Z",
            "yes_price": 49,
            "no_price": 51,
            "taker_side": "no"
        },
        {
            "trade_id": "8c80f290-b54c-46e4-b91e-c8b436b2adf9",
            "ticker": "HIGHMIA-24SEP03-B89.5",
            "count": 36,
            "created_time": "2024-09-03T12:48:16.348515Z",
            "yes_price": 52,
            "no_price": 48,
            "taker_side": "no"
        },
        {
            "trade_id": "f8fd547b-d77f-4ecc-927f-fe28215e0e48",
            "ticker": "HIGHMIA-24SEP03-B89.5",
            "count": 180,
            "created_time": "2024-09-03T12:46:51.80578Z",
            "yes_price": 54,
            "no_price": 46,
            "taker_side": "no"
        },
        {
            "trade_id": "e7d1e3a8-873d-4c11-830f-1caef096c56e",
            "ticker": "HIGHMIA-24SEP03-B89.5",
            "count": 1,
            "created_time": "2024-09-03T12:46:51.80578Z",
            "yes_price": 55,
            "no_price": 45,
            "taker_side": "no"
        },
        {
            "trade_id": "d5e386ae-dc40-4fdc-9c0b-ecb90a511d68",
            "ticker": "HIGHMIA-24SEP03-B89.5",
            "count": 16,
            "created_time": "2024-09-03T12:46:51.80578Z",
            "yes_price": 44,
            "no_price": 56,
            "taker_side": "no"
        },
        {
            "trade_id": "cf3e9786-6c37-41ca-8da6-e37102d59916",
            "ticker": "HIGHMIA-24SEP03-B89.5",
            "count": 180,
            "created_time": "2024-09-03T12:46:51.80578Z",
            "yes_price": 52,
            "no_price": 48,
            "taker_side": "no"
        },
        {
            "trade_id": "1d7ea497-6347-4142-8202-e00eb64e1a49",
            "ticker": "HIGHMIA-24SEP03-B89.5",
            "count": 54,
            "created_time": "2024-09-03T12:46:51.80578Z",
            "yes_price": 56,
            "no_price": 44,
            "taker_side": "no"
        },
        {
            "trade_id": "de1b52be-d70f-4572-8a17-222be3d33669",
            "ticker": "HIGHMIA-24SEP03-B89.5",
            "count": 5,
            "created_time": "2024-09-03T12:37:35.263868Z",
            "yes_price": 65,
            "no_price": 35,
            "taker_side": "yes"
        },
        {
            "trade_id": "7203a0ae-7756-41a7-b9f9-fdca2a2f68bd",
            "ticker": "HIGHMIA-24SEP03-B89.5",
            "count": 20,
            "created_time": "2024-09-03T12:22:11.582299Z",
            "yes_price": 60,
            "no_price": 40,
            "taker_side": "yes"
        },
        {
            "trade_id": "b756c458-ec54-4bda-82d2-b3a1c688a389",
            "ticker": "HIGHMIA-24SEP03-B89.5",
            "count": 31,
            "created_time": "2024-09-03T12:17:29.497901Z",
            "yes_price": 50,
            "no_price": 50,
            "taker_side": "no"
        },
        {
            "trade_id": "a2123db9-86f3-4feb-b519-fe983800f32f",
            "ticker": "HIGHMIA-24SEP03-B89.5",
            "count": 18,
            "created_time": "2024-09-03T12:17:29.497901Z",
            "yes_price": 53,
            "no_price": 47,
            "taker_side": "no"
        },
        {
            "trade_id": "f47d324c-829e-4d21-bb20-acb9ac47b455",
            "ticker": "HIGHMIA-24SEP03-B89.5",
            "count": 10,
            "created_time": "2024-09-03T12:00:14.602546Z",
            "yes_price": 59,
            "no_price": 41,
            "taker_side": "no"
        },
        {
            "trade_id": "7241ae9e-1915-46e9-a172-ad5437b5c26a",
            "ticker": "HIGHMIA-24SEP03-B89.5",
            "count": 1,
            "created_time": "2024-09-03T12:00:14.587335Z",
            "yes_price": 60,
            "no_price": 40,
            "taker_side": "no"
        },
        {
            "trade_id": "d9638d42-ffc0-4d86-88d1-6b4c3c4d83c2",
            "ticker": "HIGHMIA-24SEP03-B89.5",
            "count": 15,
            "created_time": "2024-09-03T02:29:40.070314Z",
            "yes_price": 65,
            "no_price": 35,
            "taker_side": "yes"
        },
        {
            "trade_id": "6739d18a-0090-409c-aa31-a46af1da7076",
            "ticker": "HIGHMIA-24SEP03-B89.5",
            "count": 54,
            "created_time": "2024-09-03T01:46:35.493747Z",
            "yes_price": 67,
            "no_price": 33,
            "taker_side": "yes"
        },
        {
            "trade_id": "d5780b61-a190-4e52-8770-64488b2c4813",
            "ticker": "HIGHMIA-24SEP03-B89.5",
            "count": 1,
            "created_time": "2024-09-03T01:34:14.8023Z",
            "yes_price": 66,
            "no_price": 34,
            "taker_side": "yes"
        },
        {
            "trade_id": "c4311616-0de9-4b85-aec9-22c54862641c",
            "ticker": "HIGHMIA-24SEP03-B89.5",
            "count": 77,
            "created_time": "2024-09-03T01:34:14.8023Z",
            "yes_price": 66,
            "no_price": 34,
            "taker_side": "yes"
        },
        {
            "trade_id": "b4ecb727-9cd8-4256-b180-82814a82ff02",
            "ticker": "HIGHMIA-24SEP03-B89.5",
            "count": 36,
            "created_time": "2024-09-03T01:34:14.8023Z",
            "yes_price": 66,
            "no_price": 34,
            "taker_side": "yes"
        },
        {
            "trade_id": "78e551c6-b518-414a-9887-db55d50b3446",
            "ticker": "HIGHMIA-24SEP03-B89.5",
            "count": 54,
            "created_time": "2024-09-02T23:41:49.039638Z",
            "yes_price": 61,
            "no_price": 39,
            "taker_side": "yes"
        },
        {
            "trade_id": "d340d44e-7ecc-4980-9aa3-bd3ec470638f",
            "ticker": "HIGHMIA-24SEP03-B89.5",
            "count": 180,
            "created_time": "2024-09-02T23:41:36.049852Z",
            "yes_price": 63,
            "no_price": 37,
            "taker_side": "yes"
        },
        {
            "trade_id": "f496730c-8a70-4ca9-90c5-a435822ec6bc",
            "ticker": "HIGHMIA-24SEP03-B89.5",
            "count": 4,
            "created_time": "2024-09-02T23:41:30.161677Z",
            "yes_price": 58,
            "no_price": 42,
            "taker_side": "yes"
        },
        {
            "trade_id": "ceadaf95-8bdf-47d8-9e86-bf7b88255af0",
            "ticker": "HIGHMIA-24SEP03-B89.5",
            "count": 9,
            "created_time": "2024-09-02T23:41:30.161677Z",
            "yes_price": 61,
            "no_price": 39,
            "taker_side": "yes"
        },
        {
            "trade_id": "b249cd19-30ca-4077-b535-e1a5eb80c280",
            "ticker": "HIGHMIA-24SEP03-B89.5",
            "count": 72,
            "created_time": "2024-09-02T23:41:30.161677Z",
            "yes_price": 58,
            "no_price": 42,
            "taker_side": "yes"
        },
        {
            "trade_id": "a76901d5-f3b7-48e5-bd77-2fa2dcc01965",
            "ticker": "HIGHMIA-24SEP03-B89.5",
            "count": 1,
            "created_time": "2024-09-02T23:41:30.161677Z",
            "yes_price": 61,
            "no_price": 39,
            "taker_side": "yes"
        },
        {
            "trade_id": "12ee68ca-40f5-4403-b84c-c5e7de59b4d5",
            "ticker": "HIGHMIA-24SEP03-B89.5",
            "count": 180,
            "created_time": "2024-09-02T23:41:30.161677Z",
            "yes_price": 61,
            "no_price": 39,
            "taker_side": "yes"
        },
        {
            "trade_id": "ce87929b-1864-46bb-afcf-999d3b463515",
            "ticker": "HIGHMIA-24SEP03-B89.5",
            "count": 1,
            "created_time": "2024-09-02T22:24:30.806516Z",
            "yes_price": 59,
            "no_price": 41,
            "taker_side": "no"
        },
        {
            "trade_id": "46ec2550-8f0e-4a6e-ad30-57b8eeaf956b",
            "ticker": "HIGHMIA-24SEP03-B89.5",
            "count": 2,
            "created_time": "2024-09-02T22:24:30.806516Z",
            "yes_price": 59,
            "no_price": 41,
            "taker_side": "no"
        },
        {
            "trade_id": "d0395334-e68c-47b8-a1a1-1f36531251af",
            "ticker": "HIGHMIA-24SEP03-B89.5",
            "count": 1,
            "created_time": "2024-09-02T21:04:16.437703Z",
            "yes_price": 61,
            "no_price": 39,
            "taker_side": "no"
        },
        {
            "trade_id": "a34744d0-247e-4784-8ad0-5f4170c55837",
            "ticker": "HIGHMIA-24SEP03-B89.5",
            "count": 1,
            "created_time": "2024-09-02T21:04:16.437703Z",
            "yes_price": 61,
            "no_price": 39,
            "taker_side": "no"
        },
        {
            "trade_id": "9805afe5-a523-4249-bcb3-41671b3a3592",
            "ticker": "HIGHMIA-24SEP03-B89.5",
            "count": 2,
            "created_time": "2024-09-02T20:04:34.338014Z",
            "yes_price": 61,
            "no_price": 39,
            "taker_side": "no"
        },
        {
            "trade_id": "431b2db4-6836-4a06-bc19-0c1d6f4775fe",
            "ticker": "HIGHMIA-24SEP03-B89.5",
            "count": 13,
            "created_time": "2024-09-02T20:04:34.282122Z",
            "yes_price": 61,
            "no_price": 39,
            "taker_side": "yes"
        },
        {
            "trade_id": "3249baeb-7ba4-4a94-a849-bddd97183e27",
            "ticker": "HIGHMIA-24SEP03-B89.5",
            "count": 18,
            "created_time": "2024-09-02T20:00:37.712546Z",
            "yes_price": 61,
            "no_price": 39,
            "taker_side": "yes"
        },
        {
            "trade_id": "43bfcad3-f26d-4cbb-8238-28373e53714d",
            "ticker": "HIGHMIA-24SEP03-B89.5",
            "count": 180,
            "created_time": "2024-09-02T20:00:37.693654Z",
            "yes_price": 61,
            "no_price": 39,
            "taker_side": "yes"
        },
        {
            "trade_id": "31263acd-92cd-48ce-8b52-75248ac3cd94",
            "ticker": "HIGHMIA-24SEP03-B89.5",
            "count": 20,
            "created_time": "2024-09-02T19:02:44.362438Z",
            "yes_price": 61,
            "no_price": 39,
            "taker_side": "yes"
        },
        {
            "trade_id": "d98f7606-531d-402d-a29f-b175147bd3ee",
            "ticker": "HIGHMIA-24SEP03-B89.5",
            "count": 36,
            "created_time": "2024-09-02T17:45:28.529819Z",
            "yes_price": 53,
            "no_price": 47,
            "taker_side": "yes"
        },
        {
            "trade_id": "88be51be-c7c8-4174-becd-2a23ce9ff08f",
            "ticker": "HIGHMIA-24SEP03-B89.5",
            "count": 1,
            "created_time": "2024-09-02T17:45:28.529819Z",
            "yes_price": 53,
            "no_price": 47,
            "taker_side": "yes"
        },
        {
            "trade_id": "86f4755a-96e1-4c17-96ba-ef2ed8d8a4ef",
            "ticker": "HIGHMIA-24SEP03-B89.5",
            "count": 1,
            "created_time": "2024-09-02T17:45:28.529819Z",
            "yes_price": 53,
            "no_price": 47,
            "taker_side": "yes"
        },
        {
            "trade_id": "fa3f9d48-cc44-40cb-a51f-595a337bfa0a",
            "ticker": "HIGHMIA-24SEP03-B89.5",
            "count": 5,
            "created_time": "2024-09-02T15:08:31.667338Z",
            "yes_price": 59,
            "no_price": 41,
            "taker_side": "yes"
        },
        {
            "trade_id": "6a87c966-0c81-427d-a829-8df4e16e43c1",
            "ticker": "HIGHMIA-24SEP03-B89.5",
            "count": 22,
            "created_time": "2024-09-02T15:00:41.651839Z",
            "yes_price": 47,
            "no_price": 53,
            "taker_side": "yes"
        },
        {
            "trade_id": "eb8da364-edc3-46d6-b81f-d1bed7eadd1c",
            "ticker": "HIGHMIA-24SEP03-B89.5",
            "count": 167,
            "created_time": "2024-09-02T14:30:59.949932Z",
            "yes_price": 53,
            "no_price": 47,
            "taker_side": "yes"
        },
        {
            "trade_id": "80a78aa2-b32f-46bc-bee2-d14f950e68c0",
            "ticker": "HIGHMIA-24SEP03-B89.5",
            "count": 36,
            "created_time": "2024-09-02T14:30:59.949932Z",
            "yes_price": 48,
            "no_price": 52,
            "taker_side": "yes"
        },
        {
            "trade_id": "64834954-e0d9-4822-85c4-91e9ce1059e7",
            "ticker": "HIGHMIA-24SEP03-B89.5",
            "count": 180,
            "created_time": "2024-09-02T14:30:59.949932Z",
            "yes_price": 51,
            "no_price": 49,
            "taker_side": "yes"
        }
    ],
    "HIGHMIA-24SEP03-B91.5": [
        {
            "trade_id": "649f79b7-e529-4f2b-86d3-335fa091b1ce",
            "ticker": "HIGHMIA-24SEP03-B91.5",
            "count": 50,
            "created_time": "2024-09-03T20:35:50.827834Z",
            "yes_price": 1,
            "no_price": 99,
            "taker_side": "no"
        },
        {
            "trade_id": "8c817870-42e3-4343-8250-8486c42ac950",
            "ticker": "HIGHMIA-24SEP03-B91.5",
            "count": 6,
            "created_time": "2024-09-03T16:36:02.322526Z",
            "yes_price": 35,
            "no_price": 65,
            "taker_side": "no"
        },
        {
            "trade_id": "a54e31e7-17bd-42d4-873d-da45ce0c440f",
            "ticker": "HIGHMIA-24SEP03-B91.5",
            "count": 5,
            "created_time": "2024-09-03T16:19:49.271357Z",
            "yes_price": 31,
            "no_price": 69,
            "taker_side": "yes"
        },
        {
            "trade_id": "a00d9982-1954-42ae-936c-599577c86aad",
            "ticker": "HIGHMIA-24SEP03-B91.5",
            "count": 11,
            "created_time": "2024-09-03T16:19:49.271357Z",
            "yes_price": 63,
            "no_price": 37,
            "taker_side": "yes"
        },
        {
            "trade_id": "75a6bce7-370e-48ac-a9a1-24c24c093b83",
            "ticker": "HIGHMIA-24SEP03-B91.5",
            "count": 81,
            "created_time": "2024-09-03T16:19:49.271357Z",
            "yes_price": 19,
            "no_price": 81,
            "taker_side": "yes"
        },
        {
            "trade_id": "70c00617-dc1d-47b7-a74f-f6ba8a6e7cca",
            "ticker": "HIGHMIA-24SEP03-B91.5",
            "count": 1,
            "created_time": "2024-09-03T16:19:49.271357Z",
            "yes_price": 62,
            "no_price": 38,
            "taker_side": "yes"
        },
        {
            "trade_id": "b92827c9-9735-49c8-8845-14e7baf64d15",
            "ticker": "HIGHMIA-24SEP03-B91.5",
            "count": 10,
            "created_time": "2024-09-03T15:37:51.44927Z",
            "yes_price": 19,
            "no_price": 81,
            "taker_side": "yes"
        },
        {
            "trade_id": "735a9b80-2023-4776-b857-5a0dfb11703c",
            "ticker": "HIGHMIA-24SEP03-B91.5",
            "count": 1,
            "created_time": "2024-09-03T14:49:00.275172Z",
            "yes_price": 62,
            "no_price": 38,
            "taker_side": "yes"
        },
        {
            "trade_id": "a5ba0215-e7e9-4e75-bf7b-2c6c138f54f5",
            "ticker": "HIGHMIA-24SEP03-B91.5",
            "count": 500,
            "created_time": "2024-09-03T14:02:49.942569Z",
            "yes_price": 20,
            "no_price": 80,
            "taker_side": "no"
        },
        {
            "trade_id": "52f732dc-b2ca-47c6-8434-58de3827b627",
            "ticker": "HIGHMIA-24SEP03-B91.5",
            "count": 7,
            "created_time": "2024-09-03T13:43:44.965074Z",
            "yes_price": 26,
            "no_price": 74,
            "taker_side": "no"
        },
        {
            "trade_id": "8e8836ee-251a-4e8b-b7ec-e3207a3425fb",
            "ticker": "HIGHMIA-24SEP03-B91.5",
            "count": 8,
            "created_time": "2024-09-03T12:00:28.828421Z",
            "yes_price": 36,
            "no_price": 64,
            "taker_side": "no"
        },
        {
            "trade_id": "4b161754-5da9-4db2-8b9d-a5271c688246",
            "ticker": "HIGHMIA-24SEP03-B91.5",
            "count": 108,
            "created_time": "2024-09-03T01:22:38.970241Z",
            "yes_price": 28,
            "no_price": 72,
            "taker_side": "yes"
        },
        {
            "trade_id": "5f94c436-67ee-47d6-b82f-f3d10b4b2fe5",
            "ticker": "HIGHMIA-24SEP03-B91.5",
            "count": 90,
            "created_time": "2024-09-03T01:22:17.951971Z",
            "yes_price": 27,
            "no_price": 73,
            "taker_side": "yes"
        },
        {
            "trade_id": "eabf8181-6196-4972-bbcf-d2bdede6814e",
            "ticker": "HIGHMIA-24SEP03-B91.5",
            "count": 108,
            "created_time": "2024-09-03T01:21:57.956367Z",
            "yes_price": 26,
            "no_price": 74,
            "taker_side": "yes"
        },
        {
            "trade_id": "f4a23146-371c-4147-a504-f45755bddb88",
            "ticker": "HIGHMIA-24SEP03-B91.5",
            "count": 108,
            "created_time": "2024-09-03T01:21:44.197998Z",
            "yes_price": 25,
            "no_price": 75,
            "taker_side": "yes"
        },
        {
            "trade_id": "7424bd56-fa94-48fe-bae2-00c1c7c345fd",
            "ticker": "HIGHMIA-24SEP03-B91.5",
            "count": 1,
            "created_time": "2024-09-03T01:21:44.197998Z",
            "yes_price": 25,
            "no_price": 75,
            "taker_side": "yes"
        },
        {
            "trade_id": "ea7c50ba-b9ee-4df6-a3cb-abe26dd8ad5d",
            "ticker": "HIGHMIA-24SEP03-B91.5",
            "count": 1,
            "created_time": "2024-09-03T00:16:35.601557Z",
            "yes_price": 26,
            "no_price": 74,
            "taker_side": "no"
        },
        {
            "trade_id": "c3c9d8af-c75c-4161-890f-f99e3b61fd18",
            "ticker": "HIGHMIA-24SEP03-B91.5",
            "count": 28,
            "created_time": "2024-09-03T00:16:35.601557Z",
            "yes_price": 26,
            "no_price": 74,
            "taker_side": "no"
        },
        {
            "trade_id": "0ddfc652-81f7-44fa-95bf-178d60e336d3",
            "ticker": "HIGHMIA-24SEP03-B91.5",
            "count": 72,
            "created_time": "2024-09-03T00:08:36.202075Z",
            "yes_price": 26,
            "no_price": 74,
            "taker_side": "no"
        },
        {
            "trade_id": "cad1def2-c412-4fee-919b-26d6fc12d94a",
            "ticker": "HIGHMIA-24SEP03-B91.5",
            "count": 4,
            "created_time": "2024-09-02T23:41:30.306521Z",
            "yes_price": 28,
            "no_price": 72,
            "taker_side": "no"
        },
        {
            "trade_id": "f6ef4119-fb87-4218-b866-8e4f6e728980",
            "ticker": "HIGHMIA-24SEP03-B91.5",
            "count": 1,
            "created_time": "2024-09-02T21:43:20.014975Z",
            "yes_price": 22,
            "no_price": 78,
            "taker_side": "yes"
        },
        {
            "trade_id": "3725d83f-5740-475b-ba43-6d6dc2727801",
            "ticker": "HIGHMIA-24SEP03-B91.5",
            "count": 90,
            "created_time": "2024-09-02T21:43:20.014975Z",
            "yes_price": 22,
            "no_price": 78,
            "taker_side": "yes"
        },
        {
            "trade_id": "7e21e2b7-e9d6-46af-a5dc-9bd0d7f9a851",
            "ticker": "HIGHMIA-24SEP03-B91.5",
            "count": 20,
            "created_time": "2024-09-02T20:12:31.972665Z",
            "yes_price": 22,
            "no_price": 78,
            "taker_side": "no"
        },
        {
            "trade_id": "4cf60770-3a4d-4118-8f31-358345711598",
            "ticker": "HIGHMIA-24SEP03-B91.5",
            "count": 126,
            "created_time": "2024-09-02T20:08:38.586566Z",
            "yes_price": 22,
            "no_price": 78,
            "taker_side": "no"
        },
        {
            "trade_id": "11c3fe88-4f4d-4ae5-9e81-1c63d70fb0f1",
            "ticker": "HIGHMIA-24SEP03-B91.5",
            "count": 18,
            "created_time": "2024-09-02T20:08:34.29182Z",
            "yes_price": 22,
            "no_price": 78,
            "taker_side": "no"
        },
        {
            "trade_id": "017b39e5-2860-408a-980b-174b9020ac8a",
            "ticker": "HIGHMIA-24SEP03-B91.5",
            "count": 36,
            "created_time": "2024-09-02T20:04:48.719816Z",
            "yes_price": 22,
            "no_price": 78,
            "taker_side": "no"
        },
        {
            "trade_id": "16bbc8b6-4e07-4a5c-8d55-76a4353dcecc",
            "ticker": "HIGHMIA-24SEP03-B91.5",
            "count": 2,
            "created_time": "2024-09-02T20:04:34.446153Z",
            "yes_price": 22,
            "no_price": 78,
            "taker_side": "no"
        },
        {
            "trade_id": "f24bf95a-b32f-4426-a21d-d6c79d765e6e",
            "ticker": "HIGHMIA-24SEP03-B91.5",
            "count": 18,
            "created_time": "2024-09-02T20:04:34.409318Z",
            "yes_price": 22,
            "no_price": 78,
            "taker_side": "no"
        },
        {
            "trade_id": "c0a111a0-1628-4cb4-85ad-d108bb186657",
            "ticker": "HIGHMIA-24SEP03-B91.5",
            "count": 180,
            "created_time": "2024-09-02T20:04:34.382094Z",
            "yes_price": 22,
            "no_price": 78,
            "taker_side": "no"
        },
        {
            "trade_id": "c72d50d8-fb9d-4693-bcc5-bcca7d65f44b",
            "ticker": "HIGHMIA-24SEP03-B91.5",
            "count": 18,
            "created_time": "2024-09-02T18:18:59.893879Z",
            "yes_price": 28,
            "no_price": 72,
            "taker_side": "no"
        },
        {
            "trade_id": "1de4da73-f4cf-4673-92ed-a16563e1a348",
            "ticker": "HIGHMIA-24SEP03-B91.5",
            "count": 180,
            "created_time": "2024-09-02T18:18:59.893879Z",
            "yes_price": 26,
            "no_price": 74,
            "taker_side": "no"
        },
        {
            "trade_id": "f093e6b9-7233-41e5-bba5-c9c4713ab354",
            "ticker": "HIGHMIA-24SEP03-B91.5",
            "count": 180,
            "created_time": "2024-09-02T18:17:08.379612Z",
            "yes_price": 28,
            "no_price": 72,
            "taker_side": "no"
        },
        {
            "trade_id": "6991ef3c-5019-40d6-87e2-0323c45c381b",
            "ticker": "HIGHMIA-24SEP03-B91.5",
            "count": 180,
            "created_time": "2024-09-02T18:17:08.379612Z",
            "yes_price": 30,
            "no_price": 70,
            "taker_side": "no"
        },
        {
            "trade_id": "576f1856-8fa8-4f55-bd38-ab96d27e5f38",
            "ticker": "HIGHMIA-24SEP03-B91.5",
            "count": 1,
            "created_time": "2024-09-02T18:17:08.379612Z",
            "yes_price": 32,
            "no_price": 68,
            "taker_side": "no"
        },
        {
            "trade_id": "06154b80-5178-4c43-9403-0796562879ca",
            "ticker": "HIGHMIA-24SEP03-B91.5",
            "count": 72,
            "created_time": "2024-09-02T18:17:08.379612Z",
            "yes_price": 32,
            "no_price": 68,
            "taker_side": "no"
        },
        {
            "trade_id": "3f2dd79c-fdac-4c1a-a587-16f74b98d3ab",
            "ticker": "HIGHMIA-24SEP03-B91.5",
            "count": 77,
            "created_time": "2024-09-02T14:28:36.320614Z",
            "yes_price": 34,
            "no_price": 66,
            "taker_side": "yes"
        },
        {
            "trade_id": "adfef048-9d3f-429b-901e-21caa3241b3f",
            "ticker": "HIGHMIA-24SEP03-B91.5",
            "count": 59,
            "created_time": "2024-09-02T14:12:35.722073Z",
            "yes_price": 24,
            "no_price": 76,
            "taker_side": "yes"
        },
        {
            "trade_id": "adbad888-f3ef-4076-932c-d402498f3548",
            "ticker": "HIGHMIA-24SEP03-B91.5",
            "count": 77,
            "created_time": "2024-09-02T14:12:35.722073Z",
            "yes_price": 29,
            "no_price": 71,
            "taker_side": "yes"
        },
        {
            "trade_id": "bf73258d-2e01-4f56-bf11-f350baf7b789",
            "ticker": "HIGHMIA-24SEP03-B91.5",
            "count": 18,
            "created_time": "2024-09-02T14:12:35.706597Z",
            "yes_price": 24,
            "no_price": 76,
            "taker_side": "yes"
        }
    ],
    "HIGHMIA-24SEP03-T92": [
        {
            "trade_id": "d32a0450-8509-4f24-b5a8-9729087b0d6b",
            "ticker": "HIGHMIA-24SEP03-T92",
            "count": 500,
            "created_time": "2024-09-03T19:41:10.693789Z",
            "yes_price": 1,
            "no_price": 99,
            "taker_side": "no"
        },
        {
            "trade_id": "891d5463-e4ee-43cd-9d9c-3a7477e18e2d",
            "ticker": "HIGHMIA-24SEP03-T92",
            "count": 38,
            "created_time": "2024-09-03T19:41:10.693789Z",
            "yes_price": 1,
            "no_price": 99,
            "taker_side": "no"
        },
        {
            "trade_id": "20c7d34e-d496-402a-b9a0-a11243e81876",
            "ticker": "HIGHMIA-24SEP03-T92",
            "count": 1,
            "created_time": "2024-09-03T14:49:00.411848Z",
            "yes_price": 1,
            "no_price": 99,
            "taker_side": "no"
        },
        {
            "trade_id": "473f8a34-8b04-49a2-9a6b-ca14c96c7c4f",
            "ticker": "HIGHMIA-24SEP03-T92",
            "count": 7,
            "created_time": "2024-09-03T13:43:44.948638Z",
            "yes_price": 1,
            "no_price": 99,
            "taker_side": "no"
        },
        {
            "trade_id": "602d71cd-10ef-456c-933f-45355b1994cd",
            "ticker": "HIGHMIA-24SEP03-T92",
            "count": 4,
            "created_time": "2024-09-02T23:41:30.313257Z",
            "yes_price": 1,
            "no_price": 99,
            "taker_side": "no"
        },
        {
            "trade_id": "252cedc2-c2f9-4fb8-a13d-a3df2b2d5daa",
            "ticker": "HIGHMIA-24SEP03-T92",
            "count": 1,
            "created_time": "2024-09-02T20:04:34.414198Z",
            "yes_price": 5,
            "no_price": 95,
            "taker_side": "no"
        },
        {
            "trade_id": "1a5e9365-d4cb-4ad8-a6f6-ffd900bfdbf9",
            "ticker": "HIGHMIA-24SEP03-T92",
            "count": 1,
            "created_time": "2024-09-02T20:04:34.414198Z",
            "yes_price": 5,
            "no_price": 95,
            "taker_side": "no"
        },
        {
            "trade_id": "98ae291f-01a8-4d86-b8ed-f5c5a369d604",
            "ticker": "HIGHMIA-24SEP03-T92",
            "count": 51,
            "created_time": "2024-09-02T15:44:33.242565Z",
            "yes_price": 6,
            "no_price": 94,
            "taker_side": "yes"
        },
        {
            "trade_id": "39d533ee-3cbc-4d23-846d-d32279663ede",
            "ticker": "HIGHMIA-24SEP03-T92",
            "count": 180,
            "created_time": "2024-09-02T15:40:37.514967Z",
            "yes_price": 6,
            "no_price": 94,
            "taker_side": "yes"
        }
    ]
}