{
    "HIGHMIA-24MAY29-T88": [],
    "HIGHMIA-24MAY29-B88.5": [
        {
            "trade_id": "69dfbd7b-32f4-4043-8a42-e47384e19c36",
            "ticker": "HIGHMIA-24MAY29-B88.5",
            "count": 467,
            "created_time": "2024-05-30T00:12:04.785995Z",
            "yes_price": 1,
            "no_price": 99,
            "taker_side": "yes"
        },
        {
            "trade_id": "832c5306-a921-4e6e-9260-ddfecc3e0a63",
            "ticker": "HIGHMIA-24MAY29-B88.5",
            "count": 280,
            "created_time": "2024-05-29T21:04:52.829174Z",
            "yes_price": 1,
            "no_price": 99,
            "taker_side": "yes"
        },
        {
            "trade_id": "05cc1e84-5a6e-4f73-8075-f9ec421c2430",
            "ticker": "HIGHMIA-24MAY29-B88.5",
            "count": 5,
            "created_time": "2024-05-29T20:56:30.594695Z",
            "yes_price": 1,
            "no_price": 99,
            "taker_side": "yes"
        },
        {
            "trade_id": "0237154b-5d16-495f-92a7-e9c06a056b4b",
            "ticker": "HIGHMIA-24MAY29-B88.5",
            "count": 87,
            "created_time": "2024-05-29T20:56:30.594695Z",
            "yes_price": 1,
            "no_price": 99,
            "taker_side": "yes"
        },
        {
            "trade_id": "ce5f2609-31fb-41d8-b142-9792ce14395b",
            "ticker": "HIGHMIA-24MAY29-B88.5",
            "count": 8,
            "created_time": "2024-05-29T15:35:51.817777Z",
            "yes_price": 1,
            "no_price": 99,
            "taker_side": "no"
        },
        {
            "trade_id": "d042d675-920e-439f-ab94-41509176f8f0",
            "ticker": "HIGHMIA-24MAY29-B88.5",
            "count": 7,
            "created_time": "2024-05-29T15:24:52.454716Z",
            "yes_price": 1,
            "no_price": 99,
            "taker_side": "no"
        },
        {
            "trade_id": "c836af83-fb48-488a-ac46-39b5b5b148eb",
            "ticker": "HIGHMIA-24MAY29-B88.5",
            "count": 5,
            "created_time": "2024-05-29T12:18:24.376726Z",
            "yes_price": 1,
            "no_price": 99,
            "taker_side": "no"
        },
        {
            "trade_id": "bf9e354d-b6e0-4399-a8b8-c6b8d018bfb1",
            "ticker": "HIGHMIA-24MAY29-B88.5",
            "count": 5,
            "created_time": "2024-05-29T12:10:51.569464Z",
            "yes_price": 3,
            "no_price": 97,
            "taker_side": "yes"
        },
        {
            "trade_id": "5c4552fa-37c4-47f4-97a4-8f4deb3201c3",
            "ticker": "HIGHMIA-24MAY29-B88.5",
            "count": 5,
            "created_time": "2024-05-29T12:10:51.569464Z",
            "yes_price": 4,
            "no_price": 96,
            "taker_side": "yes"
        },
        {
            "trade_id": "41618672-adac-4fa8-a535-fe3cf5ef9696",
            "ticker": "HIGHMIA-24MAY29-B88.5",
            "count": 5,
            "created_time": "2024-05-29T12:10:51.569464Z",
            "yes_price": 2,
            "no_price": 98,
            "taker_side": "yes"
        },
        {
            "trade_id": "3a929323-92ae-45a1-aef4-81004ee21eef",
            "ticker": "HIGHMIA-24MAY29-B88.5",
            "count": 10,
            "created_time": "2024-05-29T12:10:51.569464Z",
            "yes_price": 3,
            "no_price": 97,
            "taker_side": "yes"
        },
        {
            "trade_id": "1f0ca753-ce92-4a05-ac52-db08445fa119",
            "ticker": "HIGHMIA-24MAY29-B88.5",
            "count": 5,
            "created_time": "2024-05-29T12:10:51.569464Z",
            "yes_price": 3,
            "no_price": 97,
            "taker_side": "yes"
        },
        {
            "trade_id": "1e8f1563-23ce-4f0e-867f-ec4d60d93cd6",
            "ticker": "HIGHMIA-24MAY29-B88.5",
            "count": 82,
            "created_time": "2024-05-29T12:10:51.569464Z",
            "yes_price": 5,
            "no_price": 95,
            "taker_side": "yes"
        },
        {
            "trade_id": "0fb701a6-5c2b-48d7-8ee8-905043b92685",
            "ticker": "HIGHMIA-24MAY29-B88.5",
            "count": 5,
            "created_time": "2024-05-29T12:10:51.569464Z",
            "yes_price": 4,
            "no_price": 96,
            "taker_side": "yes"
        }
    ],
    "HIGHMIA-24MAY29-B90.5": [
        {
            "trade_id": "1b71cdfd-1ca4-4fd2-9d4a-38c09c41474d",
            "ticker": "HIGHMIA-24MAY29-B90.5",
            "count": 93,
            "created_time": "2024-05-29T20:49:10.866627Z",
            "yes_price": 1,
            "no_price": 99,
            "taker_side": "yes"
        },
        {
            "trade_id": "0b1c53e2-8bbd-48fa-b946-f41ae5e339f5",
            "ticker": "HIGHMIA-24MAY29-B90.5",
            "count": 13,
            "created_time": "2024-05-29T15:35:51.820678Z",
            "yes_price": 9,
            "no_price": 91,
            "taker_side": "no"
        },
        {
            "trade_id": "8ef21986-9d25-4991-ba07-d0c00ec7aa14",
            "ticker": "HIGHMIA-24MAY29-B90.5",
            "count": 7,
            "created_time": "2024-05-29T15:24:52.436712Z",
            "yes_price": 8,
            "no_price": 92,
            "taker_side": "no"
        },
        {
            "trade_id": "8f12978a-4438-4bf8-b9eb-cfc918db6069",
            "ticker": "HIGHMIA-24MAY29-B90.5",
            "count": 5,
            "created_time": "2024-05-28T15:36:29.874764Z",
            "yes_price": 10,
            "no_price": 90,
            "taker_side": "no"
        },
        {
            "trade_id": "17393105-28e5-4fa7-9a69-722c5cb0103a",
            "ticker": "HIGHMIA-24MAY29-B90.5",
            "count": 112,
            "created_time": "2024-05-28T14:20:10.79756Z",
            "yes_price": 10,
            "no_price": 90,
            "taker_side": "no"
        }
    ],
    "HIGHMIA-24MAY29-B92.5": [
        {
            "trade_id": "0a598cf8-b4d4-4454-aec2-4a62ce09aef8",
            "ticker": "HIGHMIA-24MAY29-B92.5",
            "count": 467,
            "created_time": "2024-05-29T22:16:48.423725Z",
            "yes_price": 1,
            "no_price": 99,
            "taker_side": "yes"
        },
        {
            "trade_id": "fdfc48a8-2e23-49f0-9e59-855f692486cf",
            "ticker": "HIGHMIA-24MAY29-B92.5",
            "count": 93,
            "created_time": "2024-05-29T20:48:05.69181Z",
            "yes_price": 1,
            "no_price": 99,
            "taker_side": "yes"
        },
        {
            "trade_id": "f029cf8d-6897-4992-88ed-16785581cca2",
            "ticker": "HIGHMIA-24MAY29-B92.5",
            "count": 935,
            "created_time": "2024-05-29T19:10:01.077222Z",
            "yes_price": 1,
            "no_price": 99,
            "taker_side": "yes"
        },
        {
            "trade_id": "0efd4319-b9dc-47e4-832d-3d08facdc67f",
            "ticker": "HIGHMIA-24MAY29-B92.5",
            "count": 8,
            "created_time": "2024-05-29T17:55:41.726022Z",
            "yes_price": 1,
            "no_price": 99,
            "taker_side": "no"
        },
        {
            "trade_id": "e5faeacd-2d6d-4c36-b9a4-3461e58a88dc",
            "ticker": "HIGHMIA-24MAY29-B92.5",
            "count": 47,
            "created_time": "2024-05-29T15:57:04.54145Z",
            "yes_price": 63,
            "no_price": 37,
            "taker_side": "yes"
        },
        {
            "trade_id": "77eac072-65d5-4803-bbbe-09d473b0befb",
            "ticker": "HIGHMIA-24MAY29-B92.5",
            "count": 13,
            "created_time": "2024-05-29T15:35:51.837327Z",
            "yes_price": 51,
            "no_price": 49,
            "taker_side": "no"
        },
        {
            "trade_id": "524b6948-8a17-46b8-b462-f798e4cd5f10",
            "ticker": "HIGHMIA-24MAY29-B92.5",
            "count": 7,
            "created_time": "2024-05-29T15:24:52.420203Z",
            "yes_price": 51,
            "no_price": 49,
            "taker_side": "no"
        },
        {
            "trade_id": "ad78ef5a-fc6a-474c-9d76-a2cb7f98b018",
            "ticker": "HIGHMIA-24MAY29-B92.5",
            "count": 13,
            "created_time": "2024-05-29T15:09:28.047707Z",
            "yes_price": 56,
            "no_price": 44,
            "taker_side": "no"
        },
        {
            "trade_id": "d054b286-3bc2-4df1-959b-4676d23dc730",
            "ticker": "HIGHMIA-24MAY29-B92.5",
            "count": 67,
            "created_time": "2024-05-29T15:09:23.697801Z",
            "yes_price": 54,
            "no_price": 46,
            "taker_side": "no"
        },
        {
            "trade_id": "81653637-d0be-4d0a-a4f7-126bfa5d1594",
            "ticker": "HIGHMIA-24MAY29-B92.5",
            "count": 33,
            "created_time": "2024-05-29T15:09:20.955417Z",
            "yes_price": 59,
            "no_price": 41,
            "taker_side": "no"
        },
        {
            "trade_id": "3383b4fb-1d39-4827-a8e5-c44f2dc10a36",
            "ticker": "HIGHMIA-24MAY29-B92.5",
            "count": 67,
            "created_time": "2024-05-29T15:09:20.955417Z",
            "yes_price": 56,
            "no_price": 44,
            "taker_side": "no"
        },
        {
            "trade_id": "1535cf6b-87e5-4cc6-99a8-8fbee6db427f",
            "ticker": "HIGHMIA-24MAY29-B92.5",
            "count": 33,
            "created_time": "2024-05-29T15:07:02.841015Z",
            "yes_price": 60,
            "no_price": 40,
            "taker_side": "no"
        },
        {
            "trade_id": "e5373319-151a-4e2c-8d5f-4a3542f3d5dc",
            "ticker": "HIGHMIA-24MAY29-B92.5",
            "count": 26,
            "created_time": "2024-05-29T14:46:00.66803Z",
            "yes_price": 61,
            "no_price": 39,
            "taker_side": "no"
        },
        {
            "trade_id": "0219cf20-e564-4284-970a-f4d44e72d05d",
            "ticker": "HIGHMIA-24MAY29-B92.5",
            "count": 33,
            "created_time": "2024-05-29T14:45:01.768874Z",
            "yes_price": 62,
            "no_price": 38,
            "taker_side": "no"
        },
        {
            "trade_id": "7f546e67-5d74-4f8a-81c1-5611868f3089",
            "ticker": "HIGHMIA-24MAY29-B92.5",
            "count": 33,
            "created_time": "2024-05-29T14:44:50.499826Z",
            "yes_price": 63,
            "no_price": 37,
            "taker_side": "no"
        },
        {
            "trade_id": "6eee9717-80ff-4a9a-8026-7aa465db2cd3",
            "ticker": "HIGHMIA-24MAY29-B92.5",
            "count": 26,
            "created_time": "2024-05-29T14:44:36.03459Z",
            "yes_price": 64,
            "no_price": 36,
            "taker_side": "no"
        },
        {
            "trade_id": "4d1feb55-d74a-411e-90e1-03209ef43dc2",
            "ticker": "HIGHMIA-24MAY29-B92.5",
            "count": 22,
            "created_time": "2024-05-29T14:44:17.764588Z",
            "yes_price": 64,
            "no_price": 36,
            "taker_side": "no"
        },
        {
            "trade_id": "db18134c-ea16-4e9c-8b4d-bbef2535e3fb",
            "ticker": "HIGHMIA-24MAY29-B92.5",
            "count": 28,
            "created_time": "2024-05-29T13:59:20.492752Z",
            "yes_price": 63,
            "no_price": 37,
            "taker_side": "no"
        },
        {
            "trade_id": "b934b738-208c-41bc-b401-f07f42c97ebe",
            "ticker": "HIGHMIA-24MAY29-B92.5",
            "count": 54,
            "created_time": "2024-05-29T13:59:20.492752Z",
            "yes_price": 61,
            "no_price": 39,
            "taker_side": "no"
        },
        {
            "trade_id": "b22d110c-4d03-40c0-9853-0b6854924258",
            "ticker": "HIGHMIA-24MAY29-B92.5",
            "count": 3,
            "created_time": "2024-05-29T13:59:20.492752Z",
            "yes_price": 64,
            "no_price": 36,
            "taker_side": "no"
        },
        {
            "trade_id": "30c6c379-9494-49f7-8357-b4b736490d6b",
            "ticker": "HIGHMIA-24MAY29-B92.5",
            "count": 15,
            "created_time": "2024-05-29T13:59:20.492752Z",
            "yes_price": 57,
            "no_price": 43,
            "taker_side": "no"
        },
        {
            "trade_id": "3e1a8d56-4281-43a4-a48f-747d94e6978a",
            "ticker": "HIGHMIA-24MAY29-B92.5",
            "count": 21,
            "created_time": "2024-05-29T13:50:58.987574Z",
            "yes_price": 64,
            "no_price": 36,
            "taker_side": "no"
        },
        {
            "trade_id": "100e322e-cf32-42b1-9f3f-4d988bd9f072",
            "ticker": "HIGHMIA-24MAY29-B92.5",
            "count": 17,
            "created_time": "2024-05-29T13:50:58.987574Z",
            "yes_price": 62,
            "no_price": 38,
            "taker_side": "no"
        },
        {
            "trade_id": "8f069992-dc5a-45d7-9a3b-e59424783916",
            "ticker": "HIGHMIA-24MAY29-B92.5",
            "count": 145,
            "created_time": "2024-05-29T12:29:43.640012Z",
            "yes_price": 36,
            "no_price": 64,
            "taker_side": "yes"
        },
        {
            "trade_id": "7553429c-590f-472a-bbb9-fa193ca9b78c",
            "ticker": "HIGHMIA-24MAY29-B92.5",
            "count": 145,
            "created_time": "2024-05-29T12:29:43.640012Z",
            "yes_price": 34,
            "no_price": 66,
            "taker_side": "yes"
        },
        {
            "trade_id": "3f8f3c6e-ffab-4adb-a72a-b76d068662ac",
            "ticker": "HIGHMIA-24MAY29-B92.5",
            "count": 72,
            "created_time": "2024-05-29T12:29:43.640012Z",
            "yes_price": 32,
            "no_price": 68,
            "taker_side": "yes"
        },
        {
            "trade_id": "4adb7dcb-3ff1-4288-8495-5422e88ca272",
            "ticker": "HIGHMIA-24MAY29-B92.5",
            "count": 10,
            "created_time": "2024-05-29T00:45:57.445035Z",
            "yes_price": 25,
            "no_price": 75,
            "taker_side": "yes"
        },
        {
            "trade_id": "712deee5-a22c-41fe-b0ec-1b10344a690e",
            "ticker": "HIGHMIA-24MAY29-B92.5",
            "count": 105,
            "created_time": "2024-05-28T23:02:35.963935Z",
            "yes_price": 23,
            "no_price": 77,
            "taker_side": "yes"
        },
        {
            "trade_id": "3ef6fbf6-8500-4555-ba28-230aa7d8d087",
            "ticker": "HIGHMIA-24MAY29-B92.5",
            "count": 30,
            "created_time": "2024-05-28T23:02:11.520684Z",
            "yes_price": 22,
            "no_price": 78,
            "taker_side": "yes"
        },
        {
            "trade_id": "558425e4-7711-4857-8116-896738b7dbb5",
            "ticker": "HIGHMIA-24MAY29-B92.5",
            "count": 80,
            "created_time": "2024-05-28T21:48:52.463272Z",
            "yes_price": 28,
            "no_price": 72,
            "taker_side": "yes"
        },
        {
            "trade_id": "1f8d4fd6-fca7-445f-8734-f9d0450be8fa",
            "ticker": "HIGHMIA-24MAY29-B92.5",
            "count": 95,
            "created_time": "2024-05-28T21:48:52.463272Z",
            "yes_price": 26,
            "no_price": 74,
            "taker_side": "yes"
        },
        {
            "trade_id": "5735d77a-eee8-44d2-b6cd-9c805cdff461",
            "ticker": "HIGHMIA-24MAY29-B92.5",
            "count": 100,
            "created_time": "2024-05-28T20:44:28.623401Z",
            "yes_price": 21,
            "no_price": 79,
            "taker_side": "no"
        },
        {
            "trade_id": "af659925-99ce-406d-9186-edd7ff648b2c",
            "ticker": "HIGHMIA-24MAY29-B92.5",
            "count": 1,
            "created_time": "2024-05-28T20:08:28.349799Z",
            "yes_price": 22,
            "no_price": 78,
            "taker_side": "no"
        },
        {
            "trade_id": "2f6c8a1c-3377-4608-98f6-f4330db9458f",
            "ticker": "HIGHMIA-24MAY29-B92.5",
            "count": 1,
            "created_time": "2024-05-28T17:30:36.860989Z",
            "yes_price": 29,
            "no_price": 71,
            "taker_side": "yes"
        },
        {
            "trade_id": "3da365f3-1ef6-41cc-bc73-f017a56753a5",
            "ticker": "HIGHMIA-24MAY29-B92.5",
            "count": 70,
            "created_time": "2024-05-28T16:11:52.746611Z",
            "yes_price": 40,
            "no_price": 60,
            "taker_side": "yes"
        },
        {
            "trade_id": "e1b692e3-7b38-4c30-9ec0-066a4c96cc1d",
            "ticker": "HIGHMIA-24MAY29-B92.5",
            "count": 42,
            "created_time": "2024-05-28T16:10:15.256647Z",
            "yes_price": 39,
            "no_price": 61,
            "taker_side": "yes"
        },
        {
            "trade_id": "0996704f-8a3f-4f33-85af-682f1341c4d9",
            "ticker": "HIGHMIA-24MAY29-B92.5",
            "count": 5,
            "created_time": "2024-05-28T15:36:29.800203Z",
            "yes_price": 34,
            "no_price": 66,
            "taker_side": "no"
        },
        {
            "trade_id": "afe928e4-8b25-4bb3-a5b7-7a92f05d6efe",
            "ticker": "HIGHMIA-24MAY29-B92.5",
            "count": 11,
            "created_time": "2024-05-28T14:24:27.643321Z",
            "yes_price": 44,
            "no_price": 56,
            "taker_side": "yes"
        },
        {
            "trade_id": "c28a880e-e075-49d9-b77e-0f7ad6ba507f",
            "ticker": "HIGHMIA-24MAY29-B92.5",
            "count": 41,
            "created_time": "2024-05-28T14:23:41.120912Z",
            "yes_price": 44,
            "no_price": 56,
            "taker_side": "yes"
        },
        {
            "trade_id": "c9d3af8e-1141-4431-bbd5-d1a1967af357",
            "ticker": "HIGHMIA-24MAY29-B92.5",
            "count": 41,
            "created_time": "2024-05-28T14:20:36.119262Z",
            "yes_price": 44,
            "no_price": 56,
            "taker_side": "yes"
        }
    ],
    "HIGHMIA-24MAY29-B94.5": [
        {
            "trade_id": "f49c8dae-0536-4244-94b9-467c123eeb71",
            "ticker": "HIGHMIA-24MAY29-B94.5",
            "count": 123,
            "created_time": "2024-05-29T18:38:54.189923Z",
            "yes_price": 97,
            "no_price": 3,
            "taker_side": "yes"
        },
        {
            "trade_id": "ea0735ff-1e0a-40d2-9255-7bda16d2cf76",
            "ticker": "HIGHMIA-24MAY29-B94.5",
            "count": 5,
            "created_time": "2024-05-29T18:38:54.189923Z",
            "yes_price": 61,
            "no_price": 39,
            "taker_side": "yes"
        },
        {
            "trade_id": "3de57b4e-b116-4037-a742-eabc546703cc",
            "ticker": "HIGHMIA-24MAY29-B94.5",
            "count": 5,
            "created_time": "2024-05-29T18:38:54.189923Z",
            "yes_price": 60,
            "no_price": 40,
            "taker_side": "yes"
        },
        {
            "trade_id": "d686c586-825e-4841-9b0e-b59633ac075e",
            "ticker": "HIGHMIA-24MAY29-B94.5",
            "count": 2,
            "created_time": "2024-05-29T17:55:41.726946Z",
            "yes_price": 59,
            "no_price": 41,
            "taker_side": "yes"
        },
        {
            "trade_id": "c63c5627-54d1-4db0-ad44-769ddc31fe3d",
            "ticker": "HIGHMIA-24MAY29-B94.5",
            "count": 3,
            "created_time": "2024-05-29T17:55:41.726946Z",
            "yes_price": 58,
            "no_price": 42,
            "taker_side": "yes"
        },
        {
            "trade_id": "d8979fe7-0f0d-49fa-b1d9-4036bdc3ac28",
            "ticker": "HIGHMIA-24MAY29-B94.5",
            "count": 100,
            "created_time": "2024-05-29T15:38:52.30277Z",
            "yes_price": 15,
            "no_price": 85,
            "taker_side": "no"
        },
        {
            "trade_id": "779abac0-7fdc-411d-b47c-f8dc4471f163",
            "ticker": "HIGHMIA-24MAY29-B94.5",
            "count": 100,
            "created_time": "2024-05-29T15:37:05.486691Z",
            "yes_price": 15,
            "no_price": 85,
            "taker_side": "no"
        },
        {
            "trade_id": "a463d931-cd4c-4aea-b1f3-60b5c44c7cff",
            "ticker": "HIGHMIA-24MAY29-B94.5",
            "count": 8,
            "created_time": "2024-05-29T15:36:35.182874Z",
            "yes_price": 28,
            "no_price": 72,
            "taker_side": "no"
        },
        {
            "trade_id": "846ecd40-4be0-455c-bf8a-ba5e7ddaeb74",
            "ticker": "HIGHMIA-24MAY29-B94.5",
            "count": 13,
            "created_time": "2024-05-29T15:35:51.757399Z",
            "yes_price": 35,
            "no_price": 65,
            "taker_side": "yes"
        },
        {
            "trade_id": "cb22f575-2e15-4605-b139-72811849bf3e",
            "ticker": "HIGHMIA-24MAY29-B94.5",
            "count": 18,
            "created_time": "2024-05-29T15:35:47.939868Z",
            "yes_price": 29,
            "no_price": 71,
            "taker_side": "no"
        },
        {
            "trade_id": "80ca5056-8bcb-49d1-b1f3-bbb8edc0e2c6",
            "ticker": "HIGHMIA-24MAY29-B94.5",
            "count": 9,
            "created_time": "2024-05-29T15:35:47.939868Z",
            "yes_price": 29,
            "no_price": 71,
            "taker_side": "no"
        },
        {
            "trade_id": "70697eb8-15e0-450a-b6d6-827309db3541",
            "ticker": "HIGHMIA-24MAY29-B94.5",
            "count": 7,
            "created_time": "2024-05-29T15:24:52.352838Z",
            "yes_price": 36,
            "no_price": 64,
            "taker_side": "yes"
        },
        {
            "trade_id": "31476210-ae24-4e35-8fe1-c9f5b2682f00",
            "ticker": "HIGHMIA-24MAY29-B94.5",
            "count": 19,
            "created_time": "2024-05-29T15:24:52.352838Z",
            "yes_price": 36,
            "no_price": 64,
            "taker_side": "yes"
        },
        {
            "trade_id": "dcbcaeba-c9f9-4f3b-a261-1fc2b2e9df13",
            "ticker": "HIGHMIA-24MAY29-B94.5",
            "count": 67,
            "created_time": "2024-05-29T15:09:15.916719Z",
            "yes_price": 31,
            "no_price": 69,
            "taker_side": "yes"
        },
        {
            "trade_id": "da84704a-0fb0-4cda-b56e-7b2db62ea614",
            "ticker": "HIGHMIA-24MAY29-B94.5",
            "count": 7,
            "created_time": "2024-05-29T15:09:15.916719Z",
            "yes_price": 33,
            "no_price": 67,
            "taker_side": "yes"
        },
        {
            "trade_id": "b0e5c604-4c49-412d-bfb2-275ec7f0fb56",
            "ticker": "HIGHMIA-24MAY29-B94.5",
            "count": 26,
            "created_time": "2024-05-29T15:09:15.916719Z",
            "yes_price": 29,
            "no_price": 71,
            "taker_side": "yes"
        },
        {
            "trade_id": "8c6cc0af-e6b4-4882-8511-946730a60c1d",
            "ticker": "HIGHMIA-24MAY29-B94.5",
            "count": 67,
            "created_time": "2024-05-29T15:09:15.916719Z",
            "yes_price": 33,
            "no_price": 67,
            "taker_side": "yes"
        },
        {
            "trade_id": "09a5254d-9b1b-4c8e-a655-6460ab6f39d3",
            "ticker": "HIGHMIA-24MAY29-B94.5",
            "count": 3,
            "created_time": "2024-05-29T12:18:10.595959Z",
            "yes_price": 45,
            "no_price": 55,
            "taker_side": "yes"
        },
        {
            "trade_id": "b62250d3-6556-42d8-b8e8-f6ec3b10d310",
            "ticker": "HIGHMIA-24MAY29-B94.5",
            "count": 72,
            "created_time": "2024-05-29T12:15:54.563389Z",
            "yes_price": 42,
            "no_price": 58,
            "taker_side": "no"
        },
        {
            "trade_id": "6c8ffdd2-5e18-49ba-9fcb-d3ad4a1a30c4",
            "ticker": "HIGHMIA-24MAY29-B94.5",
            "count": 139,
            "created_time": "2024-05-29T12:15:54.563389Z",
            "yes_price": 40,
            "no_price": 60,
            "taker_side": "no"
        },
        {
            "trade_id": "2d42d82b-2834-449a-a4f0-1cc2922f65fa",
            "ticker": "HIGHMIA-24MAY29-B94.5",
            "count": 28,
            "created_time": "2024-05-29T12:11:10.65446Z",
            "yes_price": 43,
            "no_price": 57,
            "taker_side": "no"
        },
        {
            "trade_id": "6ac98373-c7f9-4689-bbd6-d245550db63c",
            "ticker": "HIGHMIA-24MAY29-B94.5",
            "count": 1,
            "created_time": "2024-05-29T12:09:46.26029Z",
            "yes_price": 43,
            "no_price": 57,
            "taker_side": "no"
        },
        {
            "trade_id": "beddadbb-89db-4aa3-9bde-b99d7a38e172",
            "ticker": "HIGHMIA-24MAY29-B94.5",
            "count": 28,
            "created_time": "2024-05-28T18:40:29.605966Z",
            "yes_price": 47,
            "no_price": 53,
            "taker_side": "yes"
        },
        {
            "trade_id": "b123b142-d16f-452d-8acd-9d1dd82131fb",
            "ticker": "HIGHMIA-24MAY29-B94.5",
            "count": 1,
            "created_time": "2024-05-28T17:30:37.649351Z",
            "yes_price": 51,
            "no_price": 49,
            "taker_side": "no"
        },
        {
            "trade_id": "aa8d05df-3b44-4dec-a985-bbf821c35010",
            "ticker": "HIGHMIA-24MAY29-B94.5",
            "count": 3,
            "created_time": "2024-05-28T17:29:23.99149Z",
            "yes_price": 51,
            "no_price": 49,
            "taker_side": "no"
        },
        {
            "trade_id": "01e67825-3c6f-4d65-878f-7ad1f3e12da1",
            "ticker": "HIGHMIA-24MAY29-B94.5",
            "count": 7,
            "created_time": "2024-05-28T16:02:15.423993Z",
            "yes_price": 47,
            "no_price": 53,
            "taker_side": "no"
        },
        {
            "trade_id": "f37f0d31-9595-4f68-90cb-36bd8a2f0bf4",
            "ticker": "HIGHMIA-24MAY29-B94.5",
            "count": 5,
            "created_time": "2024-05-28T15:36:29.855342Z",
            "yes_price": 49,
            "no_price": 51,
            "taker_side": "no"
        }
    ],
    "HIGHMIA-24MAY29-T95": [
        {
            "trade_id": "a3682b07-4eb7-4453-aedd-17cdf4f4f109",
            "ticker": "HIGHMIA-24MAY29-T95",
            "count": 6,
            "created_time": "2024-05-30T01:28:29.139528Z",
            "yes_price": 1,
            "no_price": 99,
            "taker_side": "no"
        },
        {
            "trade_id": "464409e5-7b1b-435e-9480-9c81af1a257a",
            "ticker": "HIGHMIA-24MAY29-T95",
            "count": 90,
            "created_time": "2024-05-30T01:13:56.987351Z",
            "yes_price": 2,
            "no_price": 98,
            "taker_side": "yes"
        },
        {
            "trade_id": "11eeeb0b-f68f-4814-80bb-29f2aa71986e",
            "ticker": "HIGHMIA-24MAY29-T95",
            "count": 20,
            "created_time": "2024-05-30T00:43:23.375176Z",
            "yes_price": 1,
            "no_price": 99,
            "taker_side": "no"
        },
        {
            "trade_id": "61bcf834-df26-4b51-9539-d9bdd060a5b4",
            "ticker": "HIGHMIA-24MAY29-T95",
            "count": 16,
            "created_time": "2024-05-29T22:07:21.245399Z",
            "yes_price": 2,
            "no_price": 98,
            "taker_side": "yes"
        },
        {
            "trade_id": "d86c87c6-d402-4c52-8c87-0405daf17058",
            "ticker": "HIGHMIA-24MAY29-T95",
            "count": 5,
            "created_time": "2024-05-29T18:13:41.883669Z",
            "yes_price": 45,
            "no_price": 55,
            "taker_side": "yes"
        },
        {
            "trade_id": "8e8b74f3-1215-464b-a7da-1165fd15790b",
            "ticker": "HIGHMIA-24MAY29-T95",
            "count": 5,
            "created_time": "2024-05-29T18:13:38.057079Z",
            "yes_price": 43,
            "no_price": 57,
            "taker_side": "yes"
        },
        {
            "trade_id": "dc8f03d5-4f49-4028-be08-e3e7df26ce2e",
            "ticker": "HIGHMIA-24MAY29-T95",
            "count": 5,
            "created_time": "2024-05-29T18:13:25.164442Z",
            "yes_price": 33,
            "no_price": 67,
            "taker_side": "yes"
        },
        {
            "trade_id": "52995e5e-8557-48ee-86f1-ca129f1b1025",
            "ticker": "HIGHMIA-24MAY29-T95",
            "count": 5,
            "created_time": "2024-05-29T18:13:19.693776Z",
            "yes_price": 23,
            "no_price": 77,
            "taker_side": "yes"
        },
        {
            "trade_id": "35c51f7b-b5d6-4faf-ad66-03d800c6caef",
            "ticker": "HIGHMIA-24MAY29-T95",
            "count": 5,
            "created_time": "2024-05-29T17:55:41.766836Z",
            "yes_price": 13,
            "no_price": 87,
            "taker_side": "yes"
        },
        {
            "trade_id": "32331df3-1afa-414b-8dfb-675d77a3ff8a",
            "ticker": "HIGHMIA-24MAY29-T95",
            "count": 5,
            "created_time": "2024-05-29T17:39:45.274084Z",
            "yes_price": 3,
            "no_price": 97,
            "taker_side": "yes"
        },
        {
            "trade_id": "af98688e-9e22-4e93-8609-82dede46986f",
            "ticker": "HIGHMIA-24MAY29-T95",
            "count": 80,
            "created_time": "2024-05-29T15:56:57.813879Z",
            "yes_price": 8,
            "no_price": 92,
            "taker_side": "no"
        },
        {
            "trade_id": "77a1d71a-6ee6-4ca1-aecd-7062b36ca289",
            "ticker": "HIGHMIA-24MAY29-T95",
            "count": 13,
            "created_time": "2024-05-29T15:35:51.819267Z",
            "yes_price": 8,
            "no_price": 92,
            "taker_side": "no"
        },
        {
            "trade_id": "61aad993-ee5b-4071-ba8a-8acff871939c",
            "ticker": "HIGHMIA-24MAY29-T95",
            "count": 7,
            "created_time": "2024-05-29T15:24:52.418499Z",
            "yes_price": 8,
            "no_price": 92,
            "taker_side": "no"
        },
        {
            "trade_id": "c31b33bd-58d1-40be-9531-42eedb529dc8",
            "ticker": "HIGHMIA-24MAY29-T95",
            "count": 33,
            "created_time": "2024-05-29T12:30:05.914404Z",
            "yes_price": 20,
            "no_price": 80,
            "taker_side": "no"
        },
        {
            "trade_id": "aae24aa3-b7c1-4109-bbe0-29561dcd7b9d",
            "ticker": "HIGHMIA-24MAY29-T95",
            "count": 48,
            "created_time": "2024-05-29T12:29:54.786535Z",
            "yes_price": 22,
            "no_price": 78,
            "taker_side": "no"
        },
        {
            "trade_id": "7580595f-9ee3-41b4-83fe-2a198164d217",
            "ticker": "HIGHMIA-24MAY29-T95",
            "count": 48,
            "created_time": "2024-05-29T12:29:54.786535Z",
            "yes_price": 21,
            "no_price": 79,
            "taker_side": "no"
        },
        {
            "trade_id": "6c78a9c1-53b7-468f-a1fb-a851ad22e5e7",
            "ticker": "HIGHMIA-24MAY29-T95",
            "count": 76,
            "created_time": "2024-05-29T00:08:15.352575Z",
            "yes_price": 25,
            "no_price": 75,
            "taker_side": "no"
        },
        {
            "trade_id": "1d0775c2-59bb-4a16-942f-62f9da0aaa36",
            "ticker": "HIGHMIA-24MAY29-T95",
            "count": 14,
            "created_time": "2024-05-29T00:08:15.352575Z",
            "yes_price": 27,
            "no_price": 73,
            "taker_side": "no"
        },
        {
            "trade_id": "3656776a-8204-457b-b26e-42c9f8017159",
            "ticker": "HIGHMIA-24MAY29-T95",
            "count": 13,
            "created_time": "2024-05-28T23:00:27.082318Z",
            "yes_price": 26,
            "no_price": 74,
            "taker_side": "yes"
        },
        {
            "trade_id": "fcc0df67-f8f0-41b5-94e4-785955e1042b",
            "ticker": "HIGHMIA-24MAY29-T95",
            "count": 13,
            "created_time": "2024-05-28T22:44:29.487134Z",
            "yes_price": 21,
            "no_price": 79,
            "taker_side": "no"
        },
        {
            "trade_id": "0df02f00-014c-4102-99dd-38832fd88707",
            "ticker": "HIGHMIA-24MAY29-T95",
            "count": 1,
            "created_time": "2024-05-28T21:32:26.258463Z",
            "yes_price": 29,
            "no_price": 71,
            "taker_side": "yes"
        },
        {
            "trade_id": "1d652760-4fcd-49de-8229-33489d516857",
            "ticker": "HIGHMIA-24MAY29-T95",
            "count": 25,
            "created_time": "2024-05-28T20:44:28.714062Z",
            "yes_price": 25,
            "no_price": 75,
            "taker_side": "yes"
        },
        {
            "trade_id": "fef931e1-12ca-45fa-833c-f31169b466fd",
            "ticker": "HIGHMIA-24MAY29-T95",
            "count": 1,
            "created_time": "2024-05-28T17:30:38.258913Z",
            "yes_price": 15,
            "no_price": 85,
            "taker_side": "no"
        },
        {
            "trade_id": "44652ea6-5b2c-4dde-b5f4-5308d76f62cd",
            "ticker": "HIGHMIA-24MAY29-T95",
            "count": 7,
            "created_time": "2024-05-28T17:24:27.76401Z",
            "yes_price": 13,
            "no_price": 87,
            "taker_side": "yes"
        },
        {
            "trade_id": "fe230ae5-feef-4d6b-ae88-327da6a714d4",
            "ticker": "HIGHMIA-24MAY29-T95",
            "count": 5,
            "created_time": "2024-05-28T15:36:29.875281Z",
            "yes_price": 9,
            "no_price": 91,
            "taker_side": "no"
        }
    ]
}