{
    "HIGHMIA-24JAN26-T77": [],
    "HIGHMIA-24JAN26-B77.5": [],
    "HIGHMIA-24JAN26-B79.5": [
        {
            "trade_id": "221a495e-4072-4ca8-af6c-679d7a042ff5",
            "ticker": "HIGHMIA-24JAN26-B79.5",
            "count": 494,
            "created_time": "2024-01-26T23:11:39.508146Z",
            "yes_price": 1,
            "no_price": 99,
            "taker_side": "yes"
        },
        {
            "trade_id": "e7744001-cf0a-4d6a-9c51-849ba14155a6",
            "ticker": "HIGHMIA-24JAN26-B79.5",
            "count": 23,
            "created_time": "2024-01-26T02:43:08.88653Z",
            "yes_price": 7,
            "no_price": 93,
            "taker_side": "no"
        },
        {
            "trade_id": "b73fc02c-7245-46bd-a2f5-df932888645e",
            "ticker": "HIGHMIA-24JAN26-B79.5",
            "count": 150,
            "created_time": "2024-01-25T19:03:28.011563Z",
            "yes_price": 10,
            "no_price": 90,
            "taker_side": "no"
        },
        {
            "trade_id": "48a64246-437e-43bc-aa88-b95f3a81af9a",
            "ticker": "HIGHMIA-24JAN26-B79.5",
            "count": 99,
            "created_time": "2024-01-25T19:03:28.011563Z",
            "yes_price": 12,
            "no_price": 88,
            "taker_side": "no"
        },
        {
            "trade_id": "09eabe91-86cf-49e3-9045-207a31ba324d",
            "ticker": "HIGHMIA-24JAN26-B79.5",
            "count": 1,
            "created_time": "2024-01-25T17:30:26.79645Z",
            "yes_price": 12,
            "no_price": 88,
            "taker_side": "no"
        },
        {
            "trade_id": "43a4b1cb-0b51-4989-8cac-84c0119f8604",
            "ticker": "HIGHMIA-24JAN26-B79.5",
            "count": 7,
            "created_time": "2024-01-25T16:57:25.52367Z",
            "yes_price": 13,
            "no_price": 87,
            "taker_side": "no"
        },
        {
            "trade_id": "29d20e85-f60d-4b18-97a6-3a3c4a3a6dbe",
            "ticker": "HIGHMIA-24JAN26-B79.5",
            "count": 70,
            "created_time": "2024-01-25T16:57:25.52367Z",
            "yes_price": 12,
            "no_price": 88,
            "taker_side": "no"
        },
        {
            "trade_id": "b16ee693-d852-4cbe-972c-8106097fa81d",
            "ticker": "HIGHMIA-24JAN26-B79.5",
            "count": 56,
            "created_time": "2024-01-25T16:53:31.806556Z",
            "yes_price": 14,
            "no_price": 86,
            "taker_side": "no"
        },
        {
            "trade_id": "4d9fd465-4e1c-4589-b4c0-405b755683cd",
            "ticker": "HIGHMIA-24JAN26-B79.5",
            "count": 70,
            "created_time": "2024-01-25T16:51:41.00472Z",
            "yes_price": 16,
            "no_price": 84,
            "taker_side": "no"
        },
        {
            "trade_id": "4b791ce6-89f8-4ae8-8cad-f46333dbdc90",
            "ticker": "HIGHMIA-24JAN26-B79.5",
            "count": 42,
            "created_time": "2024-01-25T16:51:41.00472Z",
            "yes_price": 18,
            "no_price": 82,
            "taker_side": "no"
        },
        {
            "trade_id": "19a0052b-5699-4baf-adba-16ef37545c13",
            "ticker": "HIGHMIA-24JAN26-B79.5",
            "count": 49,
            "created_time": "2024-01-25T15:49:46.864478Z",
            "yes_price": 19,
            "no_price": 81,
            "taker_side": "no"
        },
        {
            "trade_id": "175853c5-bee8-4d67-8cf1-1b3f3887f78c",
            "ticker": "HIGHMIA-24JAN26-B79.5",
            "count": 49,
            "created_time": "2024-01-25T15:49:22.033036Z",
            "yes_price": 20,
            "no_price": 80,
            "taker_side": "no"
        },
        {
            "trade_id": "48dd7237-e339-4aaf-87d1-82237afc17d4",
            "ticker": "HIGHMIA-24JAN26-B79.5",
            "count": 35,
            "created_time": "2024-01-25T15:49:10.238774Z",
            "yes_price": 21,
            "no_price": 79,
            "taker_side": "no"
        },
        {
            "trade_id": "99c4108e-e1b9-479e-a192-6b939b4c1538",
            "ticker": "HIGHMIA-24JAN26-B79.5",
            "count": 28,
            "created_time": "2024-01-25T15:48:57.877668Z",
            "yes_price": 22,
            "no_price": 78,
            "taker_side": "no"
        },
        {
            "trade_id": "4607e9ac-8513-45e1-8519-8b38daf95e84",
            "ticker": "HIGHMIA-24JAN26-B79.5",
            "count": 14,
            "created_time": "2024-01-25T15:48:47.403116Z",
            "yes_price": 23,
            "no_price": 77,
            "taker_side": "no"
        },
        {
            "trade_id": "b2eafa02-9ce4-469a-999f-245ecfaa1809",
            "ticker": "HIGHMIA-24JAN26-B79.5",
            "count": 5,
            "created_time": "2024-01-25T15:15:06.316793Z",
            "yes_price": 20,
            "no_price": 80,
            "taker_side": "no"
        }
    ],
    "HIGHMIA-24JAN26-B81.5": [
        {
            "trade_id": "ea88ad8d-beca-4cdc-b843-4fc063a9b0ac",
            "ticker": "HIGHMIA-24JAN26-B81.5",
            "count": 15,
            "created_time": "2024-01-27T03:41:03.520771Z",
            "yes_price": 97,
            "no_price": 3,
            "taker_side": "no"
        },
        {
            "trade_id": "cd5cf446-795e-4c62-b16d-703dbaaaccee",
            "ticker": "HIGHMIA-24JAN26-B81.5",
            "count": 100,
            "created_time": "2024-01-27T03:25:48.617175Z",
            "yes_price": 99,
            "no_price": 1,
            "taker_side": "yes"
        },
        {
            "trade_id": "560dbcc1-b768-44b7-9f0c-2cfc174fb714",
            "ticker": "HIGHMIA-24JAN26-B81.5",
            "count": 15,
            "created_time": "2024-01-26T02:44:47.083496Z",
            "yes_price": 60,
            "no_price": 40,
            "taker_side": "no"
        },
        {
            "trade_id": "899ce24b-deb6-41dc-9058-2ee0c9460709",
            "ticker": "HIGHMIA-24JAN26-B81.5",
            "count": 7,
            "created_time": "2024-01-26T02:44:12.422226Z",
            "yes_price": 60,
            "no_price": 40,
            "taker_side": "no"
        },
        {
            "trade_id": "cc3898e7-13cc-4091-ade1-fa81ef978728",
            "ticker": "HIGHMIA-24JAN26-B81.5",
            "count": 23,
            "created_time": "2024-01-26T02:43:08.877617Z",
            "yes_price": 59,
            "no_price": 41,
            "taker_side": "no"
        },
        {
            "trade_id": "c9dec814-4dc7-4964-a769-94fcc4f7607c",
            "ticker": "HIGHMIA-24JAN26-B81.5",
            "count": 1,
            "created_time": "2024-01-25T22:38:24.041432Z",
            "yes_price": 67,
            "no_price": 33,
            "taker_side": "yes"
        },
        {
            "trade_id": "cf15b034-cb13-40d8-a116-ff5dd9006d92",
            "ticker": "HIGHMIA-24JAN26-B81.5",
            "count": 15,
            "created_time": "2024-01-25T21:18:57.276506Z",
            "yes_price": 64,
            "no_price": 36,
            "taker_side": "yes"
        },
        {
            "trade_id": "d370cc87-2076-4599-b73f-8714dfcc1594",
            "ticker": "HIGHMIA-24JAN26-B81.5",
            "count": 28,
            "created_time": "2024-01-25T19:08:07.928188Z",
            "yes_price": 56,
            "no_price": 44,
            "taker_side": "yes"
        },
        {
            "trade_id": "394eccd5-ab24-4155-84ca-88fe2e78ec97",
            "ticker": "HIGHMIA-24JAN26-B81.5",
            "count": 70,
            "created_time": "2024-01-25T19:08:07.928188Z",
            "yes_price": 59,
            "no_price": 41,
            "taker_side": "yes"
        },
        {
            "trade_id": "bbbc4e16-0784-46dd-86bb-92320ef2b931",
            "ticker": "HIGHMIA-24JAN26-B81.5",
            "count": 66,
            "created_time": "2024-01-25T19:04:29.297518Z",
            "yes_price": 55,
            "no_price": 45,
            "taker_side": "yes"
        },
        {
            "trade_id": "557bde22-1625-41af-ba7f-79d02a3f7140",
            "ticker": "HIGHMIA-24JAN26-B81.5",
            "count": 28,
            "created_time": "2024-01-25T19:04:29.297518Z",
            "yes_price": 53,
            "no_price": 47,
            "taker_side": "yes"
        },
        {
            "trade_id": "c6585ce7-dd1c-4360-ba26-623df6c6af00",
            "ticker": "HIGHMIA-24JAN26-B81.5",
            "count": 35,
            "created_time": "2024-01-25T19:03:21.475905Z",
            "yes_price": 50,
            "no_price": 50,
            "taker_side": "yes"
        },
        {
            "trade_id": "b47ec3fe-2908-449b-9d96-a8ea3ed46182",
            "ticker": "HIGHMIA-24JAN26-B81.5",
            "count": 66,
            "created_time": "2024-01-25T19:03:21.475905Z",
            "yes_price": 53,
            "no_price": 47,
            "taker_side": "yes"
        },
        {
            "trade_id": "2a458070-7e70-49f7-a7ff-f5f9abecd4c7",
            "ticker": "HIGHMIA-24JAN26-B81.5",
            "count": 5,
            "created_time": "2024-01-25T19:03:21.475905Z",
            "yes_price": 51,
            "no_price": 49,
            "taker_side": "yes"
        },
        {
            "trade_id": "6e0c5fcd-3ea9-42d4-aae9-d7928d0f0f86",
            "ticker": "HIGHMIA-24JAN26-B81.5",
            "count": 1,
            "created_time": "2024-01-25T17:30:27.325721Z",
            "yes_price": 43,
            "no_price": 57,
            "taker_side": "no"
        },
        {
            "trade_id": "bd744f9d-89d2-441e-8798-a6c3d3516d94",
            "ticker": "HIGHMIA-24JAN26-B81.5",
            "count": 28,
            "created_time": "2024-01-25T16:58:13.908806Z",
            "yes_price": 49,
            "no_price": 51,
            "taker_side": "yes"
        },
        {
            "trade_id": "3b8a6493-47b3-4655-ad25-1ceed91d506a",
            "ticker": "HIGHMIA-24JAN26-B81.5",
            "count": 70,
            "created_time": "2024-01-25T16:58:02.228096Z",
            "yes_price": 48,
            "no_price": 52,
            "taker_side": "yes"
        },
        {
            "trade_id": "35d6f564-8356-4fd0-8d64-39abab420d2a",
            "ticker": "HIGHMIA-24JAN26-B81.5",
            "count": 35,
            "created_time": "2024-01-25T16:58:02.228096Z",
            "yes_price": 46,
            "no_price": 54,
            "taker_side": "yes"
        },
        {
            "trade_id": "4d97321d-5e7c-4ff7-b84b-cde58dfb4a0b",
            "ticker": "HIGHMIA-24JAN26-B81.5",
            "count": 21,
            "created_time": "2024-01-25T16:51:59.407815Z",
            "yes_price": 49,
            "no_price": 51,
            "taker_side": "yes"
        },
        {
            "trade_id": "d3092f7d-2622-4f91-865c-e97cea4300f2",
            "ticker": "HIGHMIA-24JAN26-B81.5",
            "count": 70,
            "created_time": "2024-01-25T16:51:49.814588Z",
            "yes_price": 49,
            "no_price": 51,
            "taker_side": "yes"
        },
        {
            "trade_id": "9191489f-d63a-4e1a-887d-755e27901570",
            "ticker": "HIGHMIA-24JAN26-B81.5",
            "count": 70,
            "created_time": "2024-01-25T16:51:49.814588Z",
            "yes_price": 46,
            "no_price": 54,
            "taker_side": "yes"
        },
        {
            "trade_id": "1a173252-2fa5-4018-b59e-dcecabe89f7a",
            "ticker": "HIGHMIA-24JAN26-B81.5",
            "count": 14,
            "created_time": "2024-01-25T16:51:49.814588Z",
            "yes_price": 44,
            "no_price": 56,
            "taker_side": "yes"
        }
    ],
    "HIGHMIA-24JAN26-B83.5": [
        {
            "trade_id": "fb3e1416-5600-42b6-ae56-525a35dc232b",
            "ticker": "HIGHMIA-24JAN26-B83.5",
            "count": 23,
            "created_time": "2024-01-26T02:43:36.354014Z",
            "yes_price": 25,
            "no_price": 75,
            "taker_side": "yes"
        },
        {
            "trade_id": "c82edfe3-3c8d-408c-88d4-166bbbbf72f8",
            "ticker": "HIGHMIA-24JAN26-B83.5",
            "count": 23,
            "created_time": "2024-01-26T02:43:08.88793Z",
            "yes_price": 19,
            "no_price": 81,
            "taker_side": "no"
        },
        {
            "trade_id": "d5a33bc4-6940-4e2e-a6b0-68bb70606ff6",
            "ticker": "HIGHMIA-24JAN26-B83.5",
            "count": 70,
            "created_time": "2024-01-25T16:57:49.007122Z",
            "yes_price": 37,
            "no_price": 63,
            "taker_side": "yes"
        },
        {
            "trade_id": "ab24b24f-2139-4e63-8d33-e0f231eb636a",
            "ticker": "HIGHMIA-24JAN26-B83.5",
            "count": 28,
            "created_time": "2024-01-25T16:57:49.007122Z",
            "yes_price": 33,
            "no_price": 67,
            "taker_side": "yes"
        },
        {
            "trade_id": "1e996025-87cc-45b1-8376-0b3c89a008e7",
            "ticker": "HIGHMIA-24JAN26-B83.5",
            "count": 70,
            "created_time": "2024-01-25T16:57:49.007122Z",
            "yes_price": 35,
            "no_price": 65,
            "taker_side": "yes"
        },
        {
            "trade_id": "e77a28fc-b1dd-48f0-bfe5-7cdbe27f3184",
            "ticker": "HIGHMIA-24JAN26-B83.5",
            "count": 14,
            "created_time": "2024-01-25T16:57:08.584324Z",
            "yes_price": 28,
            "no_price": 72,
            "taker_side": "yes"
        },
        {
            "trade_id": "ce0d3bd0-d062-40bf-a488-5453d6837fe7",
            "ticker": "HIGHMIA-24JAN26-B83.5",
            "count": 70,
            "created_time": "2024-01-25T16:57:08.584324Z",
            "yes_price": 30,
            "no_price": 70,
            "taker_side": "yes"
        },
        {
            "trade_id": "90cff29b-47a4-4b97-9957-af0f8ef1f2d2",
            "ticker": "HIGHMIA-24JAN26-B83.5",
            "count": 70,
            "created_time": "2024-01-25T16:57:08.584324Z",
            "yes_price": 32,
            "no_price": 68,
            "taker_side": "yes"
        },
        {
            "trade_id": "f7edb338-2df5-4220-81b2-43b4ebdc2141",
            "ticker": "HIGHMIA-24JAN26-B83.5",
            "count": 7,
            "created_time": "2024-01-25T15:49:25.929003Z",
            "yes_price": 29,
            "no_price": 71,
            "taker_side": "yes"
        },
        {
            "trade_id": "c4890be0-9248-44d5-a13e-4602548006ef",
            "ticker": "HIGHMIA-24JAN26-B83.5",
            "count": 1,
            "created_time": "2024-01-25T15:49:06.293786Z",
            "yes_price": 28,
            "no_price": 72,
            "taker_side": "yes"
        },
        {
            "trade_id": "ae2b664b-7e3e-433b-b02b-81c441245f5e",
            "ticker": "HIGHMIA-24JAN26-B83.5",
            "count": 35,
            "created_time": "2024-01-25T15:49:06.293786Z",
            "yes_price": 28,
            "no_price": 72,
            "taker_side": "yes"
        },
        {
            "trade_id": "72f193ec-a09f-439c-b4d9-164505e83043",
            "ticker": "HIGHMIA-24JAN26-B83.5",
            "count": 42,
            "created_time": "2024-01-25T15:48:54.345248Z",
            "yes_price": 27,
            "no_price": 73,
            "taker_side": "yes"
        },
        {
            "trade_id": "21dc97a4-dfe4-41cb-bbc6-2ac00a097f62",
            "ticker": "HIGHMIA-24JAN26-B83.5",
            "count": 42,
            "created_time": "2024-01-25T15:48:41.39873Z",
            "yes_price": 26,
            "no_price": 74,
            "taker_side": "yes"
        },
        {
            "trade_id": "9cf709e9-f5d5-40e5-9be4-cca0cd6dc03a",
            "ticker": "HIGHMIA-24JAN26-B83.5",
            "count": 35,
            "created_time": "2024-01-25T15:48:26.631593Z",
            "yes_price": 25,
            "no_price": 75,
            "taker_side": "yes"
        }
    ],
    "HIGHMIA-24JAN26-T84": [
        {
            "trade_id": "309c5284-4619-4952-9986-9c4e2a13063f",
            "ticker": "HIGHMIA-24JAN26-T84",
            "count": 200,
            "created_time": "2024-01-26T17:56:34.646273Z",
            "yes_price": 1,
            "no_price": 99,
            "taker_side": "no"
        },
        {
            "trade_id": "c99152c9-9b8e-425e-92d8-81bbac74566a",
            "ticker": "HIGHMIA-24JAN26-T84",
            "count": 23,
            "created_time": "2024-01-26T02:43:08.794616Z",
            "yes_price": 20,
            "no_price": 80,
            "taker_side": "yes"
        },
        {
            "trade_id": "c229dc2b-5b28-476b-bebc-2652f9ff1b59",
            "ticker": "HIGHMIA-24JAN26-T84",
            "count": 1,
            "created_time": "2024-01-26T02:43:08.794616Z",
            "yes_price": 20,
            "no_price": 80,
            "taker_side": "yes"
        },
        {
            "trade_id": "0cbf68f3-7b87-4fc0-8d7b-fe7e1c6f55da",
            "ticker": "HIGHMIA-24JAN26-T84",
            "count": 1,
            "created_time": "2024-01-25T17:30:28.190672Z",
            "yes_price": 21,
            "no_price": 79,
            "taker_side": "yes"
        }
    ]
}