{
    "HIGHMIA-24JAN17-T68": [],
    "HIGHMIA-24JAN17-B68.5": [
        {
            "trade_id": "2acdf586-2a3f-4fcd-860a-a6b85e5cc2b2",
            "ticker": "HIGHMIA-24JAN17-B68.5",
            "count": 1,
            "created_time": "2024-01-17T00:35:44.964995Z",
            "yes_price": 13,
            "no_price": 87,
            "taker_side": "no"
        },
        {
            "trade_id": "5fe11723-05ec-4d93-b4e2-3024b2417efc",
            "ticker": "HIGHMIA-24JAN17-B68.5",
            "count": 1,
            "created_time": "2024-01-16T23:56:33.123213Z",
            "yes_price": 13,
            "no_price": 87,
            "taker_side": "yes"
        }
    ],
    "HIGHMIA-24JAN17-B70.5": [
        {
            "trade_id": "37f8e51a-653d-41be-9b88-ec2149661d79",
            "ticker": "HIGHMIA-24JAN17-B70.5",
            "count": 351,
            "created_time": "2024-01-17T18:47:07.109265Z",
            "yes_price": 1,
            "no_price": 99,
            "taker_side": "yes"
        },
        {
            "trade_id": "05957b68-98dd-467f-80f4-e7af1b0bfa22",
            "ticker": "HIGHMIA-24JAN17-B70.5",
            "count": 16,
            "created_time": "2024-01-17T02:59:46.155189Z",
            "yes_price": 2,
            "no_price": 98,
            "taker_side": "no"
        },
        {
            "trade_id": "62f56036-e91c-4ff8-865f-c2763d038d58",
            "ticker": "HIGHMIA-24JAN17-B70.5",
            "count": 11,
            "created_time": "2024-01-17T02:59:17.591904Z",
            "yes_price": 2,
            "no_price": 98,
            "taker_side": "no"
        },
        {
            "trade_id": "f9f944fb-2134-4377-8cce-929335fa30c7",
            "ticker": "HIGHMIA-24JAN17-B70.5",
            "count": 1,
            "created_time": "2024-01-17T00:35:45.4345Z",
            "yes_price": 13,
            "no_price": 87,
            "taker_side": "no"
        },
        {
            "trade_id": "c75a1b00-af86-4d1c-b0d7-d6d373231d94",
            "ticker": "HIGHMIA-24JAN17-B70.5",
            "count": 2,
            "created_time": "2024-01-16T23:18:50.034433Z",
            "yes_price": 5,
            "no_price": 95,
            "taker_side": "no"
        },
        {
            "trade_id": "45dbd84b-6702-47cd-a2d3-c5c13d44e36c",
            "ticker": "HIGHMIA-24JAN17-B70.5",
            "count": 59,
            "created_time": "2024-01-16T23:18:07.665747Z",
            "yes_price": 6,
            "no_price": 94,
            "taker_side": "no"
        },
        {
            "trade_id": "34cb13a3-f78e-4fc4-a879-b726e05e0122",
            "ticker": "HIGHMIA-24JAN17-B70.5",
            "count": 12,
            "created_time": "2024-01-16T23:17:28.673277Z",
            "yes_price": 7,
            "no_price": 93,
            "taker_side": "no"
        },
        {
            "trade_id": "d50fdd03-a36e-418f-b758-040c7f896e08",
            "ticker": "HIGHMIA-24JAN17-B70.5",
            "count": 30,
            "created_time": "2024-01-16T23:07:39.239862Z",
            "yes_price": 7,
            "no_price": 93,
            "taker_side": "no"
        },
        {
            "trade_id": "95a3cd75-670d-45d7-a0c8-f66a0ef24ad8",
            "ticker": "HIGHMIA-24JAN17-B70.5",
            "count": 30,
            "created_time": "2024-01-16T23:07:22.285973Z",
            "yes_price": 8,
            "no_price": 92,
            "taker_side": "no"
        },
        {
            "trade_id": "d48078c4-2f21-4d0a-a2c4-a66176a3bb65",
            "ticker": "HIGHMIA-24JAN17-B70.5",
            "count": 59,
            "created_time": "2024-01-16T23:06:46.501069Z",
            "yes_price": 8,
            "no_price": 92,
            "taker_side": "no"
        },
        {
            "trade_id": "d48fb1e1-7f00-4863-9c4b-d170a661ab01",
            "ticker": "HIGHMIA-24JAN17-B70.5",
            "count": 53,
            "created_time": "2024-01-16T20:34:18.24836Z",
            "yes_price": 10,
            "no_price": 90,
            "taker_side": "no"
        },
        {
            "trade_id": "953a27fd-ce55-43de-8c7c-e29403747871",
            "ticker": "HIGHMIA-24JAN17-B70.5",
            "count": 55,
            "created_time": "2024-01-16T20:34:18.24836Z",
            "yes_price": 9,
            "no_price": 91,
            "taker_side": "no"
        },
        {
            "trade_id": "e3c4846b-ad6c-4d4f-b849-63f9e2fadec1",
            "ticker": "HIGHMIA-24JAN17-B70.5",
            "count": 5,
            "created_time": "2024-01-16T20:31:44.45233Z",
            "yes_price": 11,
            "no_price": 89,
            "taker_side": "no"
        },
        {
            "trade_id": "e9f56470-a1b3-479e-b3af-02414156c656",
            "ticker": "HIGHMIA-24JAN17-B70.5",
            "count": 23,
            "created_time": "2024-01-16T17:19:53.281883Z",
            "yes_price": 13,
            "no_price": 87,
            "taker_side": "no"
        },
        {
            "trade_id": "46ca65c0-8d1b-4a3d-ab5c-c87fea85e798",
            "ticker": "HIGHMIA-24JAN17-B70.5",
            "count": 33,
            "created_time": "2024-01-16T17:19:40.905466Z",
            "yes_price": 13,
            "no_price": 87,
            "taker_side": "no"
        },
        {
            "trade_id": "12866ac3-cb1a-4dfd-9478-a410b2cef5b2",
            "ticker": "HIGHMIA-24JAN17-B70.5",
            "count": 10,
            "created_time": "2024-01-16T17:19:40.905466Z",
            "yes_price": 15,
            "no_price": 85,
            "taker_side": "no"
        },
        {
            "trade_id": "7a98378d-52aa-47df-a4da-b9a790d5e847",
            "ticker": "HIGHMIA-24JAN17-B70.5",
            "count": 16,
            "created_time": "2024-01-16T17:19:04.678807Z",
            "yes_price": 16,
            "no_price": 84,
            "taker_side": "no"
        },
        {
            "trade_id": "477496d9-056c-46d9-8bc8-9f6f354e343c",
            "ticker": "HIGHMIA-24JAN17-B70.5",
            "count": 33,
            "created_time": "2024-01-16T17:19:04.678807Z",
            "yes_price": 14,
            "no_price": 86,
            "taker_side": "no"
        },
        {
            "trade_id": "14440cc5-86e1-450d-bd9b-e031da41395b",
            "ticker": "HIGHMIA-24JAN17-B70.5",
            "count": 7,
            "created_time": "2024-01-16T17:19:04.678807Z",
            "yes_price": 13,
            "no_price": 87,
            "taker_side": "no"
        },
        {
            "trade_id": "54a705df-794f-4a4c-a963-fbf42d4980cd",
            "ticker": "HIGHMIA-24JAN17-B70.5",
            "count": 31,
            "created_time": "2024-01-16T17:18:23.92863Z",
            "yes_price": 16,
            "no_price": 84,
            "taker_side": "no"
        },
        {
            "trade_id": "476e2f35-ae07-4b97-a965-b9592f101e1e",
            "ticker": "HIGHMIA-24JAN17-B70.5",
            "count": 31,
            "created_time": "2024-01-16T17:18:23.92863Z",
            "yes_price": 17,
            "no_price": 83,
            "taker_side": "no"
        }
    ],
    "HIGHMIA-24JAN17-B72.5": [
        {
            "trade_id": "0f79d648-6628-44a9-b112-c173ca5f35d3",
            "ticker": "HIGHMIA-24JAN17-B72.5",
            "count": 10,
            "created_time": "2024-01-17T17:56:27.776762Z",
            "yes_price": 1,
            "no_price": 99,
            "taker_side": "yes"
        },
        {
            "trade_id": "b94abf0f-c65c-4ddf-b948-25193751a1d6",
            "ticker": "HIGHMIA-24JAN17-B72.5",
            "count": 10,
            "created_time": "2024-01-17T17:56:27.761262Z",
            "yes_price": 1,
            "no_price": 99,
            "taker_side": "yes"
        },
        {
            "trade_id": "97e931ca-254e-485e-a964-0b38bd130ba6",
            "ticker": "HIGHMIA-24JAN17-B72.5",
            "count": 10,
            "created_time": "2024-01-17T17:56:18.206782Z",
            "yes_price": 1,
            "no_price": 99,
            "taker_side": "yes"
        },
        {
            "trade_id": "6c3dcbd3-bb6d-4be9-ad7c-49778c69a30a",
            "ticker": "HIGHMIA-24JAN17-B72.5",
            "count": 10,
            "created_time": "2024-01-17T17:56:18.196047Z",
            "yes_price": 1,
            "no_price": 99,
            "taker_side": "yes"
        },
        {
            "trade_id": "ede87abb-bdb4-4d28-8ca8-0871c3299d54",
            "ticker": "HIGHMIA-24JAN17-B72.5",
            "count": 10,
            "created_time": "2024-01-17T17:56:08.926268Z",
            "yes_price": 1,
            "no_price": 99,
            "taker_side": "yes"
        },
        {
            "trade_id": "a3233368-04ae-4579-ae65-08cfd22da023",
            "ticker": "HIGHMIA-24JAN17-B72.5",
            "count": 10,
            "created_time": "2024-01-17T17:56:08.914008Z",
            "yes_price": 1,
            "no_price": 99,
            "taker_side": "yes"
        },
        {
            "trade_id": "d5d83ab5-5edc-4d82-a90e-821795c92528",
            "ticker": "HIGHMIA-24JAN17-B72.5",
            "count": 10,
            "created_time": "2024-01-17T17:56:00.532549Z",
            "yes_price": 1,
            "no_price": 99,
            "taker_side": "yes"
        },
        {
            "trade_id": "4f48be01-9b37-4e9a-9595-9dfb86613d00",
            "ticker": "HIGHMIA-24JAN17-B72.5",
            "count": 10,
            "created_time": "2024-01-17T17:56:00.52195Z",
            "yes_price": 1,
            "no_price": 99,
            "taker_side": "yes"
        },
        {
            "trade_id": "a22f1449-bd52-4424-b17c-b112a193a743",
            "ticker": "HIGHMIA-24JAN17-B72.5",
            "count": 10,
            "created_time": "2024-01-17T17:55:54.883185Z",
            "yes_price": 42,
            "no_price": 58,
            "taker_side": "no"
        },
        {
            "trade_id": "50c1d551-2903-4b40-a20a-0650f69bd927",
            "ticker": "HIGHMIA-24JAN17-B72.5",
            "count": 12,
            "created_time": "2024-01-17T17:55:54.883185Z",
            "yes_price": 40,
            "no_price": 60,
            "taker_side": "no"
        },
        {
            "trade_id": "96bf2634-e763-45c1-af8b-9de858974db6",
            "ticker": "HIGHMIA-24JAN17-B72.5",
            "count": 12,
            "created_time": "2024-01-17T17:54:55.088186Z",
            "yes_price": 48,
            "no_price": 52,
            "taker_side": "no"
        },
        {
            "trade_id": "d9270277-d849-453f-984b-da5b80ed580f",
            "ticker": "HIGHMIA-24JAN17-B72.5",
            "count": 37,
            "created_time": "2024-01-17T17:54:43.32528Z",
            "yes_price": 52,
            "no_price": 48,
            "taker_side": "no"
        },
        {
            "trade_id": "67a0e585-fbb9-44bf-ab6b-ad53f3f4376d",
            "ticker": "HIGHMIA-24JAN17-B72.5",
            "count": 18,
            "created_time": "2024-01-17T17:54:43.32528Z",
            "yes_price": 54,
            "no_price": 46,
            "taker_side": "no"
        },
        {
            "trade_id": "fabb186b-b6d6-49e3-bcab-43cc1e252645",
            "ticker": "HIGHMIA-24JAN17-B72.5",
            "count": 37,
            "created_time": "2024-01-17T17:54:26.205804Z",
            "yes_price": 54,
            "no_price": 46,
            "taker_side": "no"
        },
        {
            "trade_id": "abdc5bcb-8b6a-40b3-b6c6-79e94739606b",
            "ticker": "HIGHMIA-24JAN17-B72.5",
            "count": 37,
            "created_time": "2024-01-17T17:54:26.205804Z",
            "yes_price": 56,
            "no_price": 44,
            "taker_side": "no"
        },
        {
            "trade_id": "16626b2c-bf53-4c1f-a8fd-3b3a66a7c420",
            "ticker": "HIGHMIA-24JAN17-B72.5",
            "count": 37,
            "created_time": "2024-01-17T17:54:15.311718Z",
            "yes_price": 61,
            "no_price": 39,
            "taker_side": "no"
        },
        {
            "trade_id": "00e819ad-b0ee-4b2b-bb26-caeefeb7c7a0",
            "ticker": "HIGHMIA-24JAN17-B72.5",
            "count": 37,
            "created_time": "2024-01-17T17:54:15.311718Z",
            "yes_price": 59,
            "no_price": 41,
            "taker_side": "no"
        },
        {
            "trade_id": "e4cc8d8f-4ed0-426f-a824-a639636d3787",
            "ticker": "HIGHMIA-24JAN17-B72.5",
            "count": 37,
            "created_time": "2024-01-17T17:54:06.048676Z",
            "yes_price": 65,
            "no_price": 35,
            "taker_side": "no"
        },
        {
            "trade_id": "9e9bbea4-543d-4ee8-848d-9146918c6199",
            "ticker": "HIGHMIA-24JAN17-B72.5",
            "count": 37,
            "created_time": "2024-01-17T17:54:06.048676Z",
            "yes_price": 63,
            "no_price": 37,
            "taker_side": "no"
        },
        {
            "trade_id": "65fd418b-6d6c-4657-9ba4-c1471e150626",
            "ticker": "HIGHMIA-24JAN17-B72.5",
            "count": 15,
            "created_time": "2024-01-17T17:54:06.048676Z",
            "yes_price": 67,
            "no_price": 33,
            "taker_side": "no"
        },
        {
            "trade_id": "e16647de-9eca-4135-b966-e8e51b55486a",
            "ticker": "HIGHMIA-24JAN17-B72.5",
            "count": 50,
            "created_time": "2024-01-17T17:27:47.067128Z",
            "yes_price": 77,
            "no_price": 23,
            "taker_side": "yes"
        },
        {
            "trade_id": "c2d72642-1aea-4d9a-836d-1be32854b5a1",
            "ticker": "HIGHMIA-24JAN17-B72.5",
            "count": 10,
            "created_time": "2024-01-17T17:27:47.067128Z",
            "yes_price": 75,
            "no_price": 25,
            "taker_side": "yes"
        },
        {
            "trade_id": "0cd0fdb2-11e3-4e63-9883-014ac8fb2dae",
            "ticker": "HIGHMIA-24JAN17-B72.5",
            "count": 4,
            "created_time": "2024-01-17T17:27:47.067128Z",
            "yes_price": 75,
            "no_price": 25,
            "taker_side": "yes"
        },
        {
            "trade_id": "06e8110b-5e29-4535-b234-f782bfd6a55c",
            "ticker": "HIGHMIA-24JAN17-B72.5",
            "count": 50,
            "created_time": "2024-01-17T15:12:43.354076Z",
            "yes_price": 72,
            "no_price": 28,
            "taker_side": "yes"
        },
        {
            "trade_id": "f5f645c7-bf53-4d34-b7bb-d4d0af688bf3",
            "ticker": "HIGHMIA-24JAN17-B72.5",
            "count": 84,
            "created_time": "2024-01-17T15:11:19.177597Z",
            "yes_price": 68,
            "no_price": 32,
            "taker_side": "yes"
        },
        {
            "trade_id": "60214729-6566-49fa-ac5f-575d2e770fe0",
            "ticker": "HIGHMIA-24JAN17-B72.5",
            "count": 25,
            "created_time": "2024-01-17T15:11:19.177597Z",
            "yes_price": 66,
            "no_price": 34,
            "taker_side": "yes"
        },
        {
            "trade_id": "4a7258be-9b6f-4960-b694-7e78c83dd81b",
            "ticker": "HIGHMIA-24JAN17-B72.5",
            "count": 5,
            "created_time": "2024-01-17T15:11:19.177597Z",
            "yes_price": 63,
            "no_price": 37,
            "taker_side": "yes"
        },
        {
            "trade_id": "051bfafb-32c5-49c9-88c5-fff53b6be073",
            "ticker": "HIGHMIA-24JAN17-B72.5",
            "count": 84,
            "created_time": "2024-01-17T15:11:19.177597Z",
            "yes_price": 70,
            "no_price": 30,
            "taker_side": "yes"
        },
        {
            "trade_id": "13c9b2cc-1ddc-4f09-9e60-b4431b9d2429",
            "ticker": "HIGHMIA-24JAN17-B72.5",
            "count": 35,
            "created_time": "2024-01-17T14:56:55.28594Z",
            "yes_price": 55,
            "no_price": 45,
            "taker_side": "yes"
        },
        {
            "trade_id": "83976743-b7e8-4393-80cc-9e7e2d2eec71",
            "ticker": "HIGHMIA-24JAN17-B72.5",
            "count": 88,
            "created_time": "2024-01-17T14:56:37.230055Z",
            "yes_price": 54,
            "no_price": 46,
            "taker_side": "yes"
        },
        {
            "trade_id": "242e478a-7458-40df-ada2-8fb77554e1bf",
            "ticker": "HIGHMIA-24JAN17-B72.5",
            "count": 27,
            "created_time": "2024-01-17T14:56:37.230055Z",
            "yes_price": 52,
            "no_price": 48,
            "taker_side": "yes"
        },
        {
            "trade_id": "9a804661-c2f7-4ce7-91b8-92af6a1e1d10",
            "ticker": "HIGHMIA-24JAN17-B72.5",
            "count": 92,
            "created_time": "2024-01-17T13:54:01.92756Z",
            "yes_price": 52,
            "no_price": 48,
            "taker_side": "yes"
        },
        {
            "trade_id": "02dda882-017d-4653-86eb-9ccf8d27e47c",
            "ticker": "HIGHMIA-24JAN17-B72.5",
            "count": 92,
            "created_time": "2024-01-17T13:54:01.92756Z",
            "yes_price": 50,
            "no_price": 50,
            "taker_side": "yes"
        },
        {
            "trade_id": "01b74c6f-dbb4-493f-a82e-183322acf740",
            "ticker": "HIGHMIA-24JAN17-B72.5",
            "count": 18,
            "created_time": "2024-01-17T13:54:01.92756Z",
            "yes_price": 47,
            "no_price": 53,
            "taker_side": "yes"
        },
        {
            "trade_id": "6881c486-fc32-4c8c-ac82-096f1e2b7fe2",
            "ticker": "HIGHMIA-24JAN17-B72.5",
            "count": 112,
            "created_time": "2024-01-17T03:04:57.973175Z",
            "yes_price": 51,
            "no_price": 49,
            "taker_side": "yes"
        },
        {
            "trade_id": "51a3a64b-44a2-4195-8c48-d511db2f0cde",
            "ticker": "HIGHMIA-24JAN17-B72.5",
            "count": 56,
            "created_time": "2024-01-17T03:04:57.973175Z",
            "yes_price": 48,
            "no_price": 52,
            "taker_side": "yes"
        },
        {
            "trade_id": "80b7eb02-8457-4e67-81e3-14bdca946143",
            "ticker": "HIGHMIA-24JAN17-B72.5",
            "count": 11,
            "created_time": "2024-01-17T03:01:07.414468Z",
            "yes_price": 47,
            "no_price": 53,
            "taker_side": "yes"
        },
        {
            "trade_id": "f3c88fc1-477b-461c-b9d4-50c88ead0cca",
            "ticker": "HIGHMIA-24JAN17-B72.5",
            "count": 56,
            "created_time": "2024-01-17T02:59:46.098045Z",
            "yes_price": 47,
            "no_price": 53,
            "taker_side": "yes"
        },
        {
            "trade_id": "0910db8d-63dc-4767-8ef1-9b51d582c138",
            "ticker": "HIGHMIA-24JAN17-B72.5",
            "count": 16,
            "created_time": "2024-01-17T02:59:46.098045Z",
            "yes_price": 47,
            "no_price": 53,
            "taker_side": "yes"
        },
        {
            "trade_id": "f8c031b7-c027-4c27-9fbe-c1ee4fbc083b",
            "ticker": "HIGHMIA-24JAN17-B72.5",
            "count": 11,
            "created_time": "2024-01-17T02:59:17.393927Z",
            "yes_price": 46,
            "no_price": 54,
            "taker_side": "yes"
        },
        {
            "trade_id": "729f01ed-730e-442e-b967-35b255c4c680",
            "ticker": "HIGHMIA-24JAN17-B72.5",
            "count": 22,
            "created_time": "2024-01-17T02:59:17.393927Z",
            "yes_price": 46,
            "no_price": 54,
            "taker_side": "yes"
        },
        {
            "trade_id": "abd71252-8144-4fb5-8a4f-8fc2d1018bc2",
            "ticker": "HIGHMIA-24JAN17-B72.5",
            "count": 113,
            "created_time": "2024-01-17T02:58:58.258055Z",
            "yes_price": 44,
            "no_price": 56,
            "taker_side": "yes"
        },
        {
            "trade_id": "31e30584-e77c-48fc-8481-2004ce0dedb6",
            "ticker": "HIGHMIA-24JAN17-B72.5",
            "count": 113,
            "created_time": "2024-01-17T02:58:58.258055Z",
            "yes_price": 46,
            "no_price": 54,
            "taker_side": "yes"
        },
        {
            "trade_id": "2d62c79a-b71b-4a2f-9ccb-004850dc084d",
            "ticker": "HIGHMIA-24JAN17-B72.5",
            "count": 22,
            "created_time": "2024-01-17T02:58:58.258055Z",
            "yes_price": 41,
            "no_price": 59,
            "taker_side": "yes"
        },
        {
            "trade_id": "e16cc21c-a4e7-4650-94d8-6546a1240e9c",
            "ticker": "HIGHMIA-24JAN17-B72.5",
            "count": 1,
            "created_time": "2024-01-17T00:35:45.891493Z",
            "yes_price": 27,
            "no_price": 73,
            "taker_side": "no"
        },
        {
            "trade_id": "90dd27e5-186b-4120-b682-cf2e3c93cfef",
            "ticker": "HIGHMIA-24JAN17-B72.5",
            "count": 32,
            "created_time": "2024-01-16T23:29:36.172894Z",
            "yes_price": 48,
            "no_price": 52,
            "taker_side": "yes"
        },
        {
            "trade_id": "f8d2b4f2-b2d9-4845-a1b8-7f7d58ea61f7",
            "ticker": "HIGHMIA-24JAN17-B72.5",
            "count": 12,
            "created_time": "2024-01-16T23:29:17.256815Z",
            "yes_price": 47,
            "no_price": 53,
            "taker_side": "yes"
        },
        {
            "trade_id": "47fb87b6-4d3f-41ac-8b4b-0d97ec2e45d1",
            "ticker": "HIGHMIA-24JAN17-B72.5",
            "count": 12,
            "created_time": "2024-01-16T23:28:30.114153Z",
            "yes_price": 47,
            "no_price": 53,
            "taker_side": "yes"
        },
        {
            "trade_id": "e6632ca9-8b46-47cc-b37d-b76946139919",
            "ticker": "HIGHMIA-24JAN17-B72.5",
            "count": 63,
            "created_time": "2024-01-16T23:27:31.256161Z",
            "yes_price": 47,
            "no_price": 53,
            "taker_side": "yes"
        },
        {
            "trade_id": "947464cc-1250-48cc-b9d5-363f0eea2bd4",
            "ticker": "HIGHMIA-24JAN17-B72.5",
            "count": 12,
            "created_time": "2024-01-16T23:27:10.886854Z",
            "yes_price": 45,
            "no_price": 55,
            "taker_side": "yes"
        },
        {
            "trade_id": "a080c878-0d08-41ff-b25b-b052d00b50bb",
            "ticker": "HIGHMIA-24JAN17-B72.5",
            "count": 18,
            "created_time": "2024-01-16T23:24:26.041453Z",
            "yes_price": 47,
            "no_price": 53,
            "taker_side": "yes"
        },
        {
            "trade_id": "65e92c22-35d9-45bb-a693-ceef26841efa",
            "ticker": "HIGHMIA-24JAN17-B72.5",
            "count": 61,
            "created_time": "2024-01-16T23:24:12.075467Z",
            "yes_price": 47,
            "no_price": 53,
            "taker_side": "yes"
        },
        {
            "trade_id": "1cf3ca70-6356-41a6-99cd-6057bda0e570",
            "ticker": "HIGHMIA-24JAN17-B72.5",
            "count": 18,
            "created_time": "2024-01-16T23:24:12.075467Z",
            "yes_price": 44,
            "no_price": 56,
            "taker_side": "yes"
        },
        {
            "trade_id": "b97d97ee-067d-4915-bbcf-cc6703e04b77",
            "ticker": "HIGHMIA-24JAN17-B72.5",
            "count": 2,
            "created_time": "2024-01-16T23:18:49.974107Z",
            "yes_price": 43,
            "no_price": 57,
            "taker_side": "yes"
        },
        {
            "trade_id": "7fae466a-ffa1-4c6f-8139-a82975c7db27",
            "ticker": "HIGHMIA-24JAN17-B72.5",
            "count": 24,
            "created_time": "2024-01-16T23:18:49.974107Z",
            "yes_price": 44,
            "no_price": 56,
            "taker_side": "yes"
        },
        {
            "trade_id": "14bcc794-3ba0-4c86-bc6f-bcc101ff367d",
            "ticker": "HIGHMIA-24JAN17-B72.5",
            "count": 11,
            "created_time": "2024-01-16T23:18:49.974107Z",
            "yes_price": 45,
            "no_price": 55,
            "taker_side": "yes"
        },
        {
            "trade_id": "99c705f4-56fb-4837-9b2f-f1c48f07d67b",
            "ticker": "HIGHMIA-24JAN17-B72.5",
            "count": 59,
            "created_time": "2024-01-16T23:18:07.598153Z",
            "yes_price": 42,
            "no_price": 58,
            "taker_side": "yes"
        },
        {
            "trade_id": "7b447e65-43fe-44df-8bdc-be8a588e9a54",
            "ticker": "HIGHMIA-24JAN17-B72.5",
            "count": 16,
            "created_time": "2024-01-16T23:18:07.598153Z",
            "yes_price": 43,
            "no_price": 57,
            "taker_side": "yes"
        },
        {
            "trade_id": "bab1c8ac-535b-4c9b-9500-1dba9aa97257",
            "ticker": "HIGHMIA-24JAN17-B72.5",
            "count": 58,
            "created_time": "2024-01-16T23:17:28.593741Z",
            "yes_price": 44,
            "no_price": 56,
            "taker_side": "yes"
        },
        {
            "trade_id": "ad31b827-148f-44d7-bc28-364699c89f71",
            "ticker": "HIGHMIA-24JAN17-B72.5",
            "count": 12,
            "created_time": "2024-01-16T23:17:28.593741Z",
            "yes_price": 38,
            "no_price": 62,
            "taker_side": "yes"
        },
        {
            "trade_id": "7c91d4e8-dfc5-42c0-bd7d-7d87e78d06f2",
            "ticker": "HIGHMIA-24JAN17-B72.5",
            "count": 61,
            "created_time": "2024-01-16T23:17:28.593741Z",
            "yes_price": 41,
            "no_price": 59,
            "taker_side": "yes"
        },
        {
            "trade_id": "0777946e-6c8b-4ca6-91b0-5fd86fac3210",
            "ticker": "HIGHMIA-24JAN17-B72.5",
            "count": 24,
            "created_time": "2024-01-16T23:17:28.593741Z",
            "yes_price": 39,
            "no_price": 61,
            "taker_side": "yes"
        },
        {
            "trade_id": "1e054507-4dec-4a55-91aa-601dff425b0e",
            "ticker": "HIGHMIA-24JAN17-B72.5",
            "count": 30,
            "created_time": "2024-01-16T23:07:39.233213Z",
            "yes_price": 30,
            "no_price": 70,
            "taker_side": "no"
        },
        {
            "trade_id": "10d1a9fa-b53e-495f-bd16-f1a403656f33",
            "ticker": "HIGHMIA-24JAN17-B72.5",
            "count": 30,
            "created_time": "2024-01-16T23:07:22.302438Z",
            "yes_price": 31,
            "no_price": 69,
            "taker_side": "no"
        },
        {
            "trade_id": "59bbe4c3-5198-44b7-9366-490696611916",
            "ticker": "HIGHMIA-24JAN17-B72.5",
            "count": 24,
            "created_time": "2024-01-16T23:07:06.499123Z",
            "yes_price": 34,
            "no_price": 66,
            "taker_side": "no"
        },
        {
            "trade_id": "25a8d7fc-dfe5-4db4-900c-34eccfeb33eb",
            "ticker": "HIGHMIA-24JAN17-B72.5",
            "count": 60,
            "created_time": "2024-01-16T23:07:06.499123Z",
            "yes_price": 32,
            "no_price": 68,
            "taker_side": "no"
        },
        {
            "trade_id": "a664a495-aed9-4fe3-a4d5-51b786d6e23f",
            "ticker": "HIGHMIA-24JAN17-B72.5",
            "count": 5,
            "created_time": "2024-01-16T20:31:44.449273Z",
            "yes_price": 34,
            "no_price": 66,
            "taker_side": "no"
        },
        {
            "trade_id": "39c9d3d4-3fc3-46d9-9663-38b229ece1ff",
            "ticker": "HIGHMIA-24JAN17-B72.5",
            "count": 13,
            "created_time": "2024-01-16T17:20:06.267246Z",
            "yes_price": 32,
            "no_price": 68,
            "taker_side": "no"
        },
        {
            "trade_id": "e1606bde-4475-4f3b-a2af-de18144fc80d",
            "ticker": "HIGHMIA-24JAN17-B72.5",
            "count": 16,
            "created_time": "2024-01-16T17:19:31.407366Z",
            "yes_price": 34,
            "no_price": 66,
            "taker_side": "no"
        },
        {
            "trade_id": "0a66fbf7-611a-4f73-afbb-3a0cbacc2e4b",
            "ticker": "HIGHMIA-24JAN17-B72.5",
            "count": 33,
            "created_time": "2024-01-16T17:19:31.407366Z",
            "yes_price": 32,
            "no_price": 68,
            "taker_side": "no"
        },
        {
            "trade_id": "d2c929d1-3dde-4161-b063-477d94d414f3",
            "ticker": "HIGHMIA-24JAN17-B72.5",
            "count": 33,
            "created_time": "2024-01-16T17:18:59.23097Z",
            "yes_price": 34,
            "no_price": 66,
            "taker_side": "no"
        },
        {
            "trade_id": "d2893414-1260-475d-bc4c-80bbb3f25aa5",
            "ticker": "HIGHMIA-24JAN17-B72.5",
            "count": 10,
            "created_time": "2024-01-16T17:18:59.23097Z",
            "yes_price": 36,
            "no_price": 64,
            "taker_side": "no"
        },
        {
            "trade_id": "b3a39512-800a-44a6-bea6-ee084aa171ca",
            "ticker": "HIGHMIA-24JAN17-B72.5",
            "count": 32,
            "created_time": "2024-01-16T17:18:18.191968Z",
            "yes_price": 38,
            "no_price": 62,
            "taker_side": "no"
        },
        {
            "trade_id": "4d06330b-a05d-4e32-b2d5-af1d47eaa94a",
            "ticker": "HIGHMIA-24JAN17-B72.5",
            "count": 15,
            "created_time": "2024-01-16T17:18:18.191968Z",
            "yes_price": 42,
            "no_price": 58,
            "taker_side": "no"
        },
        {
            "trade_id": "0df6fd73-71e7-421b-b8df-1b67eb9867e5",
            "ticker": "HIGHMIA-24JAN17-B72.5",
            "count": 31,
            "created_time": "2024-01-16T17:18:18.191968Z",
            "yes_price": 40,
            "no_price": 60,
            "taker_side": "no"
        }
    ],
    "HIGHMIA-24JAN17-B74.5": [
        {
            "trade_id": "4846f119-fc17-4e76-b04d-ed15a7c1ba1e",
            "ticker": "HIGHMIA-24JAN17-B74.5",
            "count": 10,
            "created_time": "2024-01-17T17:56:30.886709Z",
            "yes_price": 72,
            "no_price": 28,
            "taker_side": "yes"
        },
        {
            "trade_id": "19f7f8aa-0a8a-4855-a367-7b367d418585",
            "ticker": "HIGHMIA-24JAN17-B74.5",
            "count": 1,
            "created_time": "2024-01-17T17:56:30.886709Z",
            "yes_price": 73,
            "no_price": 27,
            "taker_side": "yes"
        },
        {
            "trade_id": "1404fc76-32eb-4409-8b47-b3e93bd7d9a6",
            "ticker": "HIGHMIA-24JAN17-B74.5",
            "count": 10,
            "created_time": "2024-01-17T17:56:30.886709Z",
            "yes_price": 73,
            "no_price": 27,
            "taker_side": "yes"
        },
        {
            "trade_id": "6116ab3d-748a-4b71-85a7-aab2ad5eae8b",
            "ticker": "HIGHMIA-24JAN17-B74.5",
            "count": 10,
            "created_time": "2024-01-17T17:56:21.832779Z",
            "yes_price": 70,
            "no_price": 30,
            "taker_side": "yes"
        },
        {
            "trade_id": "415822af-e130-492d-b9f0-5f4f863a7d6c",
            "ticker": "HIGHMIA-24JAN17-B74.5",
            "count": 10,
            "created_time": "2024-01-17T17:56:21.832779Z",
            "yes_price": 67,
            "no_price": 33,
            "taker_side": "yes"
        },
        {
            "trade_id": "d175605f-e3de-42de-b0d4-0b1b516d4ef3",
            "ticker": "HIGHMIA-24JAN17-B74.5",
            "count": 10,
            "created_time": "2024-01-17T17:56:13.352457Z",
            "yes_price": 62,
            "no_price": 38,
            "taker_side": "yes"
        },
        {
            "trade_id": "5e7e56b6-ccb0-4d08-910d-0e58f73b0370",
            "ticker": "HIGHMIA-24JAN17-B74.5",
            "count": 10,
            "created_time": "2024-01-17T17:56:13.352457Z",
            "yes_price": 65,
            "no_price": 35,
            "taker_side": "yes"
        },
        {
            "trade_id": "ebc0d3c7-ad82-4803-a628-0f9f27858fca",
            "ticker": "HIGHMIA-24JAN17-B74.5",
            "count": 12,
            "created_time": "2024-01-17T17:54:51.800685Z",
            "yes_price": 48,
            "no_price": 52,
            "taker_side": "yes"
        },
        {
            "trade_id": "6cb9b4e9-048f-4d79-b662-b4f02db647cf",
            "ticker": "HIGHMIA-24JAN17-B74.5",
            "count": 12,
            "created_time": "2024-01-17T17:54:46.369397Z",
            "yes_price": 45,
            "no_price": 55,
            "taker_side": "yes"
        },
        {
            "trade_id": "22c7ace8-2cbe-4cb5-a37a-4d48d6ba22c8",
            "ticker": "HIGHMIA-24JAN17-B74.5",
            "count": 1,
            "created_time": "2024-01-17T17:54:46.369397Z",
            "yes_price": 44,
            "no_price": 56,
            "taker_side": "yes"
        },
        {
            "trade_id": "4bdaff82-2474-4e55-8058-e4e155878cfe",
            "ticker": "HIGHMIA-24JAN17-B74.5",
            "count": 39,
            "created_time": "2024-01-17T17:21:08.856432Z",
            "yes_price": 24,
            "no_price": 76,
            "taker_side": "no"
        },
        {
            "trade_id": "5a871d11-0749-4ce5-b5e6-3915e91c97e1",
            "ticker": "HIGHMIA-24JAN17-B74.5",
            "count": 55,
            "created_time": "2024-01-17T04:57:06.773589Z",
            "yes_price": 43,
            "no_price": 57,
            "taker_side": "yes"
        },
        {
            "trade_id": "8695b6e0-97ba-4b4d-9de2-8ec8093101cc",
            "ticker": "HIGHMIA-24JAN17-B74.5",
            "count": 55,
            "created_time": "2024-01-17T04:56:48.398133Z",
            "yes_price": 41,
            "no_price": 59,
            "taker_side": "yes"
        },
        {
            "trade_id": "83db86bd-c796-429a-85ab-1bc37431a2eb",
            "ticker": "HIGHMIA-24JAN17-B74.5",
            "count": 22,
            "created_time": "2024-01-17T04:56:39.321053Z",
            "yes_price": 40,
            "no_price": 60,
            "taker_side": "yes"
        },
        {
            "trade_id": "4a0acc73-e80b-487a-ad8c-9b91e804ec16",
            "ticker": "HIGHMIA-24JAN17-B74.5",
            "count": 16,
            "created_time": "2024-01-17T02:59:46.161784Z",
            "yes_price": 37,
            "no_price": 63,
            "taker_side": "no"
        },
        {
            "trade_id": "b210c9cf-6e84-4b97-bcd4-9d514abb7a76",
            "ticker": "HIGHMIA-24JAN17-B74.5",
            "count": 11,
            "created_time": "2024-01-17T02:59:17.616437Z",
            "yes_price": 38,
            "no_price": 62,
            "taker_side": "no"
        },
        {
            "trade_id": "f585ad74-e0d2-432b-9ee6-d9dabd1d1718",
            "ticker": "HIGHMIA-24JAN17-B74.5",
            "count": 112,
            "created_time": "2024-01-17T02:58:53.332936Z",
            "yes_price": 43,
            "no_price": 57,
            "taker_side": "yes"
        },
        {
            "trade_id": "9f395886-23d4-4d1c-9452-e4a1a80265ed",
            "ticker": "HIGHMIA-24JAN17-B74.5",
            "count": 112,
            "created_time": "2024-01-17T02:58:53.332936Z",
            "yes_price": 45,
            "no_price": 55,
            "taker_side": "yes"
        },
        {
            "trade_id": "4de51876-ad8c-41f6-95c0-e83ae668c0b5",
            "ticker": "HIGHMIA-24JAN17-B74.5",
            "count": 56,
            "created_time": "2024-01-17T02:58:53.332936Z",
            "yes_price": 40,
            "no_price": 60,
            "taker_side": "yes"
        },
        {
            "trade_id": "21ee52ee-169b-499f-aa45-d1dabb4b8878",
            "ticker": "HIGHMIA-24JAN17-B74.5",
            "count": 1,
            "created_time": "2024-01-17T00:35:46.352363Z",
            "yes_price": 25,
            "no_price": 75,
            "taker_side": "no"
        },
        {
            "trade_id": "85934228-8414-4705-9938-ae99deb21f6b",
            "ticker": "HIGHMIA-24JAN17-B74.5",
            "count": 32,
            "created_time": "2024-01-16T23:29:04.045068Z",
            "yes_price": 44,
            "no_price": 56,
            "taker_side": "yes"
        },
        {
            "trade_id": "4f42ab6c-475f-4fdb-958f-18f945bafb1a",
            "ticker": "HIGHMIA-24JAN17-B74.5",
            "count": 12,
            "created_time": "2024-01-16T23:28:37.278367Z",
            "yes_price": 43,
            "no_price": 57,
            "taker_side": "yes"
        },
        {
            "trade_id": "f267ee27-3848-440d-a565-c402df44942a",
            "ticker": "HIGHMIA-24JAN17-B74.5",
            "count": 12,
            "created_time": "2024-01-16T23:28:17.053902Z",
            "yes_price": 43,
            "no_price": 57,
            "taker_side": "yes"
        },
        {
            "trade_id": "fc31c99a-f66d-44ea-ba5b-43215ea70b12",
            "ticker": "HIGHMIA-24JAN17-B74.5",
            "count": 6,
            "created_time": "2024-01-16T23:27:18.962368Z",
            "yes_price": 44,
            "no_price": 56,
            "taker_side": "yes"
        },
        {
            "trade_id": "9d7224ff-9198-4e11-991a-9e31c97ed81f",
            "ticker": "HIGHMIA-24JAN17-B74.5",
            "count": 2,
            "created_time": "2024-01-16T23:18:50.039423Z",
            "yes_price": 38,
            "no_price": 62,
            "taker_side": "no"
        },
        {
            "trade_id": "6ccad4d1-32b1-499f-b712-2966f1eb25be",
            "ticker": "HIGHMIA-24JAN17-B74.5",
            "count": 59,
            "created_time": "2024-01-16T23:18:07.669886Z",
            "yes_price": 38,
            "no_price": 62,
            "taker_side": "no"
        },
        {
            "trade_id": "5663ee0e-1f06-4fa3-bab7-7536ac3073d8",
            "ticker": "HIGHMIA-24JAN17-B74.5",
            "count": 12,
            "created_time": "2024-01-16T23:17:28.676878Z",
            "yes_price": 42,
            "no_price": 58,
            "taker_side": "no"
        },
        {
            "trade_id": "b8db568b-982b-4bc5-a398-38151bf108af",
            "ticker": "HIGHMIA-24JAN17-B74.5",
            "count": 30,
            "created_time": "2024-01-16T23:07:39.176462Z",
            "yes_price": 48,
            "no_price": 52,
            "taker_side": "yes"
        },
        {
            "trade_id": "2724c441-1a5b-442a-9fcd-efefb1822a4d",
            "ticker": "HIGHMIA-24JAN17-B74.5",
            "count": 30,
            "created_time": "2024-01-16T23:07:22.222581Z",
            "yes_price": 48,
            "no_price": 52,
            "taker_side": "yes"
        },
        {
            "trade_id": "0b2b0192-2607-4729-8bf6-e1d151542846",
            "ticker": "HIGHMIA-24JAN17-B74.5",
            "count": 30,
            "created_time": "2024-01-16T23:07:22.222581Z",
            "yes_price": 47,
            "no_price": 53,
            "taker_side": "yes"
        },
        {
            "trade_id": "dac54e92-529f-466f-8c71-fef6a73ee7c5",
            "ticker": "HIGHMIA-24JAN17-B74.5",
            "count": 23,
            "created_time": "2024-01-16T20:31:44.384748Z",
            "yes_price": 44,
            "no_price": 56,
            "taker_side": "yes"
        },
        {
            "trade_id": "9dc1bfa7-1f31-4d6b-a257-d00632c31213",
            "ticker": "HIGHMIA-24JAN17-B74.5",
            "count": 59,
            "created_time": "2024-01-16T20:31:44.384748Z",
            "yes_price": 45,
            "no_price": 55,
            "taker_side": "yes"
        },
        {
            "trade_id": "84d9736a-3048-4bda-8d4b-03ef7533b90a",
            "ticker": "HIGHMIA-24JAN17-B74.5",
            "count": 5,
            "created_time": "2024-01-16T20:31:44.384748Z",
            "yes_price": 44,
            "no_price": 56,
            "taker_side": "yes"
        },
        {
            "trade_id": "dec49b7c-5a17-4dbb-a99b-b164ed4fff42",
            "ticker": "HIGHMIA-24JAN17-B74.5",
            "count": 33,
            "created_time": "2024-01-16T17:20:22.223478Z",
            "yes_price": 44,
            "no_price": 56,
            "taker_side": "yes"
        },
        {
            "trade_id": "cac6892b-dd48-42fd-b010-37e55864f66b",
            "ticker": "HIGHMIA-24JAN17-B74.5",
            "count": 13,
            "created_time": "2024-01-16T17:20:22.223478Z",
            "yes_price": 41,
            "no_price": 59,
            "taker_side": "yes"
        },
        {
            "trade_id": "59f9dfc9-c60b-460f-83db-9d6676dc268c",
            "ticker": "HIGHMIA-24JAN17-B74.5",
            "count": 33,
            "created_time": "2024-01-16T17:20:22.223478Z",
            "yes_price": 45,
            "no_price": 55,
            "taker_side": "yes"
        },
        {
            "trade_id": "f9520a05-7d91-4169-831d-c78f649442ab",
            "ticker": "HIGHMIA-24JAN17-B74.5",
            "count": 33,
            "created_time": "2024-01-16T17:18:40.641207Z",
            "yes_price": 36,
            "no_price": 64,
            "taker_side": "yes"
        },
        {
            "trade_id": "4c25fda3-6116-412b-858d-c742e5f4ec4a",
            "ticker": "HIGHMIA-24JAN17-B74.5",
            "count": 5,
            "created_time": "2024-01-16T17:18:40.641207Z",
            "yes_price": 31,
            "no_price": 69,
            "taker_side": "yes"
        },
        {
            "trade_id": "0e21f97b-8f6b-4c65-a47d-2bb775b614d8",
            "ticker": "HIGHMIA-24JAN17-B74.5",
            "count": 1,
            "created_time": "2024-01-16T17:18:27.249548Z",
            "yes_price": 28,
            "no_price": 72,
            "taker_side": "yes"
        }
    ],
    "HIGHMIA-24JAN17-T75": [
        {
            "trade_id": "56d89af6-037a-4493-8dbf-747807d1d1ec",
            "ticker": "HIGHMIA-24JAN17-T75",
            "count": 16,
            "created_time": "2024-01-17T02:59:46.168711Z",
            "yes_price": 15,
            "no_price": 85,
            "taker_side": "no"
        },
        {
            "trade_id": "66611b8c-45c5-4ce3-9ea9-2d38692ee20c",
            "ticker": "HIGHMIA-24JAN17-T75",
            "count": 11,
            "created_time": "2024-01-17T02:59:17.620772Z",
            "yes_price": 15,
            "no_price": 85,
            "taker_side": "no"
        },
        {
            "trade_id": "7d6e00d1-6987-4ee1-bec7-c965b34cd0e8",
            "ticker": "HIGHMIA-24JAN17-T75",
            "count": 2,
            "created_time": "2024-01-16T23:18:50.038298Z",
            "yes_price": 15,
            "no_price": 85,
            "taker_side": "no"
        },
        {
            "trade_id": "5c9ba907-ae8a-485c-9c5c-1277271a2667",
            "ticker": "HIGHMIA-24JAN17-T75",
            "count": 59,
            "created_time": "2024-01-16T23:18:07.66421Z",
            "yes_price": 15,
            "no_price": 85,
            "taker_side": "no"
        },
        {
            "trade_id": "3aa0b705-6df2-45b1-8b8d-c3cef7ef9889",
            "ticker": "HIGHMIA-24JAN17-T75",
            "count": 12,
            "created_time": "2024-01-16T23:17:28.679635Z",
            "yes_price": 15,
            "no_price": 85,
            "taker_side": "no"
        },
        {
            "trade_id": "4e94e9fc-4041-4370-8094-079fc9d37d0d",
            "ticker": "HIGHMIA-24JAN17-T75",
            "count": 30,
            "created_time": "2024-01-16T23:07:39.238333Z",
            "yes_price": 16,
            "no_price": 84,
            "taker_side": "no"
        },
        {
            "trade_id": "f4e363b2-f72c-4985-ba70-eb20c4834ca4",
            "ticker": "HIGHMIA-24JAN17-T75",
            "count": 30,
            "created_time": "2024-01-16T23:07:22.290125Z",
            "yes_price": 16,
            "no_price": 84,
            "taker_side": "no"
        },
        {
            "trade_id": "079ccc0c-f56c-46c0-b844-b6cf672b4ad5",
            "ticker": "HIGHMIA-24JAN17-T75",
            "count": 5,
            "created_time": "2024-01-16T20:31:44.459432Z",
            "yes_price": 16,
            "no_price": 84,
            "taker_side": "no"
        },
        {
            "trade_id": "b0e60d66-e278-459d-9ccb-0be94ee5121b",
            "ticker": "HIGHMIA-24JAN17-T75",
            "count": 56,
            "created_time": "2024-01-16T17:18:49.382383Z",
            "yes_price": 16,
            "no_price": 84,
            "taker_side": "yes"
        },
        {
            "trade_id": "2eec6baf-44bc-4b90-b984-ab4d23ab2b0c",
            "ticker": "HIGHMIA-24JAN17-T75",
            "count": 44,
            "created_time": "2024-01-16T16:12:43.850659Z",
            "yes_price": 16,
            "no_price": 84,
            "taker_side": "no"
        },
        {
            "trade_id": "963db454-9165-48de-9b6a-6859ada50914",
            "ticker": "HIGHMIA-24JAN17-T75",
            "count": 1,
            "created_time": "2024-01-16T15:24:52.117819Z",
            "yes_price": 16,
            "no_price": 84,
            "taker_side": "yes"
        },
        {
            "trade_id": "6ca17fa8-a1b9-4354-a201-b08f29bec0e1",
            "ticker": "HIGHMIA-24JAN17-T75",
            "count": 5,
            "created_time": "2024-01-16T15:24:52.117819Z",
            "yes_price": 16,
            "no_price": 84,
            "taker_side": "yes"
        }
    ]
}