{
    "HIGHMIA-24AUG08-T88": [
        {
            "trade_id": "2a4d31b6-2816-4dcd-bda2-5ea1f12bceb9",
            "ticker": "HIGHMIA-24AUG08-T88",
            "count": 50,
            "created_time": "2024-08-07T18:40:23.157147Z",
            "yes_price": 1,
            "no_price": 99,
            "taker_side": "no"
        }
    ],
    "HIGHMIA-24AUG08-B88.5": [
        {
            "trade_id": "a372f477-906e-4d1b-89e8-a7a7737df0cd",
            "ticker": "HIGHMIA-24AUG08-B88.5",
            "count": 93,
            "created_time": "2024-08-08T15:22:32.136322Z",
            "yes_price": 1,
            "no_price": 99,
            "taker_side": "no"
        },
        {
            "trade_id": "dce12363-95d8-4d14-bc01-15b39adfef6b",
            "ticker": "HIGHMIA-24AUG08-B88.5",
            "count": 3,
            "created_time": "2024-08-08T13:51:37.662854Z",
            "yes_price": 1,
            "no_price": 99,
            "taker_side": "yes"
        },
        {
            "trade_id": "dbaa80ca-afa6-4260-92b6-881fa55bd404",
            "ticker": "HIGHMIA-24AUG08-B88.5",
            "count": 4,
            "created_time": "2024-08-08T13:51:37.662854Z",
            "yes_price": 1,
            "no_price": 99,
            "taker_side": "yes"
        },
        {
            "trade_id": "83f208dd-0faf-4458-854e-5fa2867a09c8",
            "ticker": "HIGHMIA-24AUG08-B88.5",
            "count": 4,
            "created_time": "2024-08-07T22:54:38.342925Z",
            "yes_price": 1,
            "no_price": 99,
            "taker_side": "no"
        },
        {
            "trade_id": "cec7cacb-2dcf-4a73-bd23-226b871abe5f",
            "ticker": "HIGHMIA-24AUG08-B88.5",
            "count": 20,
            "created_time": "2024-08-07T22:52:53.216829Z",
            "yes_price": 1,
            "no_price": 99,
            "taker_side": "no"
        },
        {
            "trade_id": "475d3050-7221-47cf-abdc-9e37bb8dd3db",
            "ticker": "HIGHMIA-24AUG08-B88.5",
            "count": 20,
            "created_time": "2024-08-07T22:40:44.366954Z",
            "yes_price": 1,
            "no_price": 99,
            "taker_side": "no"
        },
        {
            "trade_id": "8a9d80a6-3233-4b39-949c-82367cc8857f",
            "ticker": "HIGHMIA-24AUG08-B88.5",
            "count": 6,
            "created_time": "2024-08-07T22:36:34.787244Z",
            "yes_price": 1,
            "no_price": 99,
            "taker_side": "no"
        }
    ],
    "HIGHMIA-24AUG08-B90.5": [
        {
            "trade_id": "676da5bb-e999-4867-a04c-f1c573703dfb",
            "ticker": "HIGHMIA-24AUG08-B90.5",
            "count": 1,
            "created_time": "2024-08-08T13:59:53.148283Z",
            "yes_price": 3,
            "no_price": 97,
            "taker_side": "yes"
        },
        {
            "trade_id": "a2ce0348-5dbf-4d2a-9f84-5239c15cde37",
            "ticker": "HIGHMIA-24AUG08-B90.5",
            "count": 2,
            "created_time": "2024-08-08T13:59:53.134879Z",
            "yes_price": 2,
            "no_price": 98,
            "taker_side": "yes"
        },
        {
            "trade_id": "33ba2171-0609-4220-9e65-1fc70fbdb9e9",
            "ticker": "HIGHMIA-24AUG08-B90.5",
            "count": 94,
            "created_time": "2024-08-08T13:19:46.830998Z",
            "yes_price": 1,
            "no_price": 99,
            "taker_side": "no"
        },
        {
            "trade_id": "ebb475f5-f811-441e-acd7-41e4e8522865",
            "ticker": "HIGHMIA-24AUG08-B90.5",
            "count": 3,
            "created_time": "2024-08-08T13:10:35.947107Z",
            "yes_price": 1,
            "no_price": 99,
            "taker_side": "yes"
        },
        {
            "trade_id": "3b7240ac-b8b9-4fb2-b5cc-7a3b40be9fd2",
            "ticker": "HIGHMIA-24AUG08-B90.5",
            "count": 3,
            "created_time": "2024-08-08T13:10:35.947107Z",
            "yes_price": 1,
            "no_price": 99,
            "taker_side": "yes"
        },
        {
            "trade_id": "acf9fa6d-7bc9-4a7c-82ab-d8ca2a69ebc6",
            "ticker": "HIGHMIA-24AUG08-B90.5",
            "count": 40,
            "created_time": "2024-08-08T13:05:06.909496Z",
            "yes_price": 1,
            "no_price": 99,
            "taker_side": "no"
        },
        {
            "trade_id": "9585340f-46b5-4fd7-9685-9d4772ffe03a",
            "ticker": "HIGHMIA-24AUG08-B90.5",
            "count": 10,
            "created_time": "2024-08-08T12:40:50.752804Z",
            "yes_price": 1,
            "no_price": 99,
            "taker_side": "no"
        },
        {
            "trade_id": "80240cdd-4844-448a-b164-40fe130aa537",
            "ticker": "HIGHMIA-24AUG08-B90.5",
            "count": 21,
            "created_time": "2024-08-07T22:56:17.605273Z",
            "yes_price": 2,
            "no_price": 98,
            "taker_side": "no"
        },
        {
            "trade_id": "4ee6f79a-3112-4cb6-9df7-fefe80584459",
            "ticker": "HIGHMIA-24AUG08-B90.5",
            "count": 4,
            "created_time": "2024-08-07T22:54:38.341229Z",
            "yes_price": 4,
            "no_price": 96,
            "taker_side": "no"
        },
        {
            "trade_id": "59bc1018-9e10-4ca7-96bc-e9b407126f7f",
            "ticker": "HIGHMIA-24AUG08-B90.5",
            "count": 20,
            "created_time": "2024-08-07T22:52:53.215305Z",
            "yes_price": 4,
            "no_price": 96,
            "taker_side": "no"
        },
        {
            "trade_id": "31a9fcc7-1fc6-4ae1-b9af-d518d0dbb4a6",
            "ticker": "HIGHMIA-24AUG08-B90.5",
            "count": 20,
            "created_time": "2024-08-07T22:40:44.34911Z",
            "yes_price": 4,
            "no_price": 96,
            "taker_side": "no"
        },
        {
            "trade_id": "60f97aa1-d86e-4c05-a775-35be8c0f7a60",
            "ticker": "HIGHMIA-24AUG08-B90.5",
            "count": 6,
            "created_time": "2024-08-07T22:36:34.816371Z",
            "yes_price": 4,
            "no_price": 96,
            "taker_side": "no"
        }
    ],
    "HIGHMIA-24AUG08-B92.5": [
        {
            "trade_id": "7a2c98ba-7ca7-4f19-9f18-f42d70220bd9",
            "ticker": "HIGHMIA-24AUG08-B92.5",
            "count": 1,
            "created_time": "2024-08-08T22:01:56.843762Z",
            "yes_price": 97,
            "no_price": 3,
            "taker_side": "no"
        },
        {
            "trade_id": "8fd0465f-7767-4de1-9d6d-efe8b2a2d889",
            "ticker": "HIGHMIA-24AUG08-B92.5",
            "count": 29,
            "created_time": "2024-08-08T22:00:57.430131Z",
            "yes_price": 97,
            "no_price": 3,
            "taker_side": "no"
        },
        {
            "trade_id": "9ab70af7-9068-4cc5-8f51-d7e7ac63bd7b",
            "ticker": "HIGHMIA-24AUG08-B92.5",
            "count": 59,
            "created_time": "2024-08-08T22:00:57.372764Z",
            "yes_price": 97,
            "no_price": 3,
            "taker_side": "no"
        },
        {
            "trade_id": "ca07e044-ec29-483c-8179-9c50c88ddd5a",
            "ticker": "HIGHMIA-24AUG08-B92.5",
            "count": 59,
            "created_time": "2024-08-08T22:00:57.332199Z",
            "yes_price": 97,
            "no_price": 3,
            "taker_side": "no"
        },
        {
            "trade_id": "ae091fb7-45bc-4d21-8c81-d5410773918f",
            "ticker": "HIGHMIA-24AUG08-B92.5",
            "count": 86,
            "created_time": "2024-08-08T21:38:27.997582Z",
            "yes_price": 99,
            "no_price": 1,
            "taker_side": "yes"
        },
        {
            "trade_id": "71f5fcff-36b4-440e-a62a-207f7413fd4f",
            "ticker": "HIGHMIA-24AUG08-B92.5",
            "count": 50,
            "created_time": "2024-08-08T21:38:27.997582Z",
            "yes_price": 99,
            "no_price": 1,
            "taker_side": "yes"
        },
        {
            "trade_id": "bb627acc-2c1e-4492-ac68-cc08a77caddc",
            "ticker": "HIGHMIA-24AUG08-B92.5",
            "count": 50,
            "created_time": "2024-08-08T21:00:53.603702Z",
            "yes_price": 10,
            "no_price": 90,
            "taker_side": "no"
        },
        {
            "trade_id": "a5875b1a-d8f5-468d-97af-ec55194cb33b",
            "ticker": "HIGHMIA-24AUG08-B92.5",
            "count": 150,
            "created_time": "2024-08-08T21:00:53.603702Z",
            "yes_price": 50,
            "no_price": 50,
            "taker_side": "no"
        },
        {
            "trade_id": "813081b6-b7d4-4bd2-bfc3-5ef53a5020ae",
            "ticker": "HIGHMIA-24AUG08-B92.5",
            "count": 17,
            "created_time": "2024-08-08T21:00:53.603702Z",
            "yes_price": 1,
            "no_price": 99,
            "taker_side": "no"
        },
        {
            "trade_id": "42146f5b-a57c-45f8-847c-bd00c73e69e8",
            "ticker": "HIGHMIA-24AUG08-B92.5",
            "count": 100,
            "created_time": "2024-08-08T21:00:53.603702Z",
            "yes_price": 5,
            "no_price": 95,
            "taker_side": "no"
        },
        {
            "trade_id": "0d20ee29-2c7f-4cbd-90bd-77dbccdfda12",
            "ticker": "HIGHMIA-24AUG08-B92.5",
            "count": 125,
            "created_time": "2024-08-08T21:00:53.603702Z",
            "yes_price": 50,
            "no_price": 50,
            "taker_side": "no"
        },
        {
            "trade_id": "8abb01b4-e74c-4e4d-a48c-89ccfdac6157",
            "ticker": "HIGHMIA-24AUG08-B92.5",
            "count": 24,
            "created_time": "2024-08-08T20:36:11.102092Z",
            "yes_price": 96,
            "no_price": 4,
            "taker_side": "yes"
        },
        {
            "trade_id": "4e1fb29f-2476-47d7-b991-5fc03ccdbf97",
            "ticker": "HIGHMIA-24AUG08-B92.5",
            "count": 29,
            "created_time": "2024-08-08T20:36:11.102092Z",
            "yes_price": 95,
            "no_price": 5,
            "taker_side": "yes"
        },
        {
            "trade_id": "f5bfcf97-346e-457b-ac32-5471713ffe91",
            "ticker": "HIGHMIA-24AUG08-B92.5",
            "count": 27,
            "created_time": "2024-08-08T19:58:57.805661Z",
            "yes_price": 95,
            "no_price": 5,
            "taker_side": "yes"
        },
        {
            "trade_id": "c3f2e7a3-2fa0-4b21-9924-3d2d00508ffc",
            "ticker": "HIGHMIA-24AUG08-B92.5",
            "count": 6,
            "created_time": "2024-08-08T19:41:45.480949Z",
            "yes_price": 96,
            "no_price": 4,
            "taker_side": "yes"
        },
        {
            "trade_id": "96527aac-ae35-4333-ac73-59d484b08fa7",
            "ticker": "HIGHMIA-24AUG08-B92.5",
            "count": 29,
            "created_time": "2024-08-08T19:39:58.453248Z",
            "yes_price": 95,
            "no_price": 5,
            "taker_side": "yes"
        },
        {
            "trade_id": "41a294c9-31ba-4826-baa9-34683bbc7daf",
            "ticker": "HIGHMIA-24AUG08-B92.5",
            "count": 1,
            "created_time": "2024-08-08T19:39:58.453248Z",
            "yes_price": 95,
            "no_price": 5,
            "taker_side": "yes"
        },
        {
            "trade_id": "2b17e130-6436-4fae-bb1c-2585351209f9",
            "ticker": "HIGHMIA-24AUG08-B92.5",
            "count": 30,
            "created_time": "2024-08-08T19:03:50.464045Z",
            "yes_price": 96,
            "no_price": 4,
            "taker_side": "yes"
        },
        {
            "trade_id": "0dd6abbc-29c0-4a16-aca3-b2e911a4ae8d",
            "ticker": "HIGHMIA-24AUG08-B92.5",
            "count": 1,
            "created_time": "2024-08-08T19:03:50.464045Z",
            "yes_price": 97,
            "no_price": 3,
            "taker_side": "yes"
        },
        {
            "trade_id": "ce4972ef-3f6b-4220-847b-54ad4e6ed626",
            "ticker": "HIGHMIA-24AUG08-B92.5",
            "count": 30,
            "created_time": "2024-08-08T18:47:35.818359Z",
            "yes_price": 98,
            "no_price": 2,
            "taker_side": "yes"
        },
        {
            "trade_id": "67b02ed2-9ff3-467a-b16f-142e92aa5f08",
            "ticker": "HIGHMIA-24AUG08-B92.5",
            "count": 1,
            "created_time": "2024-08-08T18:42:49.119353Z",
            "yes_price": 95,
            "no_price": 5,
            "taker_side": "yes"
        },
        {
            "trade_id": "bbc6a799-2a6f-45be-a96b-528ab359a8dd",
            "ticker": "HIGHMIA-24AUG08-B92.5",
            "count": 82,
            "created_time": "2024-08-08T16:18:10.790466Z",
            "yes_price": 55,
            "no_price": 45,
            "taker_side": "yes"
        },
        {
            "trade_id": "0cb66dfa-7f72-4d04-9776-687724860633",
            "ticker": "HIGHMIA-24AUG08-B92.5",
            "count": 230,
            "created_time": "2024-08-08T16:17:40.982462Z",
            "yes_price": 55,
            "no_price": 45,
            "taker_side": "yes"
        },
        {
            "trade_id": "f16743e6-dadc-465f-aced-52054278d746",
            "ticker": "HIGHMIA-24AUG08-B92.5",
            "count": 25,
            "created_time": "2024-08-08T15:16:39.131071Z",
            "yes_price": 45,
            "no_price": 55,
            "taker_side": "yes"
        },
        {
            "trade_id": "06023f31-15a7-4f33-a825-4940b677bad1",
            "ticker": "HIGHMIA-24AUG08-B92.5",
            "count": 8,
            "created_time": "2024-08-08T14:58:52.260247Z",
            "yes_price": 42,
            "no_price": 58,
            "taker_side": "no"
        },
        {
            "trade_id": "60a6ab14-f66e-4259-816d-831c72838d42",
            "ticker": "HIGHMIA-24AUG08-B92.5",
            "count": 1,
            "created_time": "2024-08-08T14:09:11.995335Z",
            "yes_price": 55,
            "no_price": 45,
            "taker_side": "yes"
        },
        {
            "trade_id": "6a1bfd11-c303-4d3d-b23f-96dac37acf78",
            "ticker": "HIGHMIA-24AUG08-B92.5",
            "count": 17,
            "created_time": "2024-08-08T13:42:33.817263Z",
            "yes_price": 55,
            "no_price": 45,
            "taker_side": "yes"
        },
        {
            "trade_id": "8cd997cf-8a12-4837-b277-f2ec6b5c72f3",
            "ticker": "HIGHMIA-24AUG08-B92.5",
            "count": 40,
            "created_time": "2024-08-08T13:40:46.442575Z",
            "yes_price": 50,
            "no_price": 50,
            "taker_side": "yes"
        },
        {
            "trade_id": "fb3cd896-4842-4434-bfb7-8b1ba7eba69a",
            "ticker": "HIGHMIA-24AUG08-B92.5",
            "count": 12,
            "created_time": "2024-08-08T13:17:41.796094Z",
            "yes_price": 35,
            "no_price": 65,
            "taker_side": "yes"
        },
        {
            "trade_id": "9362502c-b582-46b3-90a8-fd559452c405",
            "ticker": "HIGHMIA-24AUG08-B92.5",
            "count": 1,
            "created_time": "2024-08-08T13:17:41.796094Z",
            "yes_price": 25,
            "no_price": 75,
            "taker_side": "yes"
        },
        {
            "trade_id": "a89644de-972b-4f7a-946a-cd339b11feb9",
            "ticker": "HIGHMIA-24AUG08-B92.5",
            "count": 9,
            "created_time": "2024-08-08T13:08:49.537711Z",
            "yes_price": 25,
            "no_price": 75,
            "taker_side": "no"
        },
        {
            "trade_id": "fc83938b-ed0e-4060-ae62-10ccfcf4cca5",
            "ticker": "HIGHMIA-24AUG08-B92.5",
            "count": 11,
            "created_time": "2024-08-08T13:08:49.526546Z",
            "yes_price": 25,
            "no_price": 75,
            "taker_side": "no"
        },
        {
            "trade_id": "29b0ee9e-0284-44a6-bce2-d9f5dc93d108",
            "ticker": "HIGHMIA-24AUG08-B92.5",
            "count": 10,
            "created_time": "2024-08-08T12:40:50.775564Z",
            "yes_price": 16,
            "no_price": 84,
            "taker_side": "no"
        },
        {
            "trade_id": "28070fe4-a6fb-41fb-b722-64bd859bb2a3",
            "ticker": "HIGHMIA-24AUG08-B92.5",
            "count": 15,
            "created_time": "2024-08-08T12:40:37.653675Z",
            "yes_price": 16,
            "no_price": 84,
            "taker_side": "no"
        },
        {
            "trade_id": "3662d60a-ff06-419d-a9b5-272e14ad1295",
            "ticker": "HIGHMIA-24AUG08-B92.5",
            "count": 160,
            "created_time": "2024-08-08T12:24:54.032338Z",
            "yes_price": 17,
            "no_price": 83,
            "taker_side": "no"
        },
        {
            "trade_id": "58961d96-f23a-4c17-a6d8-249f7fa971ed",
            "ticker": "HIGHMIA-24AUG08-B92.5",
            "count": 40,
            "created_time": "2024-08-08T12:24:37.541245Z",
            "yes_price": 17,
            "no_price": 83,
            "taker_side": "no"
        },
        {
            "trade_id": "051ccc3a-d38f-42a8-85d2-9e4ae3183d1b",
            "ticker": "HIGHMIA-24AUG08-B92.5",
            "count": 156,
            "created_time": "2024-08-08T12:05:10.118031Z",
            "yes_price": 6,
            "no_price": 94,
            "taker_side": "yes"
        },
        {
            "trade_id": "ca5a53e4-a57f-4063-8b87-4f295a527b3d",
            "ticker": "HIGHMIA-24AUG08-B92.5",
            "count": 189,
            "created_time": "2024-08-08T12:04:17.429867Z",
            "yes_price": 7,
            "no_price": 93,
            "taker_side": "no"
        },
        {
            "trade_id": "7b766db0-0123-401e-9fa6-b1c7918b5c22",
            "ticker": "HIGHMIA-24AUG08-B92.5",
            "count": 189,
            "created_time": "2024-08-08T12:03:32.431969Z",
            "yes_price": 8,
            "no_price": 92,
            "taker_side": "no"
        },
        {
            "trade_id": "2db2a60c-d48f-4549-a1be-33a630ed02a5",
            "ticker": "HIGHMIA-24AUG08-B92.5",
            "count": 93,
            "created_time": "2024-08-08T12:00:06.901288Z",
            "yes_price": 47,
            "no_price": 53,
            "taker_side": "no"
        },
        {
            "trade_id": "c25d94cc-d758-42d9-8242-7a9eaa39ea73",
            "ticker": "HIGHMIA-24AUG08-B92.5",
            "count": 200,
            "created_time": "2024-08-08T12:00:06.881274Z",
            "yes_price": 47,
            "no_price": 53,
            "taker_side": "no"
        },
        {
            "trade_id": "dfdce88e-2e02-4c89-b490-896205adc050",
            "ticker": "HIGHMIA-24AUG08-B92.5",
            "count": 15,
            "created_time": "2024-08-08T12:00:06.860937Z",
            "yes_price": 53,
            "no_price": 47,
            "taker_side": "no"
        },
        {
            "trade_id": "133469f3-57e3-4593-80fe-31f7c1371759",
            "ticker": "HIGHMIA-24AUG08-B92.5",
            "count": 185,
            "created_time": "2024-08-08T12:00:06.860937Z",
            "yes_price": 47,
            "no_price": 53,
            "taker_side": "no"
        },
        {
            "trade_id": "30cdccad-cca8-4a78-b0bb-52acf29f23ce",
            "ticker": "HIGHMIA-24AUG08-B92.5",
            "count": 2,
            "created_time": "2024-08-08T00:31:35.028664Z",
            "yes_price": 51,
            "no_price": 49,
            "taker_side": "yes"
        },
        {
            "trade_id": "2cdba0f9-2a02-4931-b3b4-b18e06784ce6",
            "ticker": "HIGHMIA-24AUG08-B92.5",
            "count": 21,
            "created_time": "2024-08-07T22:56:17.60666Z",
            "yes_price": 30,
            "no_price": 70,
            "taker_side": "no"
        },
        {
            "trade_id": "5843f650-0ac7-4523-b796-7bd1f4209090",
            "ticker": "HIGHMIA-24AUG08-B92.5",
            "count": 5,
            "created_time": "2024-08-07T22:55:30.496048Z",
            "yes_price": 32,
            "no_price": 68,
            "taker_side": "yes"
        },
        {
            "trade_id": "79fbd9fd-8468-4405-aa6b-87bff67628bf",
            "ticker": "HIGHMIA-24AUG08-B92.5",
            "count": 4,
            "created_time": "2024-08-07T22:54:38.375401Z",
            "yes_price": 30,
            "no_price": 70,
            "taker_side": "no"
        },
        {
            "trade_id": "ca6cfd8a-2737-4389-8ea4-5b71cc5c223e",
            "ticker": "HIGHMIA-24AUG08-B92.5",
            "count": 20,
            "created_time": "2024-08-07T22:53:35.01543Z",
            "yes_price": 31,
            "no_price": 69,
            "taker_side": "yes"
        },
        {
            "trade_id": "46b4db5b-ae4b-461b-bdb6-71dfdcbd09e9",
            "ticker": "HIGHMIA-24AUG08-B92.5",
            "count": 20,
            "created_time": "2024-08-07T22:52:53.202052Z",
            "yes_price": 30,
            "no_price": 70,
            "taker_side": "no"
        },
        {
            "trade_id": "9360580b-f22c-4d8e-b423-4bc751dbd70d",
            "ticker": "HIGHMIA-24AUG08-B92.5",
            "count": 20,
            "created_time": "2024-08-07T22:52:29.746264Z",
            "yes_price": 31,
            "no_price": 69,
            "taker_side": "yes"
        },
        {
            "trade_id": "a011c944-e8e7-4ae4-ae2d-801cfa6543ba",
            "ticker": "HIGHMIA-24AUG08-B92.5",
            "count": 20,
            "created_time": "2024-08-07T22:40:44.295123Z",
            "yes_price": 30,
            "no_price": 70,
            "taker_side": "no"
        },
        {
            "trade_id": "405ccf5e-b87e-471e-a181-568a4c5e8beb",
            "ticker": "HIGHMIA-24AUG08-B92.5",
            "count": 60,
            "created_time": "2024-08-07T22:40:38.608564Z",
            "yes_price": 30,
            "no_price": 70,
            "taker_side": "no"
        },
        {
            "trade_id": "8f91cc6c-9e50-4cb0-8742-6b1831fe7214",
            "ticker": "HIGHMIA-24AUG08-B92.5",
            "count": 6,
            "created_time": "2024-08-07T22:36:34.698097Z",
            "yes_price": 33,
            "no_price": 67,
            "taker_side": "no"
        },
        {
            "trade_id": "f66f1934-47a5-4cd6-9437-1e2cfb0c3ec0",
            "ticker": "HIGHMIA-24AUG08-B92.5",
            "count": 33,
            "created_time": "2024-08-07T22:36:34.541141Z",
            "yes_price": 34,
            "no_price": 66,
            "taker_side": "no"
        },
        {
            "trade_id": "f65e105b-0781-43bf-a1fc-a72f1f03e006",
            "ticker": "HIGHMIA-24AUG08-B92.5",
            "count": 27,
            "created_time": "2024-08-07T22:36:34.541141Z",
            "yes_price": 33,
            "no_price": 67,
            "taker_side": "no"
        },
        {
            "trade_id": "ca9977de-1817-4a2e-9c8d-c0867870016d",
            "ticker": "HIGHMIA-24AUG08-B92.5",
            "count": 10,
            "created_time": "2024-08-07T22:33:24.870306Z",
            "yes_price": 35,
            "no_price": 65,
            "taker_side": "yes"
        },
        {
            "trade_id": "764f0ce5-5c2f-4bf2-b9da-91e36feeef00",
            "ticker": "HIGHMIA-24AUG08-B92.5",
            "count": 33,
            "created_time": "2024-08-07T22:32:38.175855Z",
            "yes_price": 34,
            "no_price": 66,
            "taker_side": "no"
        },
        {
            "trade_id": "5118dc44-900e-4947-9745-84ac4b7c866b",
            "ticker": "HIGHMIA-24AUG08-B92.5",
            "count": 10,
            "created_time": "2024-08-07T22:32:30.945289Z",
            "yes_price": 37,
            "no_price": 63,
            "taker_side": "yes"
        },
        {
            "trade_id": "d12e92cb-8db8-4966-b49a-8a2c8b36e9f9",
            "ticker": "HIGHMIA-24AUG08-B92.5",
            "count": 20,
            "created_time": "2024-08-07T22:24:09.820701Z",
            "yes_price": 40,
            "no_price": 60,
            "taker_side": "yes"
        },
        {
            "trade_id": "8a90712a-47bd-4a88-8fde-c5d1221c6d5a",
            "ticker": "HIGHMIA-24AUG08-B92.5",
            "count": 66,
            "created_time": "2024-08-07T22:24:09.820701Z",
            "yes_price": 43,
            "no_price": 57,
            "taker_side": "yes"
        },
        {
            "trade_id": "024e4f04-7fcc-4794-aaa6-d47770ca6fb5",
            "ticker": "HIGHMIA-24AUG08-B92.5",
            "count": 10,
            "created_time": "2024-08-07T18:41:04.961277Z",
            "yes_price": 53,
            "no_price": 47,
            "taker_side": "yes"
        },
        {
            "trade_id": "be8c6be2-2ace-4f30-ac05-1d008cc34350",
            "ticker": "HIGHMIA-24AUG08-B92.5",
            "count": 20,
            "created_time": "2024-08-07T18:40:52.667799Z",
            "yes_price": 53,
            "no_price": 47,
            "taker_side": "yes"
        },
        {
            "trade_id": "d99bf431-5ee3-4037-ab23-e25e66ba6b32",
            "ticker": "HIGHMIA-24AUG08-B92.5",
            "count": 1,
            "created_time": "2024-08-07T18:35:13.124422Z",
            "yes_price": 48,
            "no_price": 52,
            "taker_side": "no"
        },
        {
            "trade_id": "bbc46efa-2498-4d2c-956e-8a02f83579c9",
            "ticker": "HIGHMIA-24AUG08-B92.5",
            "count": 6,
            "created_time": "2024-08-07T17:16:49.819832Z",
            "yes_price": 52,
            "no_price": 48,
            "taker_side": "no"
        },
        {
            "trade_id": "1ae46bee-592b-463f-a7ab-b4b3f3608689",
            "ticker": "HIGHMIA-24AUG08-B92.5",
            "count": 30,
            "created_time": "2024-08-07T17:16:36.432865Z",
            "yes_price": 52,
            "no_price": 48,
            "taker_side": "yes"
        },
        {
            "trade_id": "eb901d05-11bc-4500-9f46-569253ccd634",
            "ticker": "HIGHMIA-24AUG08-B92.5",
            "count": 36,
            "created_time": "2024-08-07T14:49:24.262122Z",
            "yes_price": 32,
            "no_price": 68,
            "taker_side": "yes"
        },
        {
            "trade_id": "37184c56-cd5c-4787-b561-7dcb63db5332",
            "ticker": "HIGHMIA-24AUG08-B92.5",
            "count": 200,
            "created_time": "2024-08-07T14:14:04.774653Z",
            "yes_price": 35,
            "no_price": 65,
            "taker_side": "yes"
        },
        {
            "trade_id": "34c7af69-ad07-4050-a2db-c980fd63a9e9",
            "ticker": "HIGHMIA-24AUG08-B92.5",
            "count": 60,
            "created_time": "2024-08-07T14:14:04.774653Z",
            "yes_price": 33,
            "no_price": 67,
            "taker_side": "yes"
        }
    ],
    "HIGHMIA-24AUG08-B94.5": [
        {
            "trade_id": "9604edc8-8f4f-48eb-81da-a6b41c7f4f94",
            "ticker": "HIGHMIA-24AUG08-B94.5",
            "count": 358,
            "created_time": "2024-08-08T21:38:24.457495Z",
            "yes_price": 1,
            "no_price": 99,
            "taker_side": "no"
        },
        {
            "trade_id": "07c513d2-dc2e-4b94-9e92-b595088cb090",
            "ticker": "HIGHMIA-24AUG08-B94.5",
            "count": 50,
            "created_time": "2024-08-08T21:38:24.457495Z",
            "yes_price": 1,
            "no_price": 99,
            "taker_side": "no"
        },
        {
            "trade_id": "ce5bd339-f896-4d7c-a4e1-5e6b3548e1ba",
            "ticker": "HIGHMIA-24AUG08-B94.5",
            "count": 15,
            "created_time": "2024-08-08T20:09:24.267523Z",
            "yes_price": 2,
            "no_price": 98,
            "taker_side": "no"
        },
        {
            "trade_id": "340a3aa4-dd62-445e-b475-c5e5d0bf1b81",
            "ticker": "HIGHMIA-24AUG08-B94.5",
            "count": 50,
            "created_time": "2024-08-08T20:09:15.034567Z",
            "yes_price": 2,
            "no_price": 98,
            "taker_side": "no"
        },
        {
            "trade_id": "b527bc9e-4729-4ecf-8668-765f3ee6c870",
            "ticker": "HIGHMIA-24AUG08-B94.5",
            "count": 1,
            "created_time": "2024-08-08T18:49:42.236037Z",
            "yes_price": 2,
            "no_price": 98,
            "taker_side": "no"
        },
        {
            "trade_id": "69fb3c61-39b3-4764-a38a-2a84b8214598",
            "ticker": "HIGHMIA-24AUG08-B94.5",
            "count": 19,
            "created_time": "2024-08-08T18:48:20.09125Z",
            "yes_price": 2,
            "no_price": 98,
            "taker_side": "no"
        },
        {
            "trade_id": "9012dd39-af63-47ed-b458-fde389e43ac1",
            "ticker": "HIGHMIA-24AUG08-B94.5",
            "count": 100,
            "created_time": "2024-08-08T18:09:43.269228Z",
            "yes_price": 6,
            "no_price": 94,
            "taker_side": "no"
        },
        {
            "trade_id": "cc11c936-d4be-4d7e-a2f4-e82787f3884e",
            "ticker": "HIGHMIA-24AUG08-B94.5",
            "count": 50,
            "created_time": "2024-08-08T17:54:29.069194Z",
            "yes_price": 6,
            "no_price": 94,
            "taker_side": "no"
        },
        {
            "trade_id": "1e0a080f-48bb-4273-b4a2-6492b9bc3495",
            "ticker": "HIGHMIA-24AUG08-B94.5",
            "count": 110,
            "created_time": "2024-08-08T17:13:31.766768Z",
            "yes_price": 19,
            "no_price": 81,
            "taker_side": "no"
        },
        {
            "trade_id": "7130f44d-a379-4030-a9bb-86ff34ade390",
            "ticker": "HIGHMIA-24AUG08-B94.5",
            "count": 11,
            "created_time": "2024-08-08T16:48:23.691381Z",
            "yes_price": 19,
            "no_price": 81,
            "taker_side": "no"
        },
        {
            "trade_id": "6dfc40d6-ac12-47cb-8f42-b1fce95c087f",
            "ticker": "HIGHMIA-24AUG08-B94.5",
            "count": 39,
            "created_time": "2024-08-08T16:48:23.691381Z",
            "yes_price": 24,
            "no_price": 76,
            "taker_side": "no"
        },
        {
            "trade_id": "ab19c724-2889-4a44-862c-cf13dad3584a",
            "ticker": "HIGHMIA-24AUG08-B94.5",
            "count": 10,
            "created_time": "2024-08-08T16:11:41.470831Z",
            "yes_price": 24,
            "no_price": 76,
            "taker_side": "no"
        },
        {
            "trade_id": "f054e340-4f61-41ef-9e51-92a103172c59",
            "ticker": "HIGHMIA-24AUG08-B94.5",
            "count": 51,
            "created_time": "2024-08-08T16:00:34.760548Z",
            "yes_price": 24,
            "no_price": 76,
            "taker_side": "no"
        },
        {
            "trade_id": "f7ac3c43-5d22-4b46-9696-b6bb274e4ea2",
            "ticker": "HIGHMIA-24AUG08-B94.5",
            "count": 15,
            "created_time": "2024-08-08T13:39:16.100149Z",
            "yes_price": 33,
            "no_price": 67,
            "taker_side": "no"
        },
        {
            "trade_id": "a6cd8169-164f-4451-9c92-1f44fbf93c85",
            "ticker": "HIGHMIA-24AUG08-B94.5",
            "count": 12,
            "created_time": "2024-08-08T13:39:16.100149Z",
            "yes_price": 32,
            "no_price": 68,
            "taker_side": "no"
        },
        {
            "trade_id": "d00ece95-6bde-4dc8-90af-6f1a7c657717",
            "ticker": "HIGHMIA-24AUG08-B94.5",
            "count": 1,
            "created_time": "2024-08-08T13:08:49.544889Z",
            "yes_price": 74,
            "no_price": 26,
            "taker_side": "no"
        },
        {
            "trade_id": "fb90c273-23f8-4241-acc1-1c4a6561f17b",
            "ticker": "HIGHMIA-24AUG08-B94.5",
            "count": 10,
            "created_time": "2024-08-08T13:08:49.536178Z",
            "yes_price": 76,
            "no_price": 24,
            "taker_side": "no"
        },
        {
            "trade_id": "aff2d20d-17c2-456b-aae0-9319074ac1df",
            "ticker": "HIGHMIA-24AUG08-B94.5",
            "count": 10,
            "created_time": "2024-08-08T12:40:50.673123Z",
            "yes_price": 78,
            "no_price": 22,
            "taker_side": "yes"
        },
        {
            "trade_id": "251a5b5f-b227-414c-9968-092146abea79",
            "ticker": "HIGHMIA-24AUG08-B94.5",
            "count": 27,
            "created_time": "2024-08-08T12:08:12.571486Z",
            "yes_price": 79,
            "no_price": 21,
            "taker_side": "yes"
        },
        {
            "trade_id": "f7f32254-75f4-438a-8bb3-ca041906e771",
            "ticker": "HIGHMIA-24AUG08-B94.5",
            "count": 30,
            "created_time": "2024-08-08T12:00:06.915972Z",
            "yes_price": 69,
            "no_price": 31,
            "taker_side": "yes"
        },
        {
            "trade_id": "78fe0f23-90ec-4d20-9747-ba957d7771f0",
            "ticker": "HIGHMIA-24AUG08-B94.5",
            "count": 36,
            "created_time": "2024-08-08T12:00:06.915972Z",
            "yes_price": 74,
            "no_price": 26,
            "taker_side": "yes"
        },
        {
            "trade_id": "2e4e6b28-680d-4a22-b505-8811a44bcde2",
            "ticker": "HIGHMIA-24AUG08-B94.5",
            "count": 30,
            "created_time": "2024-08-08T12:00:06.915972Z",
            "yes_price": 59,
            "no_price": 41,
            "taker_side": "yes"
        },
        {
            "trade_id": "0cc4f129-4c3b-4bc7-bf2a-62f3cc33a589",
            "ticker": "HIGHMIA-24AUG08-B94.5",
            "count": 15,
            "created_time": "2024-08-08T12:00:06.915972Z",
            "yes_price": 58,
            "no_price": 42,
            "taker_side": "yes"
        },
        {
            "trade_id": "c1ad8cb5-f1a8-49be-8b5d-60ded2e6f242",
            "ticker": "HIGHMIA-24AUG08-B94.5",
            "count": 100,
            "created_time": "2024-08-08T03:56:57.061104Z",
            "yes_price": 37,
            "no_price": 63,
            "taker_side": "yes"
        },
        {
            "trade_id": "ba2cf6ac-8ca5-48d8-9de3-b2f331841268",
            "ticker": "HIGHMIA-24AUG08-B94.5",
            "count": 20,
            "created_time": "2024-08-08T03:56:49.764352Z",
            "yes_price": 36,
            "no_price": 64,
            "taker_side": "yes"
        },
        {
            "trade_id": "ef1a306c-b881-45f0-ad8a-d8c227065e0f",
            "ticker": "HIGHMIA-24AUG08-B94.5",
            "count": 100,
            "created_time": "2024-08-08T03:56:16.130111Z",
            "yes_price": 35,
            "no_price": 65,
            "taker_side": "yes"
        },
        {
            "trade_id": "dae9c6c0-e472-455b-915d-4eb6ef052253",
            "ticker": "HIGHMIA-24AUG08-B94.5",
            "count": 100,
            "created_time": "2024-08-08T03:55:57.973093Z",
            "yes_price": 34,
            "no_price": 66,
            "taker_side": "yes"
        },
        {
            "trade_id": "d0f12f42-5d70-44b1-bbdf-e543121c3447",
            "ticker": "HIGHMIA-24AUG08-B94.5",
            "count": 100,
            "created_time": "2024-08-08T03:55:48.741096Z",
            "yes_price": 33,
            "no_price": 67,
            "taker_side": "yes"
        },
        {
            "trade_id": "94870e41-bed3-47d3-a015-3cf48de16d26",
            "ticker": "HIGHMIA-24AUG08-B94.5",
            "count": 100,
            "created_time": "2024-08-08T03:55:30.823317Z",
            "yes_price": 32,
            "no_price": 68,
            "taker_side": "yes"
        },
        {
            "trade_id": "a51af1b8-502a-402d-b117-8f27e02a03b8",
            "ticker": "HIGHMIA-24AUG08-B94.5",
            "count": 40,
            "created_time": "2024-08-08T03:52:27.289751Z",
            "yes_price": 31,
            "no_price": 69,
            "taker_side": "no"
        },
        {
            "trade_id": "d8374b16-da1c-480c-9bfb-899ebe786280",
            "ticker": "HIGHMIA-24AUG08-B94.5",
            "count": 30,
            "created_time": "2024-08-08T03:17:37.740712Z",
            "yes_price": 45,
            "no_price": 55,
            "taker_side": "yes"
        },
        {
            "trade_id": "a52eb1b3-f6b6-4169-a034-ed16c87a56ef",
            "ticker": "HIGHMIA-24AUG08-B94.5",
            "count": 80,
            "created_time": "2024-08-08T03:17:37.740712Z",
            "yes_price": 43,
            "no_price": 57,
            "taker_side": "yes"
        },
        {
            "trade_id": "963750b7-34b2-4deb-aa22-4314887a9c22",
            "ticker": "HIGHMIA-24AUG08-B94.5",
            "count": 20,
            "created_time": "2024-08-08T02:59:21.008496Z",
            "yes_price": 40,
            "no_price": 60,
            "taker_side": "yes"
        },
        {
            "trade_id": "6e9a5367-7783-4043-a23c-2f3d249225fe",
            "ticker": "HIGHMIA-24AUG08-B94.5",
            "count": 80,
            "created_time": "2024-08-08T02:57:45.606121Z",
            "yes_price": 39,
            "no_price": 61,
            "taker_side": "yes"
        },
        {
            "trade_id": "b1d848fd-5db6-4077-ad98-5c2c3e9b5a40",
            "ticker": "HIGHMIA-24AUG08-B94.5",
            "count": 40,
            "created_time": "2024-08-08T02:57:17.489927Z",
            "yes_price": 36,
            "no_price": 64,
            "taker_side": "yes"
        },
        {
            "trade_id": "8d9c347b-1a26-4acc-82a8-a7d5f2ce56d6",
            "ticker": "HIGHMIA-24AUG08-B94.5",
            "count": 200,
            "created_time": "2024-08-08T02:57:17.489927Z",
            "yes_price": 38,
            "no_price": 62,
            "taker_side": "yes"
        },
        {
            "trade_id": "4e34b29f-61c8-485e-891f-7870e014c3f0",
            "ticker": "HIGHMIA-24AUG08-B94.5",
            "count": 3,
            "created_time": "2024-08-08T00:31:20.668635Z",
            "yes_price": 48,
            "no_price": 52,
            "taker_side": "yes"
        },
        {
            "trade_id": "999821ca-89d3-4a6e-9b70-ce06a59228fb",
            "ticker": "HIGHMIA-24AUG08-B94.5",
            "count": 100,
            "created_time": "2024-08-08T00:29:52.267427Z",
            "yes_price": 45,
            "no_price": 55,
            "taker_side": "yes"
        },
        {
            "trade_id": "31b1901d-57d8-49f1-930f-50a740493c07",
            "ticker": "HIGHMIA-24AUG08-B94.5",
            "count": 200,
            "created_time": "2024-08-08T00:29:52.267427Z",
            "yes_price": 48,
            "no_price": 52,
            "taker_side": "yes"
        },
        {
            "trade_id": "6687fe45-99a5-4b2f-8717-1e7a41efa5ce",
            "ticker": "HIGHMIA-24AUG08-B94.5",
            "count": 21,
            "created_time": "2024-08-07T22:56:17.529327Z",
            "yes_price": 57,
            "no_price": 43,
            "taker_side": "yes"
        },
        {
            "trade_id": "5bec2b5d-907d-4052-a5eb-6adbd11a3e68",
            "ticker": "HIGHMIA-24AUG08-B94.5",
            "count": 4,
            "created_time": "2024-08-07T22:54:38.374477Z",
            "yes_price": 55,
            "no_price": 45,
            "taker_side": "no"
        },
        {
            "trade_id": "debb31b7-4f12-467d-b511-6fe5c8bc36c0",
            "ticker": "HIGHMIA-24AUG08-B94.5",
            "count": 20,
            "created_time": "2024-08-07T22:52:53.203637Z",
            "yes_price": 55,
            "no_price": 45,
            "taker_side": "no"
        },
        {
            "trade_id": "036d0b6c-b1a8-4812-96c0-c3966024b7e2",
            "ticker": "HIGHMIA-24AUG08-B94.5",
            "count": 20,
            "created_time": "2024-08-07T22:51:26.951938Z",
            "yes_price": 58,
            "no_price": 42,
            "taker_side": "yes"
        },
        {
            "trade_id": "c2a347a3-88f2-4224-80b1-3278b04b74dc",
            "ticker": "HIGHMIA-24AUG08-B94.5",
            "count": 20,
            "created_time": "2024-08-07T22:40:44.360095Z",
            "yes_price": 51,
            "no_price": 49,
            "taker_side": "no"
        },
        {
            "trade_id": "76c3d0cb-2751-4b10-bf9b-70df0666c5ef",
            "ticker": "HIGHMIA-24AUG08-B94.5",
            "count": 6,
            "created_time": "2024-08-07T22:36:34.777217Z",
            "yes_price": 51,
            "no_price": 49,
            "taker_side": "no"
        },
        {
            "trade_id": "d3d4536b-cb0c-4548-839b-3a5adae186b3",
            "ticker": "HIGHMIA-24AUG08-B94.5",
            "count": 2,
            "created_time": "2024-08-07T22:32:38.206013Z",
            "yes_price": 49,
            "no_price": 51,
            "taker_side": "yes"
        },
        {
            "trade_id": "2d546b85-372f-475b-a1f9-99857fca4aac",
            "ticker": "HIGHMIA-24AUG08-B94.5",
            "count": 2,
            "created_time": "2024-08-07T22:25:02.255776Z",
            "yes_price": 48,
            "no_price": 52,
            "taker_side": "no"
        },
        {
            "trade_id": "df8ba7cb-3f1e-45b6-a0f0-c8087fd15005",
            "ticker": "HIGHMIA-24AUG08-B94.5",
            "count": 12,
            "created_time": "2024-08-07T22:24:32.585331Z",
            "yes_price": 48,
            "no_price": 52,
            "taker_side": "yes"
        },
        {
            "trade_id": "54fbc6da-57e6-4351-91d0-88dd3a659ad5",
            "ticker": "HIGHMIA-24AUG08-B94.5",
            "count": 28,
            "created_time": "2024-08-07T22:24:32.585331Z",
            "yes_price": 49,
            "no_price": 51,
            "taker_side": "yes"
        },
        {
            "trade_id": "daf5d7b2-408d-486d-a268-1e8351502529",
            "ticker": "HIGHMIA-24AUG08-B94.5",
            "count": 12,
            "created_time": "2024-08-07T22:22:01.500562Z",
            "yes_price": 48,
            "no_price": 52,
            "taker_side": "no"
        },
        {
            "trade_id": "a85197f5-d2e9-402d-a4f1-5b06a4f19a44",
            "ticker": "HIGHMIA-24AUG08-B94.5",
            "count": 12,
            "created_time": "2024-08-07T22:21:31.81663Z",
            "yes_price": 48,
            "no_price": 52,
            "taker_side": "no"
        },
        {
            "trade_id": "60125f5e-fcd7-49a8-a3dd-99850c0607a7",
            "ticker": "HIGHMIA-24AUG08-B94.5",
            "count": 12,
            "created_time": "2024-08-07T22:21:10.309073Z",
            "yes_price": 48,
            "no_price": 52,
            "taker_side": "yes"
        },
        {
            "trade_id": "925e33f5-26fa-4449-84f2-015417cbcfb9",
            "ticker": "HIGHMIA-24AUG08-B94.5",
            "count": 80,
            "created_time": "2024-08-07T19:29:21.563205Z",
            "yes_price": 44,
            "no_price": 56,
            "taker_side": "yes"
        },
        {
            "trade_id": "b22d443b-33e8-42e8-86e2-2e9b0f47204c",
            "ticker": "HIGHMIA-24AUG08-B94.5",
            "count": 12,
            "created_time": "2024-08-07T19:29:03.557838Z",
            "yes_price": 43,
            "no_price": 57,
            "taker_side": "yes"
        },
        {
            "trade_id": "7fb0f789-0d12-4834-bc7e-3f158cdf1a23",
            "ticker": "HIGHMIA-24AUG08-B94.5",
            "count": 15,
            "created_time": "2024-08-07T19:29:03.557838Z",
            "yes_price": 43,
            "no_price": 57,
            "taker_side": "yes"
        },
        {
            "trade_id": "4c40cb62-3998-44dd-a517-748a90ed9cd1",
            "ticker": "HIGHMIA-24AUG08-B94.5",
            "count": 100,
            "created_time": "2024-08-07T19:29:03.557838Z",
            "yes_price": 44,
            "no_price": 56,
            "taker_side": "yes"
        },
        {
            "trade_id": "0902a694-c0cf-4cd4-a7b5-5eb0a4be8f78",
            "ticker": "HIGHMIA-24AUG08-B94.5",
            "count": 40,
            "created_time": "2024-08-07T18:40:52.76647Z",
            "yes_price": 30,
            "no_price": 70,
            "taker_side": "no"
        },
        {
            "trade_id": "63d1905f-f998-48b6-9d89-94e7e6a4c63d",
            "ticker": "HIGHMIA-24AUG08-B94.5",
            "count": 37,
            "created_time": "2024-08-07T18:39:39.772001Z",
            "yes_price": 33,
            "no_price": 67,
            "taker_side": "yes"
        },
        {
            "trade_id": "ef983c34-bb6f-43f1-9ecb-e147a648cccc",
            "ticker": "HIGHMIA-24AUG08-B94.5",
            "count": 80,
            "created_time": "2024-08-07T16:54:14.567008Z",
            "yes_price": 37,
            "no_price": 63,
            "taker_side": "yes"
        },
        {
            "trade_id": "62939928-dd14-4f84-92b5-d4c820d53f10",
            "ticker": "HIGHMIA-24AUG08-B94.5",
            "count": 80,
            "created_time": "2024-08-07T16:54:14.567008Z",
            "yes_price": 36,
            "no_price": 64,
            "taker_side": "yes"
        },
        {
            "trade_id": "5c4a872d-a9e6-4c9d-bb74-a1e377d69422",
            "ticker": "HIGHMIA-24AUG08-B94.5",
            "count": 81,
            "created_time": "2024-08-07T16:54:14.567008Z",
            "yes_price": 38,
            "no_price": 62,
            "taker_side": "yes"
        },
        {
            "trade_id": "2ccf6f80-a93f-48e9-9881-20e5e4c5defe",
            "ticker": "HIGHMIA-24AUG08-B94.5",
            "count": 39,
            "created_time": "2024-08-07T16:54:14.567008Z",
            "yes_price": 39,
            "no_price": 61,
            "taker_side": "yes"
        },
        {
            "trade_id": "a818934b-e872-4f93-8594-6fb68692136f",
            "ticker": "HIGHMIA-24AUG08-B94.5",
            "count": 20,
            "created_time": "2024-08-07T16:04:34.596652Z",
            "yes_price": 43,
            "no_price": 57,
            "taker_side": "yes"
        },
        {
            "trade_id": "b6486054-97b5-4001-85f3-3611f0d58931",
            "ticker": "HIGHMIA-24AUG08-B94.5",
            "count": 70,
            "created_time": "2024-08-07T16:01:04.532796Z",
            "yes_price": 43,
            "no_price": 57,
            "taker_side": "yes"
        },
        {
            "trade_id": "08451689-fe2a-490b-9d9e-5140c132c489",
            "ticker": "HIGHMIA-24AUG08-B94.5",
            "count": 10,
            "created_time": "2024-08-07T16:01:04.532796Z",
            "yes_price": 42,
            "no_price": 58,
            "taker_side": "yes"
        },
        {
            "trade_id": "bf5cedff-5e44-40e5-9d7a-ffe245864fe0",
            "ticker": "HIGHMIA-24AUG08-B94.5",
            "count": 80,
            "created_time": "2024-08-07T16:00:55.115138Z",
            "yes_price": 42,
            "no_price": 58,
            "taker_side": "yes"
        },
        {
            "trade_id": "a40162f2-4a83-43f7-95eb-421a7ce99af7",
            "ticker": "HIGHMIA-24AUG08-B94.5",
            "count": 90,
            "created_time": "2024-08-07T15:49:53.20266Z",
            "yes_price": 42,
            "no_price": 58,
            "taker_side": "no"
        }
    ],
    "HIGHMIA-24AUG08-T95": [
        {
            "trade_id": "b85f7887-9c98-421b-bfe9-e2c13562bdaf",
            "ticker": "HIGHMIA-24AUG08-T95",
            "count": 16,
            "created_time": "2024-08-08T15:43:46.931503Z",
            "yes_price": 1,
            "no_price": 99,
            "taker_side": "no"
        },
        {
            "trade_id": "45751f88-4b21-4cc8-a6e9-642b2d06d721",
            "ticker": "HIGHMIA-24AUG08-T95",
            "count": 219,
            "created_time": "2024-08-08T15:29:54.252763Z",
            "yes_price": 1,
            "no_price": 99,
            "taker_side": "no"
        },
        {
            "trade_id": "cc6186dd-c1f9-4b9b-ae73-8da57d6995e0",
            "ticker": "HIGHMIA-24AUG08-T95",
            "count": 50,
            "created_time": "2024-08-08T15:09:38.269678Z",
            "yes_price": 1,
            "no_price": 99,
            "taker_side": "no"
        },
        {
            "trade_id": "a3ef8dc5-ea1b-46ba-b68f-1f34e3d38bce",
            "ticker": "HIGHMIA-24AUG08-T95",
            "count": 400,
            "created_time": "2024-08-08T15:09:38.269678Z",
            "yes_price": 1,
            "no_price": 99,
            "taker_side": "no"
        },
        {
            "trade_id": "258c4e5c-d353-44f7-b710-c302e21110f3",
            "ticker": "HIGHMIA-24AUG08-T95",
            "count": 70,
            "created_time": "2024-08-08T15:02:58.949939Z",
            "yes_price": 2,
            "no_price": 98,
            "taker_side": "no"
        },
        {
            "trade_id": "edf63256-455c-47bb-8bef-afe89d7c5eed",
            "ticker": "HIGHMIA-24AUG08-T95",
            "count": 69,
            "created_time": "2024-08-08T13:23:32.17786Z",
            "yes_price": 7,
            "no_price": 93,
            "taker_side": "no"
        },
        {
            "trade_id": "a4baad77-d966-4e90-b132-09b7383298b0",
            "ticker": "HIGHMIA-24AUG08-T95",
            "count": 11,
            "created_time": "2024-08-08T13:08:49.537296Z",
            "yes_price": 7,
            "no_price": 93,
            "taker_side": "no"
        },
        {
            "trade_id": "504fa81f-2ad2-4afa-9672-17ae198781a7",
            "ticker": "HIGHMIA-24AUG08-T95",
            "count": 10,
            "created_time": "2024-08-08T13:08:49.536859Z",
            "yes_price": 7,
            "no_price": 93,
            "taker_side": "no"
        },
        {
            "trade_id": "ef9ff8b5-5ecf-4151-8b52-d2985875e84a",
            "ticker": "HIGHMIA-24AUG08-T95",
            "count": 10,
            "created_time": "2024-08-08T12:40:50.776011Z",
            "yes_price": 7,
            "no_price": 93,
            "taker_side": "no"
        },
        {
            "trade_id": "cfa66471-84db-4f7b-882c-f04969acdeba",
            "ticker": "HIGHMIA-24AUG08-T95",
            "count": 33,
            "created_time": "2024-08-08T12:08:44.626467Z",
            "yes_price": 11,
            "no_price": 89,
            "taker_side": "yes"
        },
        {
            "trade_id": "2311f1bb-9708-4180-9e00-5793fe9a939f",
            "ticker": "HIGHMIA-24AUG08-T95",
            "count": 180,
            "created_time": "2024-08-08T12:08:44.606414Z",
            "yes_price": 10,
            "no_price": 90,
            "taker_side": "yes"
        },
        {
            "trade_id": "e941fc42-8095-4754-880f-e02ec7a0bd3a",
            "ticker": "HIGHMIA-24AUG08-T95",
            "count": 30,
            "created_time": "2024-08-08T12:05:14.280686Z",
            "yes_price": 51,
            "no_price": 49,
            "taker_side": "yes"
        },
        {
            "trade_id": "cded3dc4-9c19-42af-be41-1d365c94e3f3",
            "ticker": "HIGHMIA-24AUG08-T95",
            "count": 13,
            "created_time": "2024-08-08T12:04:44.020356Z",
            "yes_price": 11,
            "no_price": 89,
            "taker_side": "yes"
        },
        {
            "trade_id": "1856aa57-2ce2-4dc1-9ef1-560d96b48ed0",
            "ticker": "HIGHMIA-24AUG08-T95",
            "count": 200,
            "created_time": "2024-08-08T12:04:44.001885Z",
            "yes_price": 10,
            "no_price": 90,
            "taker_side": "yes"
        },
        {
            "trade_id": "52f2c4f1-1712-4a15-a601-85336ce9057a",
            "ticker": "HIGHMIA-24AUG08-T95",
            "count": 13,
            "created_time": "2024-08-08T12:04:16.960127Z",
            "yes_price": 10,
            "no_price": 90,
            "taker_side": "yes"
        },
        {
            "trade_id": "3d8a262b-ac98-44be-8c96-28ca46db2374",
            "ticker": "HIGHMIA-24AUG08-T95",
            "count": 200,
            "created_time": "2024-08-08T12:04:16.939337Z",
            "yes_price": 9,
            "no_price": 91,
            "taker_side": "yes"
        },
        {
            "trade_id": "1c4c680c-d1db-4226-a4b1-41d558af8555",
            "ticker": "HIGHMIA-24AUG08-T95",
            "count": 33,
            "created_time": "2024-08-08T12:03:31.875487Z",
            "yes_price": 9,
            "no_price": 91,
            "taker_side": "yes"
        },
        {
            "trade_id": "f642d202-4060-4326-a940-0e90a26d2145",
            "ticker": "HIGHMIA-24AUG08-T95",
            "count": 180,
            "created_time": "2024-08-08T12:03:31.856136Z",
            "yes_price": 8,
            "no_price": 92,
            "taker_side": "yes"
        },
        {
            "trade_id": "8b5a4503-a123-4743-b276-96aca4e2a687",
            "ticker": "HIGHMIA-24AUG08-T95",
            "count": 21,
            "created_time": "2024-08-07T22:56:17.595668Z",
            "yes_price": 12,
            "no_price": 88,
            "taker_side": "no"
        },
        {
            "trade_id": "e1e0b3ea-36b9-4273-b6ba-ba711b780db8",
            "ticker": "HIGHMIA-24AUG08-T95",
            "count": 16,
            "created_time": "2024-08-07T22:55:12.542012Z",
            "yes_price": 13,
            "no_price": 87,
            "taker_side": "no"
        },
        {
            "trade_id": "fb290207-dfaa-47ec-86fa-bb4632a2f2bc",
            "ticker": "HIGHMIA-24AUG08-T95",
            "count": 4,
            "created_time": "2024-08-07T22:54:38.36454Z",
            "yes_price": 13,
            "no_price": 87,
            "taker_side": "no"
        },
        {
            "trade_id": "378ee79a-fb1c-46c6-a2af-2d1f6570b52d",
            "ticker": "HIGHMIA-24AUG08-T95",
            "count": 20,
            "created_time": "2024-08-07T22:52:53.204691Z",
            "yes_price": 13,
            "no_price": 87,
            "taker_side": "no"
        },
        {
            "trade_id": "63bcfe7c-67b5-4091-af15-dcd28f0d85c7",
            "ticker": "HIGHMIA-24AUG08-T95",
            "count": 20,
            "created_time": "2024-08-07T22:40:44.350198Z",
            "yes_price": 14,
            "no_price": 86,
            "taker_side": "no"
        },
        {
            "trade_id": "ce0d2d7d-6885-4bf1-8ad3-46fff50a12b1",
            "ticker": "HIGHMIA-24AUG08-T95",
            "count": 40,
            "created_time": "2024-08-07T22:40:41.801355Z",
            "yes_price": 14,
            "no_price": 86,
            "taker_side": "no"
        },
        {
            "trade_id": "7d70e66d-7749-4833-be49-c843fa2900ce",
            "ticker": "HIGHMIA-24AUG08-T95",
            "count": 6,
            "created_time": "2024-08-07T22:36:34.807661Z",
            "yes_price": 11,
            "no_price": 89,
            "taker_side": "no"
        },
        {
            "trade_id": "2217503e-592a-409d-a295-639428b28e8d",
            "ticker": "HIGHMIA-24AUG08-T95",
            "count": 25,
            "created_time": "2024-08-07T22:32:38.276129Z",
            "yes_price": 10,
            "no_price": 90,
            "taker_side": "yes"
        },
        {
            "trade_id": "ecc77713-e8b8-42b5-81da-b301b87d51ef",
            "ticker": "HIGHMIA-24AUG08-T95",
            "count": 25,
            "created_time": "2024-08-07T22:32:38.255293Z",
            "yes_price": 9,
            "no_price": 91,
            "taker_side": "yes"
        },
        {
            "trade_id": "618ae14f-a7cf-436f-a435-a8c1427d5fde",
            "ticker": "HIGHMIA-24AUG08-T95",
            "count": 10,
            "created_time": "2024-08-07T22:28:42.516276Z",
            "yes_price": 8,
            "no_price": 92,
            "taker_side": "yes"
        },
        {
            "trade_id": "53f89617-317c-4055-a547-56f9b4338579",
            "ticker": "HIGHMIA-24AUG08-T95",
            "count": 10,
            "created_time": "2024-08-07T22:28:42.494948Z",
            "yes_price": 7,
            "no_price": 93,
            "taker_side": "yes"
        },
        {
            "trade_id": "fcef3820-ced5-4434-94f1-9770992a2723",
            "ticker": "HIGHMIA-24AUG08-T95",
            "count": 10,
            "created_time": "2024-08-07T22:24:32.639892Z",
            "yes_price": 5,
            "no_price": 95,
            "taker_side": "yes"
        },
        {
            "trade_id": "8683c5a7-7278-46e1-8afa-1db1d925599d",
            "ticker": "HIGHMIA-24AUG08-T95",
            "count": 10,
            "created_time": "2024-08-07T22:24:32.639892Z",
            "yes_price": 6,
            "no_price": 94,
            "taker_side": "yes"
        },
        {
            "trade_id": "428eee7c-0469-4b2d-bdcf-b15e29b07e98",
            "ticker": "HIGHMIA-24AUG08-T95",
            "count": 10,
            "created_time": "2024-08-07T22:23:01.577363Z",
            "yes_price": 5,
            "no_price": 95,
            "taker_side": "no"
        },
        {
            "trade_id": "d93c9772-97e1-4ed3-ad30-405a1af205eb",
            "ticker": "HIGHMIA-24AUG08-T95",
            "count": 10,
            "created_time": "2024-08-07T22:22:31.509866Z",
            "yes_price": 5,
            "no_price": 95,
            "taker_side": "no"
        },
        {
            "trade_id": "6f15bbfe-c08f-4a13-8df2-1b4bc7c74494",
            "ticker": "HIGHMIA-24AUG08-T95",
            "count": 10,
            "created_time": "2024-08-07T22:22:01.370573Z",
            "yes_price": 5,
            "no_price": 95,
            "taker_side": "no"
        },
        {
            "trade_id": "844373cc-2d7b-4397-9a7e-741e663f751d",
            "ticker": "HIGHMIA-24AUG08-T95",
            "count": 10,
            "created_time": "2024-08-07T22:21:31.610486Z",
            "yes_price": 5,
            "no_price": 95,
            "taker_side": "no"
        },
        {
            "trade_id": "62181c45-d588-47b2-ba70-61303eb06c55",
            "ticker": "HIGHMIA-24AUG08-T95",
            "count": 10,
            "created_time": "2024-08-07T22:21:10.171171Z",
            "yes_price": 5,
            "no_price": 95,
            "taker_side": "yes"
        },
        {
            "trade_id": "8a03a325-e52d-4698-80c4-75403274a607",
            "ticker": "HIGHMIA-24AUG08-T95",
            "count": 1,
            "created_time": "2024-08-07T18:35:13.659351Z",
            "yes_price": 10,
            "no_price": 90,
            "taker_side": "yes"
        },
        {
            "trade_id": "58603192-0545-41d3-9828-428c0c14d55d",
            "ticker": "HIGHMIA-24AUG08-T95",
            "count": 1,
            "created_time": "2024-08-07T17:30:25.754068Z",
            "yes_price": 10,
            "no_price": 90,
            "taker_side": "yes"
        },
        {
            "trade_id": "84a99592-1218-46d1-9417-0f5294bed393",
            "ticker": "HIGHMIA-24AUG08-T95",
            "count": 60,
            "created_time": "2024-08-07T16:04:19.525837Z",
            "yes_price": 9,
            "no_price": 91,
            "taker_side": "no"
        },
        {
            "trade_id": "7559b840-b2d4-4a25-ac17-0f11e162f1f6",
            "ticker": "HIGHMIA-24AUG08-T95",
            "count": 25,
            "created_time": "2024-08-07T14:57:49.558187Z",
            "yes_price": 9,
            "no_price": 91,
            "taker_side": "no"
        },
        {
            "trade_id": "a38e51c4-fd58-4787-822c-139882d94042",
            "ticker": "HIGHMIA-24AUG08-T95",
            "count": 54,
            "created_time": "2024-08-07T14:53:57.820947Z",
            "yes_price": 9,
            "no_price": 91,
            "taker_side": "no"
        },
        {
            "trade_id": "f917db31-868e-485d-b12a-d66eaa6f437b",
            "ticker": "HIGHMIA-24AUG08-T95",
            "count": 36,
            "created_time": "2024-08-07T14:38:09.589093Z",
            "yes_price": 9,
            "no_price": 91,
            "taker_side": "no"
        },
        {
            "trade_id": "11f8bde4-0d7d-4efb-94ac-ae9799ab0c26",
            "ticker": "HIGHMIA-24AUG08-T95",
            "count": 75,
            "created_time": "2024-08-07T14:27:30.533814Z",
            "yes_price": 10,
            "no_price": 90,
            "taker_side": "no"
        },
        {
            "trade_id": "65cbbe7e-a7cb-44c3-8faf-0a01daee2d38",
            "ticker": "HIGHMIA-24AUG08-T95",
            "count": 100,
            "created_time": "2024-08-07T14:19:09.58418Z",
            "yes_price": 12,
            "no_price": 88,
            "taker_side": "no"
        },
        {
            "trade_id": "bfb82551-2f76-43e5-ad52-ac70c325c6ab",
            "ticker": "HIGHMIA-24AUG08-T95",
            "count": 30,
            "created_time": "2024-08-07T14:12:39.310602Z",
            "yes_price": 10,
            "no_price": 90,
            "taker_side": "yes"
        },
        {
            "trade_id": "bee64006-d672-4e5f-979b-dc6a742dcd1f",
            "ticker": "HIGHMIA-24AUG08-T95",
            "count": 30,
            "created_time": "2024-08-07T14:12:39.310602Z",
            "yes_price": 5,
            "no_price": 95,
            "taker_side": "yes"
        },
        {
            "trade_id": "608c8b60-27ee-4f35-9a09-071827a73b93",
            "ticker": "HIGHMIA-24AUG08-T95",
            "count": 30,
            "created_time": "2024-08-07T14:12:39.310602Z",
            "yes_price": 6,
            "no_price": 94,
            "taker_side": "yes"
        },
        {
            "trade_id": "3f41baff-97af-420f-a7b8-1f651d41ee11",
            "ticker": "HIGHMIA-24AUG08-T95",
            "count": 30,
            "created_time": "2024-08-07T14:12:39.310602Z",
            "yes_price": 11,
            "no_price": 89,
            "taker_side": "yes"
        }
    ]
}