{
    "HIGHMIA-24OCT09-T85": [
        {
            "trade_id": "eb970c05-17da-4c96-9931-58ac4bb1b581",
            "ticker": "HIGHMIA-24OCT09-T85",
            "count": 50,
            "created_time": "2024-10-09T13:42:59.170431Z",
            "yes_price": 1,
            "no_price": 99,
            "taker_side": "no"
        },
        {
            "trade_id": "2ca3a110-d704-467a-8bd1-91860ec4b555",
            "ticker": "HIGHMIA-24OCT09-T85",
            "count": 25,
            "created_time": "2024-10-09T13:42:59.170431Z",
            "yes_price": 1,
            "no_price": 99,
            "taker_side": "no"
        },
        {
            "trade_id": "76d8052d-575f-4dc7-a164-2fcf8470d90b",
            "ticker": "HIGHMIA-24OCT09-T85",
            "count": 36,
            "created_time": "2024-10-09T03:54:17.278682Z",
            "yes_price": 8,
            "no_price": 92,
            "taker_side": "no"
        },
        {
            "trade_id": "8248c195-4278-4eed-9b28-99a69c403812",
            "ticker": "HIGHMIA-24OCT09-T85",
            "count": 71,
            "created_time": "2024-10-09T03:54:00.515464Z",
            "yes_price": 8,
            "no_price": 92,
            "taker_side": "no"
        },
        {
            "trade_id": "4a59c354-807f-4a1c-aadb-3139c7300f3a",
            "ticker": "HIGHMIA-24OCT09-T85",
            "count": 36,
            "created_time": "2024-10-09T03:53:47.48206Z",
            "yes_price": 8,
            "no_price": 92,
            "taker_side": "no"
        },
        {
            "trade_id": "d6f3ddd1-c642-4e08-a8c7-443d810d12be",
            "ticker": "HIGHMIA-24OCT09-T85",
            "count": 11,
            "created_time": "2024-10-09T03:30:40.131808Z",
            "yes_price": 9,
            "no_price": 91,
            "taker_side": "yes"
        },
        {
            "trade_id": "f99d9a88-b159-4acb-a4bb-72b8b9a25a59",
            "ticker": "HIGHMIA-24OCT09-T85",
            "count": 18,
            "created_time": "2024-10-09T02:58:00.203033Z",
            "yes_price": 7,
            "no_price": 93,
            "taker_side": "no"
        },
        {
            "trade_id": "c3bb7c86-a5ff-42c6-ae4f-f64cc95d771e",
            "ticker": "HIGHMIA-24OCT09-T85",
            "count": 7,
            "created_time": "2024-10-09T02:53:03.068432Z",
            "yes_price": 7,
            "no_price": 93,
            "taker_side": "no"
        },
        {
            "trade_id": "1c56c2c6-3426-4bcc-82b8-7c7a833b4ff2",
            "ticker": "HIGHMIA-24OCT09-T85",
            "count": 18,
            "created_time": "2024-10-09T02:22:08.914797Z",
            "yes_price": 7,
            "no_price": 93,
            "taker_side": "no"
        }
    ],
    "HIGHMIA-24OCT09-B85.5": [
        {
            "trade_id": "f2243a56-871a-4ef6-bd2a-39487fe5416b",
            "ticker": "HIGHMIA-24OCT09-B85.5",
            "count": 50,
            "created_time": "2024-10-09T14:55:42.715105Z",
            "yes_price": 1,
            "no_price": 99,
            "taker_side": "no"
        },
        {
            "trade_id": "66187dca-aad6-4784-b359-56c3733398eb",
            "ticker": "HIGHMIA-24OCT09-B85.5",
            "count": 3,
            "created_time": "2024-10-09T14:55:42.715105Z",
            "yes_price": 2,
            "no_price": 98,
            "taker_side": "no"
        },
        {
            "trade_id": "65eaeb99-94cd-4eb1-baa9-ba907c9c0739",
            "ticker": "HIGHMIA-24OCT09-B85.5",
            "count": 4,
            "created_time": "2024-10-09T13:57:09.535507Z",
            "yes_price": 22,
            "no_price": 78,
            "taker_side": "no"
        },
        {
            "trade_id": "00be397a-eab1-42d3-9c3b-ce94db2d8618",
            "ticker": "HIGHMIA-24OCT09-B85.5",
            "count": 3,
            "created_time": "2024-10-09T13:15:11.794897Z",
            "yes_price": 22,
            "no_price": 78,
            "taker_side": "no"
        },
        {
            "trade_id": "70b38012-ae77-43aa-ade5-6fdc44d24df6",
            "ticker": "HIGHMIA-24OCT09-B85.5",
            "count": 108,
            "created_time": "2024-10-09T03:54:17.162863Z",
            "yes_price": 27,
            "no_price": 73,
            "taker_side": "yes"
        },
        {
            "trade_id": "174aefcb-779b-42c6-8b4e-e565e5c7c46c",
            "ticker": "HIGHMIA-24OCT09-B85.5",
            "count": 36,
            "created_time": "2024-10-09T03:54:17.162863Z",
            "yes_price": 27,
            "no_price": 73,
            "taker_side": "yes"
        },
        {
            "trade_id": "f863f02a-3fec-4dc4-a302-33d323ef75e2",
            "ticker": "HIGHMIA-24OCT09-B85.5",
            "count": 18,
            "created_time": "2024-10-09T03:54:00.416681Z",
            "yes_price": 26,
            "no_price": 74,
            "taker_side": "yes"
        },
        {
            "trade_id": "29e68d82-70be-4486-b2a2-f83f39df4d1f",
            "ticker": "HIGHMIA-24OCT09-B85.5",
            "count": 71,
            "created_time": "2024-10-09T03:54:00.416681Z",
            "yes_price": 26,
            "no_price": 74,
            "taker_side": "yes"
        },
        {
            "trade_id": "9d4bc18a-1df8-4803-876f-a8bcebf79d1e",
            "ticker": "HIGHMIA-24OCT09-B85.5",
            "count": 36,
            "created_time": "2024-10-09T03:53:47.416622Z",
            "yes_price": 25,
            "no_price": 75,
            "taker_side": "yes"
        },
        {
            "trade_id": "cca9e880-725a-4875-befd-4892645326c0",
            "ticker": "HIGHMIA-24OCT09-B85.5",
            "count": 18,
            "created_time": "2024-10-09T02:58:00.095036Z",
            "yes_price": 22,
            "no_price": 78,
            "taker_side": "yes"
        },
        {
            "trade_id": "f9838dc1-6344-4886-9c00-8115639cb555",
            "ticker": "HIGHMIA-24OCT09-B85.5",
            "count": 18,
            "created_time": "2024-10-09T02:53:02.938109Z",
            "yes_price": 22,
            "no_price": 78,
            "taker_side": "yes"
        },
        {
            "trade_id": "1e9daf20-0ede-4fd7-8af4-25006aa22356",
            "ticker": "HIGHMIA-24OCT09-B85.5",
            "count": 7,
            "created_time": "2024-10-09T02:53:02.938109Z",
            "yes_price": 22,
            "no_price": 78,
            "taker_side": "yes"
        },
        {
            "trade_id": "6d4b3047-c230-459b-baef-04ff874e0599",
            "ticker": "HIGHMIA-24OCT09-B85.5",
            "count": 36,
            "created_time": "2024-10-09T02:52:32.959784Z",
            "yes_price": 21,
            "no_price": 79,
            "taker_side": "no"
        },
        {
            "trade_id": "ecd1009c-6331-40fd-96ee-44a54403db86",
            "ticker": "HIGHMIA-24OCT09-B85.5",
            "count": 82,
            "created_time": "2024-10-09T02:52:32.925227Z",
            "yes_price": 22,
            "no_price": 78,
            "taker_side": "no"
        },
        {
            "trade_id": "fa0ac72b-c64a-44a5-8c65-8598e1ce2f28",
            "ticker": "HIGHMIA-24OCT09-B85.5",
            "count": 18,
            "created_time": "2024-10-09T02:22:08.914144Z",
            "yes_price": 22,
            "no_price": 78,
            "taker_side": "no"
        },
        {
            "trade_id": "8cd2ed1e-6078-43fb-8499-fc49c7858b06",
            "ticker": "HIGHMIA-24OCT09-B85.5",
            "count": 126,
            "created_time": "2024-10-08T23:02:45.628334Z",
            "yes_price": 25,
            "no_price": 75,
            "taker_side": "no"
        },
        {
            "trade_id": "b6d829ca-2c79-4d05-9ce7-b7a460c5022f",
            "ticker": "HIGHMIA-24OCT09-B85.5",
            "count": 18,
            "created_time": "2024-10-08T23:02:34.86721Z",
            "yes_price": 24,
            "no_price": 76,
            "taker_side": "yes"
        },
        {
            "trade_id": "384abbcc-612e-4956-b969-d2b8d4513bfb",
            "ticker": "HIGHMIA-24OCT09-B85.5",
            "count": 16,
            "created_time": "2024-10-08T20:21:33.30119Z",
            "yes_price": 25,
            "no_price": 75,
            "taker_side": "yes"
        },
        {
            "trade_id": "1b165568-75a2-4559-b37a-41fc4af05db8",
            "ticker": "HIGHMIA-24OCT09-B85.5",
            "count": 110,
            "created_time": "2024-10-08T20:21:25.309238Z",
            "yes_price": 25,
            "no_price": 75,
            "taker_side": "no"
        },
        {
            "trade_id": "d46a5b09-71b3-4303-8cba-ac16be093a19",
            "ticker": "HIGHMIA-24OCT09-B85.5",
            "count": 90,
            "created_time": "2024-10-08T20:21:16.552936Z",
            "yes_price": 24,
            "no_price": 76,
            "taker_side": "yes"
        },
        {
            "trade_id": "632e9855-578e-4bab-84a6-751efbe9d3db",
            "ticker": "HIGHMIA-24OCT09-B85.5",
            "count": 1,
            "created_time": "2024-10-08T19:19:12.224199Z",
            "yes_price": 24,
            "no_price": 76,
            "taker_side": "yes"
        },
        {
            "trade_id": "92c69094-7e16-4833-bc9a-1501eff7a633",
            "ticker": "HIGHMIA-24OCT09-B85.5",
            "count": 11,
            "created_time": "2024-10-08T14:55:49.772325Z",
            "yes_price": 17,
            "no_price": 83,
            "taker_side": "yes"
        },
        {
            "trade_id": "1de1cdf7-00c1-4e3d-a74b-d1d20286211a",
            "ticker": "HIGHMIA-24OCT09-B85.5",
            "count": 19,
            "created_time": "2024-10-08T14:55:49.772325Z",
            "yes_price": 20,
            "no_price": 80,
            "taker_side": "yes"
        },
        {
            "trade_id": "83dd540c-66df-4658-999b-7a97178d4767",
            "ticker": "HIGHMIA-24OCT09-B85.5",
            "count": 180,
            "created_time": "2024-10-08T14:16:46.513454Z",
            "yes_price": 19,
            "no_price": 81,
            "taker_side": "yes"
        },
        {
            "trade_id": "5d744733-a346-4f67-84c9-cba0a6902a47",
            "ticker": "HIGHMIA-24OCT09-B85.5",
            "count": 36,
            "created_time": "2024-10-08T14:16:46.513454Z",
            "yes_price": 16,
            "no_price": 84,
            "taker_side": "yes"
        },
        {
            "trade_id": "3d7d381b-a0de-4742-8e28-aa8f3c5aa6a4",
            "ticker": "HIGHMIA-24OCT09-B85.5",
            "count": 180,
            "created_time": "2024-10-08T14:16:46.513454Z",
            "yes_price": 18,
            "no_price": 82,
            "taker_side": "yes"
        }
    ],
    "HIGHMIA-24OCT09-B87.5": [
        {
            "trade_id": "9b845c7d-57bf-470e-ab33-94d684f239be",
            "ticker": "HIGHMIA-24OCT09-B87.5",
            "count": 50,
            "created_time": "2024-10-10T00:18:06.370629Z",
            "yes_price": 99,
            "no_price": 1,
            "taker_side": "yes"
        },
        {
            "trade_id": "2f381c41-b81b-41de-9522-2dca0760731d",
            "ticker": "HIGHMIA-24OCT09-B87.5",
            "count": 24,
            "created_time": "2024-10-10T00:17:41.006533Z",
            "yes_price": 97,
            "no_price": 3,
            "taker_side": "yes"
        },
        {
            "trade_id": "5a873bdb-dd37-474b-8339-1286d4551c8b",
            "ticker": "HIGHMIA-24OCT09-B87.5",
            "count": 1,
            "created_time": "2024-10-09T22:19:00.560514Z",
            "yes_price": 97,
            "no_price": 3,
            "taker_side": "yes"
        },
        {
            "trade_id": "3292d3be-c3c1-4b5f-a9ee-efc4d42793a1",
            "ticker": "HIGHMIA-24OCT09-B87.5",
            "count": 1,
            "created_time": "2024-10-09T17:25:01.02869Z",
            "yes_price": 95,
            "no_price": 5,
            "taker_side": "yes"
        },
        {
            "trade_id": "799742df-2cfd-4f0a-97d3-f5abb5974746",
            "ticker": "HIGHMIA-24OCT09-B87.5",
            "count": 1,
            "created_time": "2024-10-09T16:25:59.611319Z",
            "yes_price": 80,
            "no_price": 20,
            "taker_side": "yes"
        },
        {
            "trade_id": "2580c4d7-6a77-4161-9c11-efabb85addee",
            "ticker": "HIGHMIA-24OCT09-B87.5",
            "count": 1,
            "created_time": "2024-10-09T16:08:43.651524Z",
            "yes_price": 80,
            "no_price": 20,
            "taker_side": "no"
        },
        {
            "trade_id": "dad924cb-45aa-4040-be85-2ab4c2b7a477",
            "ticker": "HIGHMIA-24OCT09-B87.5",
            "count": 1,
            "created_time": "2024-10-09T16:08:35.486173Z",
            "yes_price": 80,
            "no_price": 20,
            "taker_side": "no"
        },
        {
            "trade_id": "6cd86194-5b1d-4064-ae55-8e1d5413309c",
            "ticker": "HIGHMIA-24OCT09-B87.5",
            "count": 3,
            "created_time": "2024-10-09T16:08:32.440575Z",
            "yes_price": 80,
            "no_price": 20,
            "taker_side": "yes"
        },
        {
            "trade_id": "15668ca5-0efe-4080-b444-7222e67176d9",
            "ticker": "HIGHMIA-24OCT09-B87.5",
            "count": 1,
            "created_time": "2024-10-09T15:45:47.641944Z",
            "yes_price": 80,
            "no_price": 20,
            "taker_side": "yes"
        },
        {
            "trade_id": "4a8911a0-2a6a-4192-8f03-af47189ee630",
            "ticker": "HIGHMIA-24OCT09-B87.5",
            "count": 13,
            "created_time": "2024-10-09T15:42:56.117306Z",
            "yes_price": 25,
            "no_price": 75,
            "taker_side": "no"
        },
        {
            "trade_id": "47f758e3-63e9-4fbf-8df0-cbf318c7328b",
            "ticker": "HIGHMIA-24OCT09-B87.5",
            "count": 2,
            "created_time": "2024-10-09T14:35:17.747248Z",
            "yes_price": 80,
            "no_price": 20,
            "taker_side": "yes"
        },
        {
            "trade_id": "fe6d4659-4167-4099-82c4-9bd9e7e1e797",
            "ticker": "HIGHMIA-24OCT09-B87.5",
            "count": 3,
            "created_time": "2024-10-09T13:15:20.531309Z",
            "yes_price": 54,
            "no_price": 46,
            "taker_side": "yes"
        },
        {
            "trade_id": "169e573f-3486-440c-9125-a5f8e7f37365",
            "ticker": "HIGHMIA-24OCT09-B87.5",
            "count": 9,
            "created_time": "2024-10-09T12:05:05.405619Z",
            "yes_price": 50,
            "no_price": 50,
            "taker_side": "yes"
        },
        {
            "trade_id": "c3461293-4a5d-4229-99ba-135dcc0783f2",
            "ticker": "HIGHMIA-24OCT09-B87.5",
            "count": 36,
            "created_time": "2024-10-09T03:54:17.274372Z",
            "yes_price": 46,
            "no_price": 54,
            "taker_side": "no"
        },
        {
            "trade_id": "d2288c6c-bcc6-46a0-a200-de3d8d635d7b",
            "ticker": "HIGHMIA-24OCT09-B87.5",
            "count": 71,
            "created_time": "2024-10-09T03:54:00.514976Z",
            "yes_price": 46,
            "no_price": 54,
            "taker_side": "no"
        },
        {
            "trade_id": "cb52f170-c39e-4c6d-b6e1-f2eba5be16d7",
            "ticker": "HIGHMIA-24OCT09-B87.5",
            "count": 36,
            "created_time": "2024-10-09T03:53:47.509675Z",
            "yes_price": 46,
            "no_price": 54,
            "taker_side": "no"
        },
        {
            "trade_id": "65a322cb-44f3-4f7b-9b0d-3103e3a7ef28",
            "ticker": "HIGHMIA-24OCT09-B87.5",
            "count": 18,
            "created_time": "2024-10-09T02:58:00.207178Z",
            "yes_price": 46,
            "no_price": 54,
            "taker_side": "no"
        },
        {
            "trade_id": "d16ba469-f447-43fe-befe-9634b86c7589",
            "ticker": "HIGHMIA-24OCT09-B87.5",
            "count": 7,
            "created_time": "2024-10-09T02:53:03.065186Z",
            "yes_price": 46,
            "no_price": 54,
            "taker_side": "no"
        },
        {
            "trade_id": "df8a2eda-f4ac-4c66-8200-047e1e48ef50",
            "ticker": "HIGHMIA-24OCT09-B87.5",
            "count": 18,
            "created_time": "2024-10-09T02:22:08.790779Z",
            "yes_price": 50,
            "no_price": 50,
            "taker_side": "yes"
        },
        {
            "trade_id": "7da89160-5434-42f3-8ad2-34f22456e27d",
            "ticker": "HIGHMIA-24OCT09-B87.5",
            "count": 18,
            "created_time": "2024-10-09T02:22:08.790779Z",
            "yes_price": 49,
            "no_price": 51,
            "taker_side": "yes"
        },
        {
            "trade_id": "ac702421-2098-45ca-bef6-a5b0129169cd",
            "ticker": "HIGHMIA-24OCT09-B87.5",
            "count": 11,
            "created_time": "2024-10-08T14:40:10.153871Z",
            "yes_price": 44,
            "no_price": 56,
            "taker_side": "no"
        },
        {
            "trade_id": "cea273bf-677f-4560-b18a-1a19b82a85a6",
            "ticker": "HIGHMIA-24OCT09-B87.5",
            "count": 50,
            "created_time": "2024-10-08T14:29:17.896763Z",
            "yes_price": 51,
            "no_price": 49,
            "taker_side": "yes"
        }
    ],
    "HIGHMIA-24OCT09-B89.5": [
        {
            "trade_id": "f3b2a0d2-3efd-4ae7-85d5-b3067aa4bcc2",
            "ticker": "HIGHMIA-24OCT09-B89.5",
            "count": 13,
            "created_time": "2024-10-10T00:27:38.239644Z",
            "yes_price": 1,
            "no_price": 99,
            "taker_side": "no"
        },
        {
            "trade_id": "324026e4-8279-49da-8a09-e21b9a226bc0",
            "ticker": "HIGHMIA-24OCT09-B89.5",
            "count": 26,
            "created_time": "2024-10-09T23:22:41.524936Z",
            "yes_price": 1,
            "no_price": 99,
            "taker_side": "no"
        },
        {
            "trade_id": "16ec60cb-788b-4b9b-b453-7f32edf732ae",
            "ticker": "HIGHMIA-24OCT09-B89.5",
            "count": 10,
            "created_time": "2024-10-09T23:05:59.444346Z",
            "yes_price": 1,
            "no_price": 99,
            "taker_side": "no"
        },
        {
            "trade_id": "30134a56-94ea-4f28-9e6a-51c6e48e4813",
            "ticker": "HIGHMIA-24OCT09-B89.5",
            "count": 1,
            "created_time": "2024-10-09T22:18:53.218151Z",
            "yes_price": 1,
            "no_price": 99,
            "taker_side": "no"
        },
        {
            "trade_id": "269a312e-02c6-4749-875b-7e8b5e350ac4",
            "ticker": "HIGHMIA-24OCT09-B89.5",
            "count": 1,
            "created_time": "2024-10-09T18:37:56.085088Z",
            "yes_price": 44,
            "no_price": 56,
            "taker_side": "no"
        },
        {
            "trade_id": "b658215e-4bc5-453f-8421-315de4b91542",
            "ticker": "HIGHMIA-24OCT09-B89.5",
            "count": 6,
            "created_time": "2024-10-09T18:27:35.815052Z",
            "yes_price": 45,
            "no_price": 55,
            "taker_side": "no"
        },
        {
            "trade_id": "900ae93d-9e19-49ce-8743-27ba5cfc9231",
            "ticker": "HIGHMIA-24OCT09-B89.5",
            "count": 4,
            "created_time": "2024-10-09T17:26:15.008045Z",
            "yes_price": 45,
            "no_price": 55,
            "taker_side": "yes"
        },
        {
            "trade_id": "8ee1b6af-25f9-4c58-b40e-3a1563bebe7e",
            "ticker": "HIGHMIA-24OCT09-B89.5",
            "count": 1,
            "created_time": "2024-10-09T17:25:01.102321Z",
            "yes_price": 44,
            "no_price": 56,
            "taker_side": "no"
        },
        {
            "trade_id": "1b740ed7-a9fc-4352-9634-5142aac539a9",
            "ticker": "HIGHMIA-24OCT09-B89.5",
            "count": 3,
            "created_time": "2024-10-09T17:24:34.253958Z",
            "yes_price": 44,
            "no_price": 56,
            "taker_side": "yes"
        },
        {
            "trade_id": "614f4073-8399-4aae-a37e-a4e3938611c4",
            "ticker": "HIGHMIA-24OCT09-B89.5",
            "count": 7,
            "created_time": "2024-10-09T14:29:15.476466Z",
            "yes_price": 45,
            "no_price": 55,
            "taker_side": "yes"
        },
        {
            "trade_id": "9825456e-e4de-4cad-86c9-c0f856c6885b",
            "ticker": "HIGHMIA-24OCT09-B89.5",
            "count": 4,
            "created_time": "2024-10-09T14:28:16.218135Z",
            "yes_price": 44,
            "no_price": 56,
            "taker_side": "yes"
        },
        {
            "trade_id": "04b72111-b791-4ad4-8614-f6daca71b9b3",
            "ticker": "HIGHMIA-24OCT09-B89.5",
            "count": 3,
            "created_time": "2024-10-09T13:14:12.398687Z",
            "yes_price": 2,
            "no_price": 98,
            "taker_side": "no"
        },
        {
            "trade_id": "e9b2a92e-c400-440f-a310-6048c38c5899",
            "ticker": "HIGHMIA-24OCT09-B89.5",
            "count": 1,
            "created_time": "2024-10-09T12:28:53.587767Z",
            "yes_price": 30,
            "no_price": 70,
            "taker_side": "yes"
        },
        {
            "trade_id": "66e0ba76-dc16-4d3d-9351-0e10399216f9",
            "ticker": "HIGHMIA-24OCT09-B89.5",
            "count": 36,
            "created_time": "2024-10-09T03:54:17.251894Z",
            "yes_price": 23,
            "no_price": 77,
            "taker_side": "no"
        },
        {
            "trade_id": "9582f2be-b876-4aad-949c-c76f4bd639b1",
            "ticker": "HIGHMIA-24OCT09-B89.5",
            "count": 71,
            "created_time": "2024-10-09T03:54:00.506519Z",
            "yes_price": 23,
            "no_price": 77,
            "taker_side": "no"
        },
        {
            "trade_id": "da740d36-5adb-4a41-8963-c6f9c303dec0",
            "ticker": "HIGHMIA-24OCT09-B89.5",
            "count": 36,
            "created_time": "2024-10-09T03:53:47.516387Z",
            "yes_price": 24,
            "no_price": 76,
            "taker_side": "no"
        },
        {
            "trade_id": "428eceeb-e986-44f6-b00f-dd70d196b3a4",
            "ticker": "HIGHMIA-24OCT09-B89.5",
            "count": 18,
            "created_time": "2024-10-09T02:58:00.207509Z",
            "yes_price": 28,
            "no_price": 72,
            "taker_side": "no"
        },
        {
            "trade_id": "66afaee2-b7a1-46c4-842c-d539196f6e5c",
            "ticker": "HIGHMIA-24OCT09-B89.5",
            "count": 7,
            "created_time": "2024-10-09T02:53:03.034708Z",
            "yes_price": 27,
            "no_price": 73,
            "taker_side": "no"
        },
        {
            "trade_id": "67bbdc46-089d-42a7-b5c0-43b587ef2e39",
            "ticker": "HIGHMIA-24OCT09-B89.5",
            "count": 18,
            "created_time": "2024-10-09T02:22:08.917348Z",
            "yes_price": 25,
            "no_price": 75,
            "taker_side": "no"
        },
        {
            "trade_id": "d956b551-2e98-4e0f-ac2b-06a62a120cb7",
            "ticker": "HIGHMIA-24OCT09-B89.5",
            "count": 90,
            "created_time": "2024-10-08T20:48:10.121803Z",
            "yes_price": 23,
            "no_price": 77,
            "taker_side": "no"
        },
        {
            "trade_id": "2ec32646-25bf-419a-9de3-5c5452d295e9",
            "ticker": "HIGHMIA-24OCT09-B89.5",
            "count": 180,
            "created_time": "2024-10-08T20:48:10.121803Z",
            "yes_price": 21,
            "no_price": 79,
            "taker_side": "no"
        }
    ],
    "HIGHMIA-24OCT09-B91.5": [
        {
            "trade_id": "f1174077-8ca3-43cd-ac35-bbee73c88b3d",
            "ticker": "HIGHMIA-24OCT09-B91.5",
            "count": 71,
            "created_time": "2024-10-09T03:54:00.505784Z",
            "yes_price": 1,
            "no_price": 99,
            "taker_side": "no"
        },
        {
            "trade_id": "97e3f120-9e03-417d-ac17-2136c917cfbe",
            "ticker": "HIGHMIA-24OCT09-B91.5",
            "count": 7,
            "created_time": "2024-10-09T03:53:47.510325Z",
            "yes_price": 1,
            "no_price": 99,
            "taker_side": "no"
        },
        {
            "trade_id": "09c505d7-603b-47aa-b63f-8766fb45772c",
            "ticker": "HIGHMIA-24OCT09-B91.5",
            "count": 29,
            "created_time": "2024-10-09T03:53:47.510325Z",
            "yes_price": 1,
            "no_price": 99,
            "taker_side": "no"
        },
        {
            "trade_id": "1a43d8ea-aa5f-44c3-972a-b6f728ef6447",
            "ticker": "HIGHMIA-24OCT09-B91.5",
            "count": 18,
            "created_time": "2024-10-09T02:58:00.203725Z",
            "yes_price": 1,
            "no_price": 99,
            "taker_side": "no"
        },
        {
            "trade_id": "bb349a2d-2996-48fe-bcf1-c42fb9d1cd8a",
            "ticker": "HIGHMIA-24OCT09-B91.5",
            "count": 7,
            "created_time": "2024-10-09T02:53:03.065722Z",
            "yes_price": 1,
            "no_price": 99,
            "taker_side": "no"
        },
        {
            "trade_id": "05884928-8567-42e0-85ba-204fbcb05f3f",
            "ticker": "HIGHMIA-24OCT09-B91.5",
            "count": 18,
            "created_time": "2024-10-09T02:22:08.924832Z",
            "yes_price": 1,
            "no_price": 99,
            "taker_side": "no"
        }
    ],
    "HIGHMIA-24OCT09-T92": [
        {
            "trade_id": "3cf5bdc2-2973-4b18-aa30-ed0c2fbf7d59",
            "ticker": "HIGHMIA-24OCT09-T92",
            "count": 7,
            "created_time": "2024-10-09T03:53:47.513759Z",
            "yes_price": 1,
            "no_price": 99,
            "taker_side": "no"
        },
        {
            "trade_id": "8a47fcd5-00d3-4052-839d-b6bbe0aea94d",
            "ticker": "HIGHMIA-24OCT09-T92",
            "count": 18,
            "created_time": "2024-10-09T02:58:00.215341Z",
            "yes_price": 1,
            "no_price": 99,
            "taker_side": "no"
        },
        {
            "trade_id": "b2f9a189-4145-4849-a132-42546975cf9a",
            "ticker": "HIGHMIA-24OCT09-T92",
            "count": 7,
            "created_time": "2024-10-09T02:53:03.060744Z",
            "yes_price": 1,
            "no_price": 99,
            "taker_side": "no"
        },
        {
            "trade_id": "ad8567cd-74bf-4c19-a049-2cae17fead3e",
            "ticker": "HIGHMIA-24OCT09-T92",
            "count": 18,
            "created_time": "2024-10-09T02:22:08.940349Z",
            "yes_price": 1,
            "no_price": 99,
            "taker_side": "no"
        }
    ]
}