{
    "HIGHMIA-24JAN20-T67": [],
    "HIGHMIA-24JAN20-B67.5": [],
    "HIGHMIA-24JAN20-B69.5": [
        {
            "trade_id": "75aee207-369b-4d6a-9360-1d5509cf5a3b",
            "ticker": "HIGHMIA-24JAN20-B69.5",
            "count": 90,
            "created_time": "2024-01-20T22:19:31.276549Z",
            "yes_price": 1,
            "no_price": 99,
            "taker_side": "yes"
        },
        {
            "trade_id": "797140a5-ed6a-4918-aefa-44ca2d85a153",
            "ticker": "HIGHMIA-24JAN20-B69.5",
            "count": 23,
            "created_time": "2024-01-19T21:30:47.106463Z",
            "yes_price": 17,
            "no_price": 83,
            "taker_side": "no"
        },
        {
            "trade_id": "5451a7d3-ea0b-4f13-b82e-85bcdfa4c19a",
            "ticker": "HIGHMIA-24JAN20-B69.5",
            "count": 70,
            "created_time": "2024-01-19T21:30:30.822452Z",
            "yes_price": 21,
            "no_price": 79,
            "taker_side": "yes"
        },
        {
            "trade_id": "4205f543-c276-4d3b-8382-ec5242ce151e",
            "ticker": "HIGHMIA-24JAN20-B69.5",
            "count": 90,
            "created_time": "2024-01-19T21:30:30.822452Z",
            "yes_price": 23,
            "no_price": 77,
            "taker_side": "yes"
        },
        {
            "trade_id": "ff4317c7-f5cc-45b3-896d-0fe8ee81d2fc",
            "ticker": "HIGHMIA-24JAN20-B69.5",
            "count": 17,
            "created_time": "2024-01-19T21:30:03.769948Z",
            "yes_price": 22,
            "no_price": 78,
            "taker_side": "yes"
        },
        {
            "trade_id": "01980f4c-a973-432c-9706-bc257b2409bb",
            "ticker": "HIGHMIA-24JAN20-B69.5",
            "count": 46,
            "created_time": "2024-01-19T21:30:03.769948Z",
            "yes_price": 20,
            "no_price": 80,
            "taker_side": "yes"
        },
        {
            "trade_id": "4e70c99e-8d6a-4145-8f3f-e6a24c2a0786",
            "ticker": "HIGHMIA-24JAN20-B69.5",
            "count": 1,
            "created_time": "2024-01-19T21:16:30.789706Z",
            "yes_price": 14,
            "no_price": 86,
            "taker_side": "yes"
        },
        {
            "trade_id": "9f209fdd-89e3-4246-9f9c-84a0a83ce8cc",
            "ticker": "HIGHMIA-24JAN20-B69.5",
            "count": 116,
            "created_time": "2024-01-19T17:32:00.047544Z",
            "yes_price": 12,
            "no_price": 88,
            "taker_side": "no"
        },
        {
            "trade_id": "65f07eae-b24f-458d-9403-8d2260690cd2",
            "ticker": "HIGHMIA-24JAN20-B69.5",
            "count": 81,
            "created_time": "2024-01-19T17:32:00.047544Z",
            "yes_price": 14,
            "no_price": 86,
            "taker_side": "no"
        },
        {
            "trade_id": "3cd21a48-91ec-4c9e-aaec-2c8358092761",
            "ticker": "HIGHMIA-24JAN20-B69.5",
            "count": 116,
            "created_time": "2024-01-19T17:32:00.047544Z",
            "yes_price": 11,
            "no_price": 89,
            "taker_side": "no"
        },
        {
            "trade_id": "ec8b71aa-0a30-4a18-a6cb-b8a952ad3977",
            "ticker": "HIGHMIA-24JAN20-B69.5",
            "count": 5,
            "created_time": "2024-01-19T15:15:04.343365Z",
            "yes_price": 16,
            "no_price": 84,
            "taker_side": "no"
        }
    ],
    "HIGHMIA-24JAN20-B71.5": [
        {
            "trade_id": "a0fa509d-d42f-4830-94b1-bba505f80473",
            "ticker": "HIGHMIA-24JAN20-B71.5",
            "count": 467,
            "created_time": "2024-01-20T18:42:01.473502Z",
            "yes_price": 1,
            "no_price": 99,
            "taker_side": "yes"
        },
        {
            "trade_id": "a2fdf2b6-7215-43ac-889b-262112e73d0d",
            "ticker": "HIGHMIA-24JAN20-B71.5",
            "count": 100,
            "created_time": "2024-01-20T17:55:50.813796Z",
            "yes_price": 10,
            "no_price": 90,
            "taker_side": "no"
        },
        {
            "trade_id": "1e442284-943d-47f5-b4ed-634a2e32e828",
            "ticker": "HIGHMIA-24JAN20-B71.5",
            "count": 32,
            "created_time": "2024-01-20T15:20:35.056313Z",
            "yes_price": 15,
            "no_price": 85,
            "taker_side": "yes"
        },
        {
            "trade_id": "18b99bfe-8a32-424b-be31-f17f2ea5c39c",
            "ticker": "HIGHMIA-24JAN20-B71.5",
            "count": 55,
            "created_time": "2024-01-20T14:44:37.580656Z",
            "yes_price": 15,
            "no_price": 85,
            "taker_side": "yes"
        },
        {
            "trade_id": "6cf6051f-3c7c-408a-9ac6-154fcd898fdb",
            "ticker": "HIGHMIA-24JAN20-B71.5",
            "count": 13,
            "created_time": "2024-01-20T14:44:29.07015Z",
            "yes_price": 15,
            "no_price": 85,
            "taker_side": "yes"
        },
        {
            "trade_id": "93161a97-e512-467e-917b-6170a8e209d4",
            "ticker": "HIGHMIA-24JAN20-B71.5",
            "count": 23,
            "created_time": "2024-01-20T00:54:27.711381Z",
            "yes_price": 39,
            "no_price": 61,
            "taker_side": "yes"
        },
        {
            "trade_id": "bf89469b-8ddb-46c2-bc0d-286aada5d184",
            "ticker": "HIGHMIA-24JAN20-B71.5",
            "count": 46,
            "created_time": "2024-01-20T00:53:54.808838Z",
            "yes_price": 36,
            "no_price": 64,
            "taker_side": "yes"
        },
        {
            "trade_id": "b7aac539-9eef-40d4-91b3-c7b6da2e0a86",
            "ticker": "HIGHMIA-24JAN20-B71.5",
            "count": 115,
            "created_time": "2024-01-20T00:53:54.808838Z",
            "yes_price": 38,
            "no_price": 62,
            "taker_side": "yes"
        },
        {
            "trade_id": "842a7fe1-c5a1-42b9-87c0-8589b69b5ea3",
            "ticker": "HIGHMIA-24JAN20-B71.5",
            "count": 1,
            "created_time": "2024-01-20T00:53:54.808838Z",
            "yes_price": 38,
            "no_price": 62,
            "taker_side": "yes"
        },
        {
            "trade_id": "608ae2c7-f5a9-48f5-883f-e2616548464e",
            "ticker": "HIGHMIA-24JAN20-B71.5",
            "count": 115,
            "created_time": "2024-01-20T00:53:54.808838Z",
            "yes_price": 40,
            "no_price": 60,
            "taker_side": "yes"
        },
        {
            "trade_id": "6d29f84e-cdc7-4a5a-8939-94a7804c55ef",
            "ticker": "HIGHMIA-24JAN20-B71.5",
            "count": 23,
            "created_time": "2024-01-19T21:30:47.09946Z",
            "yes_price": 38,
            "no_price": 62,
            "taker_side": "no"
        },
        {
            "trade_id": "912f6b7d-1394-42f4-b7c0-82ebbee1d467",
            "ticker": "HIGHMIA-24JAN20-B71.5",
            "count": 46,
            "created_time": "2024-01-19T20:26:16.736725Z",
            "yes_price": 41,
            "no_price": 59,
            "taker_side": "no"
        },
        {
            "trade_id": "600663fe-a72c-40ad-9c8f-dd6ffd82bc0a",
            "ticker": "HIGHMIA-24JAN20-B71.5",
            "count": 81,
            "created_time": "2024-01-19T20:26:16.736725Z",
            "yes_price": 39,
            "no_price": 61,
            "taker_side": "no"
        },
        {
            "trade_id": "e9963b8f-6c28-4f04-b090-f6bb9df78ec6",
            "ticker": "HIGHMIA-24JAN20-B71.5",
            "count": 116,
            "created_time": "2024-01-19T20:25:53.907606Z",
            "yes_price": 42,
            "no_price": 58,
            "taker_side": "no"
        },
        {
            "trade_id": "a9a5a94c-54b7-4116-b5df-b645a739247a",
            "ticker": "HIGHMIA-24JAN20-B71.5",
            "count": 58,
            "created_time": "2024-01-19T20:25:53.907606Z",
            "yes_price": 44,
            "no_price": 56,
            "taker_side": "no"
        },
        {
            "trade_id": "0242130c-9f9e-4fc4-82c8-e04d34c02b2c",
            "ticker": "HIGHMIA-24JAN20-B71.5",
            "count": 10,
            "created_time": "2024-01-19T18:00:07.57625Z",
            "yes_price": 48,
            "no_price": 52,
            "taker_side": "yes"
        },
        {
            "trade_id": "b7270031-c5c2-447b-84ba-e4405280e8f1",
            "ticker": "HIGHMIA-24JAN20-B71.5",
            "count": 11,
            "created_time": "2024-01-19T17:32:31.974887Z",
            "yes_price": 48,
            "no_price": 52,
            "taker_side": "yes"
        },
        {
            "trade_id": "da2d0660-76a9-4838-93c9-5cee7aea9d53",
            "ticker": "HIGHMIA-24JAN20-B71.5",
            "count": 116,
            "created_time": "2024-01-19T17:31:49.289084Z",
            "yes_price": 47,
            "no_price": 53,
            "taker_side": "yes"
        },
        {
            "trade_id": "97f5e60b-708d-40ba-8a7a-c3bd9ad3a44e",
            "ticker": "HIGHMIA-24JAN20-B71.5",
            "count": 58,
            "created_time": "2024-01-19T17:31:49.289084Z",
            "yes_price": 43,
            "no_price": 57,
            "taker_side": "yes"
        },
        {
            "trade_id": "11dc00b0-453c-41ca-93f8-6d49ed8ab5ea",
            "ticker": "HIGHMIA-24JAN20-B71.5",
            "count": 116,
            "created_time": "2024-01-19T17:31:49.289084Z",
            "yes_price": 44,
            "no_price": 56,
            "taker_side": "yes"
        }
    ],
    "HIGHMIA-24JAN20-B73.5": [
        {
            "trade_id": "ccf2103a-ad8d-4994-b7c6-f502bc204244",
            "ticker": "HIGHMIA-24JAN20-B73.5",
            "count": 10,
            "created_time": "2024-01-21T02:51:42.737877Z",
            "yes_price": 99,
            "no_price": 1,
            "taker_side": "yes"
        },
        {
            "trade_id": "f7d8d3b0-df53-4fa5-a042-8565d9bb9e51",
            "ticker": "HIGHMIA-24JAN20-B73.5",
            "count": 50,
            "created_time": "2024-01-20T15:07:32.623486Z",
            "yes_price": 66,
            "no_price": 34,
            "taker_side": "yes"
        },
        {
            "trade_id": "7fc5c0d1-f95d-48d3-851e-7d6ab9501085",
            "ticker": "HIGHMIA-24JAN20-B73.5",
            "count": 108,
            "created_time": "2024-01-20T03:49:52.384454Z",
            "yes_price": 53,
            "no_price": 47,
            "taker_side": "yes"
        },
        {
            "trade_id": "6f9a9947-e1c4-4b08-9d3d-8c5a52c00789",
            "ticker": "HIGHMIA-24JAN20-B73.5",
            "count": 10,
            "created_time": "2024-01-20T03:49:52.384454Z",
            "yes_price": 50,
            "no_price": 50,
            "taker_side": "yes"
        },
        {
            "trade_id": "e8501a0d-e40c-4bb2-bdec-e21712a3a7ed",
            "ticker": "HIGHMIA-24JAN20-B73.5",
            "count": 22,
            "created_time": "2024-01-20T03:44:29.737571Z",
            "yes_price": 50,
            "no_price": 50,
            "taker_side": "yes"
        },
        {
            "trade_id": "ad6492b2-e983-4bd2-9454-4b4a3ac67528",
            "ticker": "HIGHMIA-24JAN20-B73.5",
            "count": 5,
            "created_time": "2024-01-20T03:44:29.737571Z",
            "yes_price": 50,
            "no_price": 50,
            "taker_side": "yes"
        },
        {
            "trade_id": "25ab1f29-69a2-49eb-ab3f-7d7583be426f",
            "ticker": "HIGHMIA-24JAN20-B73.5",
            "count": 109,
            "created_time": "2024-01-20T03:44:29.737571Z",
            "yes_price": 53,
            "no_price": 47,
            "taker_side": "yes"
        },
        {
            "trade_id": "f92b956d-8d53-4bec-9ddb-315caf74dfa8",
            "ticker": "HIGHMIA-24JAN20-B73.5",
            "count": 23,
            "created_time": "2024-01-20T00:54:13.157027Z",
            "yes_price": 43,
            "no_price": 57,
            "taker_side": "yes"
        },
        {
            "trade_id": "69952adb-ed2b-49a9-b19f-aaad37719689",
            "ticker": "HIGHMIA-24JAN20-B73.5",
            "count": 115,
            "created_time": "2024-01-20T00:54:13.157027Z",
            "yes_price": 44,
            "no_price": 56,
            "taker_side": "yes"
        },
        {
            "trade_id": "aa9a4e99-1efa-4d5a-aea3-8296efdac468",
            "ticker": "HIGHMIA-24JAN20-B73.5",
            "count": 115,
            "created_time": "2024-01-20T00:53:36.312302Z",
            "yes_price": 45,
            "no_price": 55,
            "taker_side": "yes"
        },
        {
            "trade_id": "8472c021-1021-4019-9974-7199e7ac1e5e",
            "ticker": "HIGHMIA-24JAN20-B73.5",
            "count": 116,
            "created_time": "2024-01-20T00:53:36.312302Z",
            "yes_price": 44,
            "no_price": 56,
            "taker_side": "yes"
        },
        {
            "trade_id": "05b8e32b-afc9-4712-8e99-9c3813059c6a",
            "ticker": "HIGHMIA-24JAN20-B73.5",
            "count": 11,
            "created_time": "2024-01-20T00:53:36.312302Z",
            "yes_price": 41,
            "no_price": 59,
            "taker_side": "yes"
        },
        {
            "trade_id": "9a1f397c-591a-405b-ac78-c821d8ac130e",
            "ticker": "HIGHMIA-24JAN20-B73.5",
            "count": 70,
            "created_time": "2024-01-19T23:19:47.29801Z",
            "yes_price": 32,
            "no_price": 68,
            "taker_side": "yes"
        },
        {
            "trade_id": "bdf759e4-8e77-47ea-94b0-03ddbe43c6a4",
            "ticker": "HIGHMIA-24JAN20-B73.5",
            "count": 46,
            "created_time": "2024-01-19T23:19:34.526217Z",
            "yes_price": 31,
            "no_price": 69,
            "taker_side": "yes"
        },
        {
            "trade_id": "2a952889-55f0-4e68-beb3-61705eb8e443",
            "ticker": "HIGHMIA-24JAN20-B73.5",
            "count": 23,
            "created_time": "2024-01-19T21:30:47.10524Z",
            "yes_price": 28,
            "no_price": 72,
            "taker_side": "no"
        },
        {
            "trade_id": "560a746e-3b6c-4efe-aede-446707dee8b4",
            "ticker": "HIGHMIA-24JAN20-B73.5",
            "count": 1,
            "created_time": "2024-01-19T20:36:39.549431Z",
            "yes_price": 33,
            "no_price": 67,
            "taker_side": "yes"
        }
    ],
    "HIGHMIA-24JAN20-T74": [
        {
            "trade_id": "e0898819-0628-495e-98ee-cfa7ca8570d1",
            "ticker": "HIGHMIA-24JAN20-T74",
            "count": 48,
            "created_time": "2024-01-20T14:59:34.612288Z",
            "yes_price": 20,
            "no_price": 80,
            "taker_side": "yes"
        },
        {
            "trade_id": "8a228a60-d467-4af0-9951-1f2e635ffa85",
            "ticker": "HIGHMIA-24JAN20-T74",
            "count": 68,
            "created_time": "2024-01-20T14:59:34.612288Z",
            "yes_price": 23,
            "no_price": 77,
            "taker_side": "yes"
        },
        {
            "trade_id": "2d01fcf7-f23c-45e6-819c-93f2f5563592",
            "ticker": "HIGHMIA-24JAN20-T74",
            "count": 68,
            "created_time": "2024-01-20T14:59:34.612288Z",
            "yes_price": 22,
            "no_price": 78,
            "taker_side": "yes"
        },
        {
            "trade_id": "c1407252-4fcc-4662-b7fe-d514f1dde72e",
            "ticker": "HIGHMIA-24JAN20-T74",
            "count": 5,
            "created_time": "2024-01-19T21:30:47.033059Z",
            "yes_price": 21,
            "no_price": 79,
            "taker_side": "yes"
        },
        {
            "trade_id": "67b1bd66-cc60-4a63-bbd0-abef15840eac",
            "ticker": "HIGHMIA-24JAN20-T74",
            "count": 1,
            "created_time": "2024-01-19T21:30:47.033059Z",
            "yes_price": 20,
            "no_price": 80,
            "taker_side": "yes"
        },
        {
            "trade_id": "2cd044ad-4aa4-4d50-8c67-7909f648263e",
            "ticker": "HIGHMIA-24JAN20-T74",
            "count": 23,
            "created_time": "2024-01-19T21:30:47.033059Z",
            "yes_price": 19,
            "no_price": 81,
            "taker_side": "yes"
        },
        {
            "trade_id": "7347b38b-7eb9-4e13-887e-05593a042ff4",
            "ticker": "HIGHMIA-24JAN20-T74",
            "count": 250,
            "created_time": "2024-01-19T17:32:12.800977Z",
            "yes_price": 9,
            "no_price": 91,
            "taker_side": "no"
        }
    ]
}