{
    "HIGHMIA-24JAN27-T77": [],
    "HIGHMIA-24JAN27-B77.5": [],
    "HIGHMIA-24JAN27-B79.5": [
        {
            "trade_id": "b436e540-801e-4aff-b056-4f50bbc7cf3b",
            "ticker": "HIGHMIA-24JAN27-B79.5",
            "count": 435,
            "created_time": "2024-01-27T17:37:41.654265Z",
            "yes_price": 1,
            "no_price": 99,
            "taker_side": "yes"
        },
        {
            "trade_id": "c831bf92-4b67-4a6b-b202-6b02dee0f699",
            "ticker": "HIGHMIA-24JAN27-B79.5",
            "count": 1,
            "created_time": "2024-01-27T04:32:28.787625Z",
            "yes_price": 4,
            "no_price": 96,
            "taker_side": "no"
        },
        {
            "trade_id": "15977314-c4c9-45f7-8df5-4a8866fab1da",
            "ticker": "HIGHMIA-24JAN27-B79.5",
            "count": 202,
            "created_time": "2024-01-26T22:13:17.734575Z",
            "yes_price": 10,
            "no_price": 90,
            "taker_side": "no"
        },
        {
            "trade_id": "981c1ed6-110c-4af9-8187-23feaad4f025",
            "ticker": "HIGHMIA-24JAN27-B79.5",
            "count": 2,
            "created_time": "2024-01-26T20:21:00.870811Z",
            "yes_price": 11,
            "no_price": 89,
            "taker_side": "no"
        },
        {
            "trade_id": "79b0a42b-8db3-468e-8b16-c1d7124aa6cf",
            "ticker": "HIGHMIA-24JAN27-B79.5",
            "count": 198,
            "created_time": "2024-01-26T20:21:00.870811Z",
            "yes_price": 10,
            "no_price": 90,
            "taker_side": "no"
        },
        {
            "trade_id": "25e8f82d-3ad7-4b61-a0c5-4d8620d41eb9",
            "ticker": "HIGHMIA-24JAN27-B79.5",
            "count": 14,
            "created_time": "2024-01-26T20:18:20.353129Z",
            "yes_price": 13,
            "no_price": 87,
            "taker_side": "no"
        },
        {
            "trade_id": "f0dd467e-9e9d-4f2f-b4be-761da81cf9cc",
            "ticker": "HIGHMIA-24JAN27-B79.5",
            "count": 85,
            "created_time": "2024-01-26T20:17:18.876819Z",
            "yes_price": 16,
            "no_price": 84,
            "taker_side": "no"
        },
        {
            "trade_id": "d5e349b8-e7f5-463a-a886-f7a6a741eaa3",
            "ticker": "HIGHMIA-24JAN27-B79.5",
            "count": 51,
            "created_time": "2024-01-26T20:17:18.876819Z",
            "yes_price": 19,
            "no_price": 81,
            "taker_side": "no"
        },
        {
            "trade_id": "69f6c5e8-58da-4911-a083-f20f001868bb",
            "ticker": "HIGHMIA-24JAN27-B79.5",
            "count": 85,
            "created_time": "2024-01-26T20:17:18.876819Z",
            "yes_price": 17,
            "no_price": 83,
            "taker_side": "no"
        },
        {
            "trade_id": "66e8cf67-b5b3-44da-8801-cf495dbc4f6a",
            "ticker": "HIGHMIA-24JAN27-B79.5",
            "count": 70,
            "created_time": "2024-01-26T20:07:52.276376Z",
            "yes_price": 20,
            "no_price": 80,
            "taker_side": "no"
        },
        {
            "trade_id": "5b674d9c-a306-4f09-8dfc-408fb9ca1e06",
            "ticker": "HIGHMIA-24JAN27-B79.5",
            "count": 58,
            "created_time": "2024-01-26T20:06:59.533608Z",
            "yes_price": 22,
            "no_price": 78,
            "taker_side": "yes"
        },
        {
            "trade_id": "3ba34b03-f965-4a9f-b19a-455d14a27a30",
            "ticker": "HIGHMIA-24JAN27-B79.5",
            "count": 70,
            "created_time": "2024-01-26T20:06:41.139484Z",
            "yes_price": 23,
            "no_price": 77,
            "taker_side": "no"
        },
        {
            "trade_id": "335ec4ab-9c46-4977-bc27-c766405a3835",
            "ticker": "HIGHMIA-24JAN27-B79.5",
            "count": 46,
            "created_time": "2024-01-26T20:06:28.37532Z",
            "yes_price": 24,
            "no_price": 76,
            "taker_side": "no"
        },
        {
            "trade_id": "81f4ee5b-b4b4-44bc-abde-a9075027b204",
            "ticker": "HIGHMIA-24JAN27-B79.5",
            "count": 58,
            "created_time": "2024-01-26T20:06:15.326653Z",
            "yes_price": 25,
            "no_price": 75,
            "taker_side": "no"
        },
        {
            "trade_id": "e038cfce-073f-4b35-81b2-72705e9c6687",
            "ticker": "HIGHMIA-24JAN27-B79.5",
            "count": 5,
            "created_time": "2024-01-26T19:28:23.778004Z",
            "yes_price": 13,
            "no_price": 87,
            "taker_side": "yes"
        },
        {
            "trade_id": "70b4759e-2d7f-4cbd-a8b5-c7e1a86f83b2",
            "ticker": "HIGHMIA-24JAN27-B79.5",
            "count": 1,
            "created_time": "2024-01-26T19:28:23.778004Z",
            "yes_price": 13,
            "no_price": 87,
            "taker_side": "yes"
        }
    ],
    "HIGHMIA-24JAN27-B81.5": [
        {
            "trade_id": "ccfd8a60-a5d8-4e31-b339-c03f9b9d4583",
            "ticker": "HIGHMIA-24JAN27-B81.5",
            "count": 1,
            "created_time": "2024-01-27T04:32:28.793967Z",
            "yes_price": 46,
            "no_price": 54,
            "taker_side": "no"
        },
        {
            "trade_id": "5d9ee4b9-1c29-40f1-a41e-dd7d5182893b",
            "ticker": "HIGHMIA-24JAN27-B81.5",
            "count": 8,
            "created_time": "2024-01-27T04:15:57.528845Z",
            "yes_price": 57,
            "no_price": 43,
            "taker_side": "yes"
        },
        {
            "trade_id": "33f6a0a7-18d9-4690-92df-a78d0a93ab34",
            "ticker": "HIGHMIA-24JAN27-B81.5",
            "count": 3,
            "created_time": "2024-01-27T03:49:00.400965Z",
            "yes_price": 59,
            "no_price": 41,
            "taker_side": "yes"
        },
        {
            "trade_id": "e24e0c0d-58a8-49af-baa8-a473680ad1db",
            "ticker": "HIGHMIA-24JAN27-B81.5",
            "count": 8,
            "created_time": "2024-01-27T03:42:08.40097Z",
            "yes_price": 59,
            "no_price": 41,
            "taker_side": "yes"
        },
        {
            "trade_id": "3322a415-5b97-4482-b6d7-514d508d7366",
            "ticker": "HIGHMIA-24JAN27-B81.5",
            "count": 8,
            "created_time": "2024-01-27T03:12:02.11559Z",
            "yes_price": 59,
            "no_price": 41,
            "taker_side": "yes"
        },
        {
            "trade_id": "229a8223-bd0f-41d4-b4b6-ed758240553a",
            "ticker": "HIGHMIA-24JAN27-B81.5",
            "count": 10,
            "created_time": "2024-01-27T03:11:41.901055Z",
            "yes_price": 58,
            "no_price": 42,
            "taker_side": "yes"
        },
        {
            "trade_id": "e9b96f22-31e6-4c86-9441-5a4ec69f510b",
            "ticker": "HIGHMIA-24JAN27-B81.5",
            "count": 55,
            "created_time": "2024-01-26T23:31:01.46199Z",
            "yes_price": 54,
            "no_price": 46,
            "taker_side": "yes"
        },
        {
            "trade_id": "a8cf91f9-7f97-466c-b076-cebbb5a16e63",
            "ticker": "HIGHMIA-24JAN27-B81.5",
            "count": 5,
            "created_time": "2024-01-26T23:31:01.46199Z",
            "yes_price": 54,
            "no_price": 46,
            "taker_side": "yes"
        },
        {
            "trade_id": "1cab2f9c-563a-4c54-978e-6a14c6c7ecbe",
            "ticker": "HIGHMIA-24JAN27-B81.5",
            "count": 111,
            "created_time": "2024-01-26T23:31:01.46199Z",
            "yes_price": 56,
            "no_price": 44,
            "taker_side": "yes"
        },
        {
            "trade_id": "853c0a79-7216-428d-8176-99a4941b285b",
            "ticker": "HIGHMIA-24JAN27-B81.5",
            "count": 65,
            "created_time": "2024-01-26T23:23:50.463066Z",
            "yes_price": 53,
            "no_price": 47,
            "taker_side": "yes"
        },
        {
            "trade_id": "1156c677-b52d-4f3d-ba11-27d83b2501e9",
            "ticker": "HIGHMIA-24JAN27-B81.5",
            "count": 11,
            "created_time": "2024-01-26T23:23:50.463066Z",
            "yes_price": 51,
            "no_price": 49,
            "taker_side": "yes"
        },
        {
            "trade_id": "fd55c9c9-a375-43cf-b6be-d5b81aff3e07",
            "ticker": "HIGHMIA-24JAN27-B81.5",
            "count": 58,
            "created_time": "2024-01-26T23:13:32.79919Z",
            "yes_price": 46,
            "no_price": 54,
            "taker_side": "yes"
        },
        {
            "trade_id": "968a0025-3aff-45c5-91da-30542b1b8dfa",
            "ticker": "HIGHMIA-24JAN27-B81.5",
            "count": 116,
            "created_time": "2024-01-26T23:13:32.79919Z",
            "yes_price": 48,
            "no_price": 52,
            "taker_side": "yes"
        },
        {
            "trade_id": "3e092324-a622-45c2-8463-fdf4c8ccb521",
            "ticker": "HIGHMIA-24JAN27-B81.5",
            "count": 116,
            "created_time": "2024-01-26T23:13:32.79919Z",
            "yes_price": 51,
            "no_price": 49,
            "taker_side": "yes"
        },
        {
            "trade_id": "961cfb15-6ea4-44a0-9995-57a6dfc51868",
            "ticker": "HIGHMIA-24JAN27-B81.5",
            "count": 14,
            "created_time": "2024-01-26T20:21:11.69002Z",
            "yes_price": 49,
            "no_price": 51,
            "taker_side": "yes"
        },
        {
            "trade_id": "20eb5a11-4510-45e0-a4e4-4ff1e7042a42",
            "ticker": "HIGHMIA-24JAN27-B81.5",
            "count": 28,
            "created_time": "2024-01-26T20:18:56.746823Z",
            "yes_price": 49,
            "no_price": 51,
            "taker_side": "yes"
        },
        {
            "trade_id": "af11cd05-3503-4b22-b84d-95868c130694",
            "ticker": "HIGHMIA-24JAN27-B81.5",
            "count": 28,
            "created_time": "2024-01-26T20:18:28.651615Z",
            "yes_price": 48,
            "no_price": 52,
            "taker_side": "yes"
        },
        {
            "trade_id": "62bc88f9-8ec2-4f57-8cf1-ef9b37ac0bc4",
            "ticker": "HIGHMIA-24JAN27-B81.5",
            "count": 11,
            "created_time": "2024-01-26T20:18:10.486726Z",
            "yes_price": 44,
            "no_price": 56,
            "taker_side": "yes"
        },
        {
            "trade_id": "606f180b-729e-4c6d-ae14-15b3a4fae19d",
            "ticker": "HIGHMIA-24JAN27-B81.5",
            "count": 28,
            "created_time": "2024-01-26T20:18:10.486726Z",
            "yes_price": 45,
            "no_price": 55,
            "taker_side": "yes"
        },
        {
            "trade_id": "1cce6457-bfde-4cea-8e8a-98bbccb43da5",
            "ticker": "HIGHMIA-24JAN27-B81.5",
            "count": 58,
            "created_time": "2024-01-26T20:07:47.792934Z",
            "yes_price": 45,
            "no_price": 55,
            "taker_side": "yes"
        },
        {
            "trade_id": "9063b1c3-ca06-45fe-9915-f66121e27aa4",
            "ticker": "HIGHMIA-24JAN27-B81.5",
            "count": 58,
            "created_time": "2024-01-26T20:07:31.20773Z",
            "yes_price": 44,
            "no_price": 56,
            "taker_side": "yes"
        },
        {
            "trade_id": "15a5212f-28fb-4c7e-a6ad-2c465bcf513d",
            "ticker": "HIGHMIA-24JAN27-B81.5",
            "count": 35,
            "created_time": "2024-01-26T20:07:24.526057Z",
            "yes_price": 44,
            "no_price": 56,
            "taker_side": "yes"
        }
    ],
    "HIGHMIA-24JAN27-B83.5": [
        {
            "trade_id": "a7be408b-f555-43e8-9149-bffdb7c92c63",
            "ticker": "HIGHMIA-24JAN27-B83.5",
            "count": 1,
            "created_time": "2024-01-27T04:32:28.707698Z",
            "yes_price": 48,
            "no_price": 52,
            "taker_side": "no"
        },
        {
            "trade_id": "a611e8e5-438c-41df-b8d1-5eb6075bd1bb",
            "ticker": "HIGHMIA-24JAN27-B83.5",
            "count": 106,
            "created_time": "2024-01-27T04:32:28.611376Z",
            "yes_price": 47,
            "no_price": 53,
            "taker_side": "yes"
        },
        {
            "trade_id": "1e65e432-40ff-4dea-bee8-4fe9f09864c3",
            "ticker": "HIGHMIA-24JAN27-B83.5",
            "count": 10,
            "created_time": "2024-01-27T04:32:28.611376Z",
            "yes_price": 45,
            "no_price": 55,
            "taker_side": "yes"
        },
        {
            "trade_id": "3ef18220-7cb1-4753-8a99-afb0ed118916",
            "ticker": "HIGHMIA-24JAN27-B83.5",
            "count": 42,
            "created_time": "2024-01-27T04:17:53.341167Z",
            "yes_price": 45,
            "no_price": 55,
            "taker_side": "yes"
        },
        {
            "trade_id": "49e978c8-3bb5-4f30-af84-dbf6fc35e21f",
            "ticker": "HIGHMIA-24JAN27-B83.5",
            "count": 99,
            "created_time": "2024-01-27T04:17:33.268361Z",
            "yes_price": 44,
            "no_price": 56,
            "taker_side": "yes"
        },
        {
            "trade_id": "05f81df7-eadc-434c-af48-f150691be1ff",
            "ticker": "HIGHMIA-24JAN27-B83.5",
            "count": 53,
            "created_time": "2024-01-27T04:17:33.268361Z",
            "yes_price": 43,
            "no_price": 57,
            "taker_side": "yes"
        },
        {
            "trade_id": "e4042089-08cf-482e-9846-80d27fc61c82",
            "ticker": "HIGHMIA-24JAN27-B83.5",
            "count": 49,
            "created_time": "2024-01-27T04:17:22.428924Z",
            "yes_price": 41,
            "no_price": 59,
            "taker_side": "yes"
        },
        {
            "trade_id": "bbecab2f-550a-47b9-80b2-ffdf9c6e6c07",
            "ticker": "HIGHMIA-24JAN27-B83.5",
            "count": 39,
            "created_time": "2024-01-27T04:11:31.706213Z",
            "yes_price": 40,
            "no_price": 60,
            "taker_side": "yes"
        },
        {
            "trade_id": "8f322da6-a12a-41ae-af96-d26ae68346a6",
            "ticker": "HIGHMIA-24JAN27-B83.5",
            "count": 40,
            "created_time": "2024-01-27T04:11:08.955983Z",
            "yes_price": 37,
            "no_price": 63,
            "taker_side": "yes"
        },
        {
            "trade_id": "16923892-b0e1-417e-a1b9-d460e8b69e37",
            "ticker": "HIGHMIA-24JAN27-B83.5",
            "count": 103,
            "created_time": "2024-01-27T04:11:08.955983Z",
            "yes_price": 39,
            "no_price": 61,
            "taker_side": "yes"
        },
        {
            "trade_id": "c0eea37d-00bc-4480-93af-f505b843fcef",
            "ticker": "HIGHMIA-24JAN27-B83.5",
            "count": 37,
            "created_time": "2024-01-26T20:21:21.574346Z",
            "yes_price": 38,
            "no_price": 62,
            "taker_side": "yes"
        },
        {
            "trade_id": "8fe2935e-8174-4b4f-8072-3be9642d8e14",
            "ticker": "HIGHMIA-24JAN27-B83.5",
            "count": 28,
            "created_time": "2024-01-26T20:19:04.904241Z",
            "yes_price": 36,
            "no_price": 64,
            "taker_side": "yes"
        },
        {
            "trade_id": "edc210a1-aa33-4659-ae26-d0e4928f6fd3",
            "ticker": "HIGHMIA-24JAN27-B83.5",
            "count": 28,
            "created_time": "2024-01-26T20:18:46.078642Z",
            "yes_price": 35,
            "no_price": 65,
            "taker_side": "yes"
        },
        {
            "trade_id": "16bb3e5d-fb4f-4e90-a7ab-1b1e1e6cad62",
            "ticker": "HIGHMIA-24JAN27-B83.5",
            "count": 17,
            "created_time": "2024-01-26T20:18:00.854533Z",
            "yes_price": 35,
            "no_price": 65,
            "taker_side": "yes"
        },
        {
            "trade_id": "e06c3f33-4b85-478d-8cc1-3cab32329432",
            "ticker": "HIGHMIA-24JAN27-B83.5",
            "count": 5,
            "created_time": "2024-01-26T20:17:44.924824Z",
            "yes_price": 32,
            "no_price": 68,
            "taker_side": "yes"
        },
        {
            "trade_id": "b426f7af-4e70-4b53-ae8d-821f22922933",
            "ticker": "HIGHMIA-24JAN27-B83.5",
            "count": 28,
            "created_time": "2024-01-26T20:17:44.924824Z",
            "yes_price": 34,
            "no_price": 66,
            "taker_side": "yes"
        },
        {
            "trade_id": "6c0dab6c-ae10-4487-94a3-2513419ad305",
            "ticker": "HIGHMIA-24JAN27-B83.5",
            "count": 85,
            "created_time": "2024-01-26T20:17:27.136749Z",
            "yes_price": 30,
            "no_price": 70,
            "taker_side": "yes"
        },
        {
            "trade_id": "1e9c814e-0c4c-447c-9b99-1dc18b57a38c",
            "ticker": "HIGHMIA-24JAN27-B83.5",
            "count": 85,
            "created_time": "2024-01-26T20:17:27.136749Z",
            "yes_price": 32,
            "no_price": 68,
            "taker_side": "yes"
        },
        {
            "trade_id": "15855771-373f-4c81-9373-343418c4b00a",
            "ticker": "HIGHMIA-24JAN27-B83.5",
            "count": 51,
            "created_time": "2024-01-26T20:17:27.136749Z",
            "yes_price": 28,
            "no_price": 72,
            "taker_side": "yes"
        },
        {
            "trade_id": "e72475f1-3e37-4fd1-9f2c-30eb7163cfbd",
            "ticker": "HIGHMIA-24JAN27-B83.5",
            "count": 35,
            "created_time": "2024-01-26T20:08:03.002921Z",
            "yes_price": 26,
            "no_price": 74,
            "taker_side": "yes"
        },
        {
            "trade_id": "b4a33e11-3e6c-4a9c-8760-c0412423a19a",
            "ticker": "HIGHMIA-24JAN27-B83.5",
            "count": 70,
            "created_time": "2024-01-26T20:06:56.312334Z",
            "yes_price": 26,
            "no_price": 74,
            "taker_side": "yes"
        },
        {
            "trade_id": "7eb61811-06df-4ea5-865d-ec808281e6ef",
            "ticker": "HIGHMIA-24JAN27-B83.5",
            "count": 1,
            "created_time": "2024-01-26T20:06:56.312334Z",
            "yes_price": 26,
            "no_price": 74,
            "taker_side": "yes"
        },
        {
            "trade_id": "831e9987-222c-4a53-8f13-f83add508284",
            "ticker": "HIGHMIA-24JAN27-B83.5",
            "count": 58,
            "created_time": "2024-01-26T20:06:43.647905Z",
            "yes_price": 25,
            "no_price": 75,
            "taker_side": "yes"
        },
        {
            "trade_id": "25e184f3-a893-41d8-b89f-e7f8058eebc1",
            "ticker": "HIGHMIA-24JAN27-B83.5",
            "count": 58,
            "created_time": "2024-01-26T20:06:25.467302Z",
            "yes_price": 24,
            "no_price": 76,
            "taker_side": "yes"
        },
        {
            "trade_id": "beb4956f-2394-4f1b-ad2a-abe8bc86caf1",
            "ticker": "HIGHMIA-24JAN27-B83.5",
            "count": 58,
            "created_time": "2024-01-26T20:06:11.205733Z",
            "yes_price": 23,
            "no_price": 77,
            "taker_side": "yes"
        }
    ],
    "HIGHMIA-24JAN27-T84": [
        {
            "trade_id": "9f9d6017-b12b-4744-8f4e-87b24418d00d",
            "ticker": "HIGHMIA-24JAN27-T84",
            "count": 6,
            "created_time": "2024-01-27T18:09:45.935471Z",
            "yes_price": 3,
            "no_price": 97,
            "taker_side": "no"
        },
        {
            "trade_id": "47ad3c32-ef17-42b0-9428-f1e1e56874a6",
            "ticker": "HIGHMIA-24JAN27-T84",
            "count": 5,
            "created_time": "2024-01-27T16:24:32.013925Z",
            "yes_price": 21,
            "no_price": 79,
            "taker_side": "yes"
        },
        {
            "trade_id": "3a4a9745-6300-4495-9c0c-0e84bc1460cf",
            "ticker": "HIGHMIA-24JAN27-T84",
            "count": 1,
            "created_time": "2024-01-27T16:24:32.013925Z",
            "yes_price": 21,
            "no_price": 79,
            "taker_side": "yes"
        },
        {
            "trade_id": "ff11d1c6-78b2-4513-b6a6-67b52ebdcff7",
            "ticker": "HIGHMIA-24JAN27-T84",
            "count": 1,
            "created_time": "2024-01-27T13:52:36.583256Z",
            "yes_price": 3,
            "no_price": 97,
            "taker_side": "no"
        },
        {
            "trade_id": "d8ec7fd4-4e46-4faa-95d6-23cdccf7a5ca",
            "ticker": "HIGHMIA-24JAN27-T84",
            "count": 1,
            "created_time": "2024-01-27T04:32:28.810424Z",
            "yes_price": 3,
            "no_price": 97,
            "taker_side": "no"
        }
    ]
}