{
    "HIGHMIA-24JAN14-T69": [],
    "HIGHMIA-24JAN14-B69.5": [
        {
            "trade_id": "4080defd-cffb-45a5-ba04-35f5d5c60c4f",
            "ticker": "HIGHMIA-24JAN14-B69.5",
            "count": 1039,
            "created_time": "2024-01-14T19:30:04.427432Z",
            "yes_price": 1,
            "no_price": 99,
            "taker_side": "yes"
        },
        {
            "trade_id": "8fa7be78-7003-4934-9fcd-41871f3bcaaf",
            "ticker": "HIGHMIA-24JAN14-B69.5",
            "count": 77,
            "created_time": "2024-01-14T00:58:22.004034Z",
            "yes_price": 10,
            "no_price": 90,
            "taker_side": "no"
        },
        {
            "trade_id": "7a8a9ad6-f2d8-4f4c-86fa-a0ece22c162b",
            "ticker": "HIGHMIA-24JAN14-B69.5",
            "count": 15,
            "created_time": "2024-01-13T23:23:46.150164Z",
            "yes_price": 12,
            "no_price": 88,
            "taker_side": "no"
        },
        {
            "trade_id": "41dfa073-4842-4727-8df7-e0bdd29fdc93",
            "ticker": "HIGHMIA-24JAN14-B69.5",
            "count": 58,
            "created_time": "2024-01-13T23:12:18.295315Z",
            "yes_price": 11,
            "no_price": 89,
            "taker_side": "no"
        },
        {
            "trade_id": "06406aca-04b0-496d-aae6-784200717f52",
            "ticker": "HIGHMIA-24JAN14-B69.5",
            "count": 47,
            "created_time": "2024-01-13T20:14:02.871824Z",
            "yes_price": 15,
            "no_price": 85,
            "taker_side": "no"
        },
        {
            "trade_id": "dff81394-0172-4785-aebe-f2a91d6761c7",
            "ticker": "HIGHMIA-24JAN14-B69.5",
            "count": 107,
            "created_time": "2024-01-13T20:13:00.632156Z",
            "yes_price": 15,
            "no_price": 85,
            "taker_side": "no"
        },
        {
            "trade_id": "2f066c10-83d4-4eb2-8492-66e1924b9ae5",
            "ticker": "HIGHMIA-24JAN14-B69.5",
            "count": 119,
            "created_time": "2024-01-13T20:11:13.709075Z",
            "yes_price": 15,
            "no_price": 85,
            "taker_side": "no"
        },
        {
            "trade_id": "1398a012-08c7-4229-a98f-ac7ec3a8ac1b",
            "ticker": "HIGHMIA-24JAN14-B69.5",
            "count": 23,
            "created_time": "2024-01-13T20:11:13.709075Z",
            "yes_price": 17,
            "no_price": 83,
            "taker_side": "no"
        },
        {
            "trade_id": "8ee516dc-aae8-4a38-ac19-2d171446ea19",
            "ticker": "HIGHMIA-24JAN14-B69.5",
            "count": 23,
            "created_time": "2024-01-13T20:03:07.292913Z",
            "yes_price": 17,
            "no_price": 83,
            "taker_side": "no"
        },
        {
            "trade_id": "1efd8bf9-4c1b-4a54-9b96-99c0b3168cbb",
            "ticker": "HIGHMIA-24JAN14-B69.5",
            "count": 59,
            "created_time": "2024-01-13T19:59:55.165988Z",
            "yes_price": 18,
            "no_price": 82,
            "taker_side": "no"
        },
        {
            "trade_id": "dda5c662-47fc-4a21-9331-da7ce36f965c",
            "ticker": "HIGHMIA-24JAN14-B69.5",
            "count": 84,
            "created_time": "2024-01-13T19:59:04.836498Z",
            "yes_price": 18,
            "no_price": 82,
            "taker_side": "no"
        },
        {
            "trade_id": "91eb69dc-7603-425a-a6a6-79bf814139f9",
            "ticker": "HIGHMIA-24JAN14-B69.5",
            "count": 119,
            "created_time": "2024-01-13T19:59:04.836498Z",
            "yes_price": 19,
            "no_price": 81,
            "taker_side": "no"
        },
        {
            "trade_id": "4cff614f-3ffb-4e7b-8220-adc9d426077e",
            "ticker": "HIGHMIA-24JAN14-B69.5",
            "count": 35,
            "created_time": "2024-01-13T19:59:04.836498Z",
            "yes_price": 21,
            "no_price": 79,
            "taker_side": "no"
        },
        {
            "trade_id": "e6436220-94ba-4cbc-9ee2-caeafbacfc79",
            "ticker": "HIGHMIA-24JAN14-B69.5",
            "count": 35,
            "created_time": "2024-01-13T19:56:51.026329Z",
            "yes_price": 23,
            "no_price": 77,
            "taker_side": "no"
        },
        {
            "trade_id": "ad38304a-7db2-4247-b474-899c25f45f65",
            "ticker": "HIGHMIA-24JAN14-B69.5",
            "count": 119,
            "created_time": "2024-01-13T19:56:51.026329Z",
            "yes_price": 20,
            "no_price": 80,
            "taker_side": "no"
        },
        {
            "trade_id": "4bebc913-632a-4172-b6a1-751151616b89",
            "ticker": "HIGHMIA-24JAN14-B69.5",
            "count": 119,
            "created_time": "2024-01-13T19:56:51.026329Z",
            "yes_price": 21,
            "no_price": 79,
            "taker_side": "no"
        },
        {
            "trade_id": "5c67e256-94f3-4ab6-863d-122cefefd3f1",
            "ticker": "HIGHMIA-24JAN14-B69.5",
            "count": 1,
            "created_time": "2024-01-13T15:34:32.495583Z",
            "yes_price": 12,
            "no_price": 88,
            "taker_side": "no"
        },
        {
            "trade_id": "89eb956d-b282-4703-9cee-a775ab0dc69b",
            "ticker": "HIGHMIA-24JAN14-B69.5",
            "count": 4,
            "created_time": "2024-01-13T15:32:02.261145Z",
            "yes_price": 16,
            "no_price": 84,
            "taker_side": "no"
        }
    ],
    "HIGHMIA-24JAN14-B71.5": [
        {
            "trade_id": "e61fc4df-baaf-44bf-a23d-6d7fce9de6e0",
            "ticker": "HIGHMIA-24JAN14-B71.5",
            "count": 1039,
            "created_time": "2024-01-14T19:30:26.810621Z",
            "yes_price": 1,
            "no_price": 99,
            "taker_side": "yes"
        },
        {
            "trade_id": "ef4dae2f-0aae-41e0-a198-385449d65aa4",
            "ticker": "HIGHMIA-24JAN14-B71.5",
            "count": 18,
            "created_time": "2024-01-14T14:02:34.426804Z",
            "yes_price": 16,
            "no_price": 84,
            "taker_side": "yes"
        },
        {
            "trade_id": "99471698-4a99-4c82-aa02-edfc0c018c61",
            "ticker": "HIGHMIA-24JAN14-B71.5",
            "count": 1,
            "created_time": "2024-01-14T14:02:34.426804Z",
            "yes_price": 16,
            "no_price": 84,
            "taker_side": "yes"
        },
        {
            "trade_id": "54d7bff5-bf21-451f-a4eb-050c016f563f",
            "ticker": "HIGHMIA-24JAN14-B71.5",
            "count": 35,
            "created_time": "2024-01-14T14:02:34.426804Z",
            "yes_price": 18,
            "no_price": 82,
            "taker_side": "yes"
        },
        {
            "trade_id": "8586cd58-6677-4475-bc92-b8566c13a3e0",
            "ticker": "HIGHMIA-24JAN14-B71.5",
            "count": 58,
            "created_time": "2024-01-14T13:43:14.944914Z",
            "yes_price": 16,
            "no_price": 84,
            "taker_side": "yes"
        },
        {
            "trade_id": "7be7d953-7235-4d1a-b175-3240b8bde652",
            "ticker": "HIGHMIA-24JAN14-B71.5",
            "count": 23,
            "created_time": "2024-01-14T13:43:14.944914Z",
            "yes_price": 14,
            "no_price": 86,
            "taker_side": "yes"
        },
        {
            "trade_id": "ff045fe1-8f3c-4d8a-8635-9353e3d83ff5",
            "ticker": "HIGHMIA-24JAN14-B71.5",
            "count": 11,
            "created_time": "2024-01-13T23:31:52.762958Z",
            "yes_price": 27,
            "no_price": 73,
            "taker_side": "no"
        },
        {
            "trade_id": "92774420-b84c-4885-ad61-0746761ce4eb",
            "ticker": "HIGHMIA-24JAN14-B71.5",
            "count": 118,
            "created_time": "2024-01-13T20:13:41.855204Z",
            "yes_price": 26,
            "no_price": 74,
            "taker_side": "no"
        },
        {
            "trade_id": "2d33c197-0401-442f-bb0d-b4d5c7bd128b",
            "ticker": "HIGHMIA-24JAN14-B71.5",
            "count": 47,
            "created_time": "2024-01-13T20:13:41.855204Z",
            "yes_price": 28,
            "no_price": 72,
            "taker_side": "no"
        },
        {
            "trade_id": "6e1a324b-91ea-4a19-af9e-3473eb92a009",
            "ticker": "HIGHMIA-24JAN14-B71.5",
            "count": 35,
            "created_time": "2024-01-13T20:11:36.432135Z",
            "yes_price": 34,
            "no_price": 66,
            "taker_side": "no"
        },
        {
            "trade_id": "3b859897-7e5c-4806-b1b5-82d7469e7d6b",
            "ticker": "HIGHMIA-24JAN14-B71.5",
            "count": 117,
            "created_time": "2024-01-13T20:11:36.432135Z",
            "yes_price": 30,
            "no_price": 70,
            "taker_side": "no"
        },
        {
            "trade_id": "135f5cd8-28f2-41c5-8c82-02b642556daa",
            "ticker": "HIGHMIA-24JAN14-B71.5",
            "count": 118,
            "created_time": "2024-01-13T20:11:36.432135Z",
            "yes_price": 32,
            "no_price": 68,
            "taker_side": "no"
        },
        {
            "trade_id": "379c6f89-d385-415c-82ce-53a07fd406eb",
            "ticker": "HIGHMIA-24JAN14-B71.5",
            "count": 37,
            "created_time": "2024-01-13T20:03:34.210826Z",
            "yes_price": 33,
            "no_price": 67,
            "taker_side": "no"
        },
        {
            "trade_id": "4b7df5b8-c738-4f43-a912-bff50894ff3c",
            "ticker": "HIGHMIA-24JAN14-B71.5",
            "count": 11,
            "created_time": "2024-01-13T20:00:56.31415Z",
            "yes_price": 35,
            "no_price": 65,
            "taker_side": "no"
        },
        {
            "trade_id": "f73bafeb-f8db-4e42-a723-e73292b3411d",
            "ticker": "HIGHMIA-24JAN14-B71.5",
            "count": 23,
            "created_time": "2024-01-13T19:59:36.135519Z",
            "yes_price": 35,
            "no_price": 65,
            "taker_side": "no"
        },
        {
            "trade_id": "cdae2dc1-3320-4e04-98ae-15c3294f9a29",
            "ticker": "HIGHMIA-24JAN14-B71.5",
            "count": 119,
            "created_time": "2024-01-13T19:58:20.820181Z",
            "yes_price": 36,
            "no_price": 64,
            "taker_side": "no"
        },
        {
            "trade_id": "6b98c2e3-e84a-4a1d-aab7-28aa258240e4",
            "ticker": "HIGHMIA-24JAN14-B71.5",
            "count": 119,
            "created_time": "2024-01-13T19:58:20.820181Z",
            "yes_price": 34,
            "no_price": 66,
            "taker_side": "no"
        },
        {
            "trade_id": "5a230ffc-ff86-4e73-a9d2-270e2b4803f9",
            "ticker": "HIGHMIA-24JAN14-B71.5",
            "count": 11,
            "created_time": "2024-01-13T19:58:20.820181Z",
            "yes_price": 38,
            "no_price": 62,
            "taker_side": "no"
        },
        {
            "trade_id": "b56543b7-c0d3-413a-a451-6bdf79eaace2",
            "ticker": "HIGHMIA-24JAN14-B71.5",
            "count": 35,
            "created_time": "2024-01-13T19:56:24.544365Z",
            "yes_price": 36,
            "no_price": 64,
            "taker_side": "no"
        },
        {
            "trade_id": "3b5ce5c2-f100-41e4-8231-759190acc149",
            "ticker": "HIGHMIA-24JAN14-B71.5",
            "count": 119,
            "created_time": "2024-01-13T19:56:24.544365Z",
            "yes_price": 32,
            "no_price": 68,
            "taker_side": "no"
        },
        {
            "trade_id": "37e1ee5d-b84c-49d0-a102-ae55659d90fc",
            "ticker": "HIGHMIA-24JAN14-B71.5",
            "count": 119,
            "created_time": "2024-01-13T19:56:24.544365Z",
            "yes_price": 34,
            "no_price": 66,
            "taker_side": "no"
        },
        {
            "trade_id": "1fa5747a-d41d-4c2c-a5f0-60bc459479b9",
            "ticker": "HIGHMIA-24JAN14-B71.5",
            "count": 1,
            "created_time": "2024-01-13T15:34:06.192555Z",
            "yes_price": 34,
            "no_price": 66,
            "taker_side": "no"
        },
        {
            "trade_id": "808e32d1-4fd2-41c7-9217-5d8b288fcdf3",
            "ticker": "HIGHMIA-24JAN14-B71.5",
            "count": 4,
            "created_time": "2024-01-13T15:32:02.496422Z",
            "yes_price": 35,
            "no_price": 65,
            "taker_side": "no"
        }
    ],
    "HIGHMIA-24JAN14-B73.5": [
        {
            "trade_id": "d3044541-6e8a-4e36-ae11-8e9600965303",
            "ticker": "HIGHMIA-24JAN14-B73.5",
            "count": 1000,
            "created_time": "2024-01-14T15:54:24.719855Z",
            "yes_price": 3,
            "no_price": 97,
            "taker_side": "no"
        },
        {
            "trade_id": "0586cb08-6637-4693-8b3d-55f320cd8dfe",
            "ticker": "HIGHMIA-24JAN14-B73.5",
            "count": 200,
            "created_time": "2024-01-14T15:51:58.036316Z",
            "yes_price": 8,
            "no_price": 92,
            "taker_side": "no"
        },
        {
            "trade_id": "4551822a-bfe0-4286-88d3-cb996922abcb",
            "ticker": "HIGHMIA-24JAN14-B73.5",
            "count": 50,
            "created_time": "2024-01-14T15:49:44.948502Z",
            "yes_price": 50,
            "no_price": 50,
            "taker_side": "no"
        },
        {
            "trade_id": "99158be4-261d-48cb-ae9f-161c69e7ac76",
            "ticker": "HIGHMIA-24JAN14-B73.5",
            "count": 3,
            "created_time": "2024-01-14T15:22:10.42135Z",
            "yes_price": 73,
            "no_price": 27,
            "taker_side": "yes"
        },
        {
            "trade_id": "7ad4e030-4b85-4412-bc04-6304e545dbc6",
            "ticker": "HIGHMIA-24JAN14-B73.5",
            "count": 5,
            "created_time": "2024-01-14T15:22:10.42135Z",
            "yes_price": 66,
            "no_price": 34,
            "taker_side": "yes"
        },
        {
            "trade_id": "246a9b64-5389-40ca-ae4d-b3b352ebc8ee",
            "ticker": "HIGHMIA-24JAN14-B73.5",
            "count": 47,
            "created_time": "2024-01-13T23:21:44.220568Z",
            "yes_price": 38,
            "no_price": 62,
            "taker_side": "no"
        },
        {
            "trade_id": "0cd548a5-3727-4942-aef2-71633a739a00",
            "ticker": "HIGHMIA-24JAN14-B73.5",
            "count": 117,
            "created_time": "2024-01-13T23:21:44.220568Z",
            "yes_price": 36,
            "no_price": 64,
            "taker_side": "no"
        },
        {
            "trade_id": "a386f090-fd1e-41b1-a113-c7b6ee70fa24",
            "ticker": "HIGHMIA-24JAN14-B73.5",
            "count": 47,
            "created_time": "2024-01-13T23:20:50.457266Z",
            "yes_price": 41,
            "no_price": 59,
            "taker_side": "no"
        },
        {
            "trade_id": "11b966ee-7102-4407-ad13-ef95a379e757",
            "ticker": "HIGHMIA-24JAN14-B73.5",
            "count": 118,
            "created_time": "2024-01-13T23:20:50.457266Z",
            "yes_price": 39,
            "no_price": 61,
            "taker_side": "no"
        },
        {
            "trade_id": "d3018f41-d2b4-4c51-98bd-f58a98f34ef0",
            "ticker": "HIGHMIA-24JAN14-B73.5",
            "count": 11,
            "created_time": "2024-01-13T20:27:18.986355Z",
            "yes_price": 44,
            "no_price": 56,
            "taker_side": "yes"
        },
        {
            "trade_id": "5f28bc99-5d38-4b89-89ff-733777121732",
            "ticker": "HIGHMIA-24JAN14-B73.5",
            "count": 118,
            "created_time": "2024-01-13T20:27:18.986355Z",
            "yes_price": 47,
            "no_price": 53,
            "taker_side": "yes"
        },
        {
            "trade_id": "b1634d96-d836-47f6-91e6-30ebb92749db",
            "ticker": "HIGHMIA-24JAN14-B73.5",
            "count": 23,
            "created_time": "2024-01-13T20:14:32.786193Z",
            "yes_price": 43,
            "no_price": 57,
            "taker_side": "yes"
        },
        {
            "trade_id": "562022ab-26e6-43be-ad70-f02151613d6b",
            "ticker": "HIGHMIA-24JAN14-B73.5",
            "count": 118,
            "created_time": "2024-01-13T20:14:32.786193Z",
            "yes_price": 44,
            "no_price": 56,
            "taker_side": "yes"
        },
        {
            "trade_id": "8fb1f67d-94b4-4bdc-889c-f823ba06cd72",
            "ticker": "HIGHMIA-24JAN14-B73.5",
            "count": 116,
            "created_time": "2024-01-13T20:11:59.888281Z",
            "yes_price": 39,
            "no_price": 61,
            "taker_side": "yes"
        },
        {
            "trade_id": "582b6fcf-32f0-4da2-b83a-c8b2226a7a1e",
            "ticker": "HIGHMIA-24JAN14-B73.5",
            "count": 47,
            "created_time": "2024-01-13T20:11:59.888281Z",
            "yes_price": 37,
            "no_price": 63,
            "taker_side": "yes"
        },
        {
            "trade_id": "e3d9e1d9-0090-4cbc-8de7-1163168a5e9e",
            "ticker": "HIGHMIA-24JAN14-B73.5",
            "count": 47,
            "created_time": "2024-01-13T20:02:41.56559Z",
            "yes_price": 32,
            "no_price": 68,
            "taker_side": "yes"
        },
        {
            "trade_id": "35ea0afb-2324-47a2-940d-d6073c27d21b",
            "ticker": "HIGHMIA-24JAN14-B73.5",
            "count": 116,
            "created_time": "2024-01-13T20:02:41.56559Z",
            "yes_price": 34,
            "no_price": 66,
            "taker_side": "yes"
        },
        {
            "trade_id": "c8c5c6fc-c573-490d-8b97-40f96538cb5f",
            "ticker": "HIGHMIA-24JAN14-B73.5",
            "count": 119,
            "created_time": "2024-01-13T20:00:33.889213Z",
            "yes_price": 35,
            "no_price": 65,
            "taker_side": "yes"
        },
        {
            "trade_id": "b9ec658e-2167-4aaf-9296-5a33d295da2b",
            "ticker": "HIGHMIA-24JAN14-B73.5",
            "count": 119,
            "created_time": "2024-01-13T20:00:33.889213Z",
            "yes_price": 33,
            "no_price": 67,
            "taker_side": "yes"
        },
        {
            "trade_id": "07fd4546-7ab0-44d0-aeec-bc26c6004ce4",
            "ticker": "HIGHMIA-24JAN14-B73.5",
            "count": 11,
            "created_time": "2024-01-13T20:00:33.889213Z",
            "yes_price": 31,
            "no_price": 69,
            "taker_side": "yes"
        },
        {
            "trade_id": "85f4f513-e7a9-401a-b309-d50971ee3fb7",
            "ticker": "HIGHMIA-24JAN14-B73.5",
            "count": 5,
            "created_time": "2024-01-13T19:55:52.242433Z",
            "yes_price": 29,
            "no_price": 71,
            "taker_side": "yes"
        },
        {
            "trade_id": "7c32a829-1f06-4709-a373-db99556e6de3",
            "ticker": "HIGHMIA-24JAN14-B73.5",
            "count": 47,
            "created_time": "2024-01-13T19:55:52.242433Z",
            "yes_price": 27,
            "no_price": 73,
            "taker_side": "yes"
        },
        {
            "trade_id": "d4c11d00-5b3f-4b18-8b96-27ce84cd8597",
            "ticker": "HIGHMIA-24JAN14-B73.5",
            "count": 118,
            "created_time": "2024-01-13T19:55:26.899403Z",
            "yes_price": 27,
            "no_price": 73,
            "taker_side": "yes"
        },
        {
            "trade_id": "6cc640f2-7399-4ba0-a01f-601df455be96",
            "ticker": "HIGHMIA-24JAN14-B73.5",
            "count": 23,
            "created_time": "2024-01-13T19:55:26.899403Z",
            "yes_price": 23,
            "no_price": 77,
            "taker_side": "yes"
        },
        {
            "trade_id": "2756870a-c09e-42bb-a424-33deae97fa6c",
            "ticker": "HIGHMIA-24JAN14-B73.5",
            "count": 119,
            "created_time": "2024-01-13T19:55:26.899403Z",
            "yes_price": 25,
            "no_price": 75,
            "taker_side": "yes"
        },
        {
            "trade_id": "e1a6de41-a559-4de8-9ab8-54bc937a892f",
            "ticker": "HIGHMIA-24JAN14-B73.5",
            "count": 120,
            "created_time": "2024-01-13T19:39:51.015288Z",
            "yes_price": 23,
            "no_price": 77,
            "taker_side": "no"
        },
        {
            "trade_id": "d1b7f652-0e3d-4f58-8ac8-4956a229e4e5",
            "ticker": "HIGHMIA-24JAN14-B73.5",
            "count": 120,
            "created_time": "2024-01-13T19:39:51.015288Z",
            "yes_price": 21,
            "no_price": 79,
            "taker_side": "no"
        },
        {
            "trade_id": "ae3a8f89-d3af-49ae-a449-de54b2424152",
            "ticker": "HIGHMIA-24JAN14-B73.5",
            "count": 72,
            "created_time": "2024-01-13T19:39:51.015288Z",
            "yes_price": 25,
            "no_price": 75,
            "taker_side": "no"
        }
    ],
    "HIGHMIA-24JAN14-B75.5": [
        {
            "trade_id": "8aeb509a-1413-4f50-8ae6-756c018197c2",
            "ticker": "HIGHMIA-24JAN14-B75.5",
            "count": 13,
            "created_time": "2024-01-15T02:51:19.449757Z",
            "yes_price": 99,
            "no_price": 1,
            "taker_side": "yes"
        },
        {
            "trade_id": "76a08bf3-f18e-4afe-b7d5-253c0c37b6fa",
            "ticker": "HIGHMIA-24JAN14-B75.5",
            "count": 100,
            "created_time": "2024-01-15T02:51:19.449757Z",
            "yes_price": 99,
            "no_price": 1,
            "taker_side": "yes"
        },
        {
            "trade_id": "587caf0b-54cb-4ae4-bc39-4cfc170ec247",
            "ticker": "HIGHMIA-24JAN14-B75.5",
            "count": 1,
            "created_time": "2024-01-15T02:51:19.449757Z",
            "yes_price": 99,
            "no_price": 1,
            "taker_side": "yes"
        },
        {
            "trade_id": "adffd394-6a09-42ff-9e34-d3a08f102abe",
            "ticker": "HIGHMIA-24JAN14-B75.5",
            "count": 4,
            "created_time": "2024-01-14T15:39:50.414293Z",
            "yes_price": 24,
            "no_price": 76,
            "taker_side": "yes"
        },
        {
            "trade_id": "40f0582b-aebb-4bd4-8936-3268a20cd2f5",
            "ticker": "HIGHMIA-24JAN14-B75.5",
            "count": 1,
            "created_time": "2024-01-14T13:24:30.395124Z",
            "yes_price": 13,
            "no_price": 87,
            "taker_side": "yes"
        },
        {
            "trade_id": "1c42f612-7575-447d-9517-82e0b2c5f040",
            "ticker": "HIGHMIA-24JAN14-B75.5",
            "count": 88,
            "created_time": "2024-01-14T13:03:24.289854Z",
            "yes_price": 11,
            "no_price": 89,
            "taker_side": "no"
        },
        {
            "trade_id": "7df9da3d-9925-4e2a-b87a-03be9e3751b0",
            "ticker": "HIGHMIA-24JAN14-B75.5",
            "count": 1,
            "created_time": "2024-01-13T18:52:05.676813Z",
            "yes_price": 24,
            "no_price": 76,
            "taker_side": "yes"
        }
    ],
    "HIGHMIA-24JAN14-T76": [
        {
            "trade_id": "50360892-83fc-4f2c-af53-8d5263b4af07",
            "ticker": "HIGHMIA-24JAN14-T76",
            "count": 11,
            "created_time": "2024-01-15T02:51:27.0863Z",
            "yes_price": 1,
            "no_price": 99,
            "taker_side": "no"
        },
        {
            "trade_id": "9ab5a769-8f50-4358-bfc2-d1aef290004e",
            "ticker": "HIGHMIA-24JAN14-T76",
            "count": 11,
            "created_time": "2024-01-14T16:40:18.727488Z",
            "yes_price": 15,
            "no_price": 85,
            "taker_side": "no"
        },
        {
            "trade_id": "87235386-12fa-4d0e-9be8-a5b105ad5829",
            "ticker": "HIGHMIA-24JAN14-T76",
            "count": 1,
            "created_time": "2024-01-14T15:55:54.060324Z",
            "yes_price": 13,
            "no_price": 87,
            "taker_side": "yes"
        },
        {
            "trade_id": "6264084b-71f5-44dc-8c7c-5b967250d4d8",
            "ticker": "HIGHMIA-24JAN14-T76",
            "count": 5,
            "created_time": "2024-01-14T15:55:54.060324Z",
            "yes_price": 13,
            "no_price": 87,
            "taker_side": "yes"
        }
    ]
}