{
    "HIGHMIA-24JUL27-T87": [
        {
            "trade_id": "124af965-de2c-4a09-b4d8-426c837f3018",
            "ticker": "HIGHMIA-24JUL27-T87",
            "count": 187,
            "created_time": "2024-07-27T20:24:49.188004Z",
            "yes_price": 1,
            "no_price": 99,
            "taker_side": "yes"
        },
        {
            "trade_id": "e458f77e-1def-498b-9dc6-f9aeca1eb4c4",
            "ticker": "HIGHMIA-24JUL27-T87",
            "count": 35,
            "created_time": "2024-07-27T03:20:32.497628Z",
            "yes_price": 1,
            "no_price": 99,
            "taker_side": "no"
        },
        {
            "trade_id": "f7aeaf51-fbeb-4734-afa7-c149528e133e",
            "ticker": "HIGHMIA-24JUL27-T87",
            "count": 5,
            "created_time": "2024-07-27T03:20:29.921285Z",
            "yes_price": 1,
            "no_price": 99,
            "taker_side": "no"
        },
        {
            "trade_id": "2d1a8f14-64ef-479d-a55d-e7d5cb336861",
            "ticker": "HIGHMIA-24JUL27-T87",
            "count": 10,
            "created_time": "2024-07-27T03:20:19.900632Z",
            "yes_price": 1,
            "no_price": 99,
            "taker_side": "no"
        }
    ],
    "HIGHMIA-24JUL27-B87.5": [
        {
            "trade_id": "a6a843da-e3d6-4fa5-9314-9da41bc97e66",
            "ticker": "HIGHMIA-24JUL27-B87.5",
            "count": 187,
            "created_time": "2024-07-27T20:24:40.136601Z",
            "yes_price": 1,
            "no_price": 99,
            "taker_side": "yes"
        },
        {
            "trade_id": "c2b4c7cc-e1ae-4916-a143-0b76af1c483b",
            "ticker": "HIGHMIA-24JUL27-B87.5",
            "count": 35,
            "created_time": "2024-07-27T03:20:32.492624Z",
            "yes_price": 1,
            "no_price": 99,
            "taker_side": "no"
        },
        {
            "trade_id": "030279f7-6227-422b-82e4-afdac1af4bcd",
            "ticker": "HIGHMIA-24JUL27-B87.5",
            "count": 5,
            "created_time": "2024-07-27T03:20:29.902982Z",
            "yes_price": 1,
            "no_price": 99,
            "taker_side": "no"
        },
        {
            "trade_id": "370bd86a-663e-4d2d-bbab-53675d755590",
            "ticker": "HIGHMIA-24JUL27-B87.5",
            "count": 10,
            "created_time": "2024-07-27T03:20:19.907443Z",
            "yes_price": 1,
            "no_price": 99,
            "taker_side": "no"
        }
    ],
    "HIGHMIA-24JUL27-B89.5": [
        {
            "trade_id": "c68fed57-5f2d-4779-9f29-a13ff5a00500",
            "ticker": "HIGHMIA-24JUL27-B89.5",
            "count": 23,
            "created_time": "2024-07-27T22:39:52.720439Z",
            "yes_price": 1,
            "no_price": 99,
            "taker_side": "yes"
        },
        {
            "trade_id": "38f1bb4b-77e2-4250-8395-eecaa82f80b8",
            "ticker": "HIGHMIA-24JUL27-B89.5",
            "count": 467,
            "created_time": "2024-07-27T20:24:11.195652Z",
            "yes_price": 1,
            "no_price": 99,
            "taker_side": "yes"
        },
        {
            "trade_id": "4601b13e-daa1-48da-bcae-ff63a1466753",
            "ticker": "HIGHMIA-24JUL27-B89.5",
            "count": 5,
            "created_time": "2024-07-27T15:06:02.868817Z",
            "yes_price": 11,
            "no_price": 89,
            "taker_side": "yes"
        },
        {
            "trade_id": "7e353b39-87ef-48aa-ae5e-cfba12bed9aa",
            "ticker": "HIGHMIA-24JUL27-B89.5",
            "count": 170,
            "created_time": "2024-07-27T12:38:19.072734Z",
            "yes_price": 1,
            "no_price": 99,
            "taker_side": "yes"
        },
        {
            "trade_id": "1e67c4be-8b09-4310-a6f9-b67fd15e6e7d",
            "ticker": "HIGHMIA-24JUL27-B89.5",
            "count": 5,
            "created_time": "2024-07-27T12:00:08.646741Z",
            "yes_price": 1,
            "no_price": 99,
            "taker_side": "no"
        },
        {
            "trade_id": "d2456d5c-c1fd-49bd-9ab0-afd4afebdbcc",
            "ticker": "HIGHMIA-24JUL27-B89.5",
            "count": 47,
            "created_time": "2024-07-27T03:26:15.917514Z",
            "yes_price": 10,
            "no_price": 90,
            "taker_side": "yes"
        },
        {
            "trade_id": "a6e0824f-934c-400e-8d15-50c44bc503c9",
            "ticker": "HIGHMIA-24JUL27-B89.5",
            "count": 35,
            "created_time": "2024-07-27T03:20:32.488791Z",
            "yes_price": 1,
            "no_price": 99,
            "taker_side": "no"
        },
        {
            "trade_id": "787af99b-4e88-476d-a309-2b207f840be7",
            "ticker": "HIGHMIA-24JUL27-B89.5",
            "count": 5,
            "created_time": "2024-07-27T03:20:29.8502Z",
            "yes_price": 10,
            "no_price": 90,
            "taker_side": "yes"
        },
        {
            "trade_id": "0e1f967c-d81a-44ec-9da6-e3b63faf3b15",
            "ticker": "HIGHMIA-24JUL27-B89.5",
            "count": 10,
            "created_time": "2024-07-27T03:20:19.909754Z",
            "yes_price": 1,
            "no_price": 99,
            "taker_side": "no"
        },
        {
            "trade_id": "bd393e92-c284-4e41-a602-fb756d6a7a44",
            "ticker": "HIGHMIA-24JUL27-B89.5",
            "count": 10,
            "created_time": "2024-07-27T03:16:39.646779Z",
            "yes_price": 11,
            "no_price": 89,
            "taker_side": "yes"
        }
    ],
    "HIGHMIA-24JUL27-B91.5": [
        {
            "trade_id": "b07df357-1c67-47fc-9e3a-d6233069f7d5",
            "ticker": "HIGHMIA-24JUL27-B91.5",
            "count": 23,
            "created_time": "2024-07-27T22:39:38.115643Z",
            "yes_price": 1,
            "no_price": 99,
            "taker_side": "yes"
        },
        {
            "trade_id": "de315ca4-a1b6-4504-ab05-e6ac646ac1eb",
            "ticker": "HIGHMIA-24JUL27-B91.5",
            "count": 1870,
            "created_time": "2024-07-27T20:48:25.493841Z",
            "yes_price": 1,
            "no_price": 99,
            "taker_side": "yes"
        },
        {
            "trade_id": "65aa36ac-3a1e-4de3-892a-ab2906df367d",
            "ticker": "HIGHMIA-24JUL27-B91.5",
            "count": 467,
            "created_time": "2024-07-27T20:24:26.513438Z",
            "yes_price": 1,
            "no_price": 99,
            "taker_side": "yes"
        },
        {
            "trade_id": "7224ac23-97fe-4e77-9fe0-fc77a8ecdb96",
            "ticker": "HIGHMIA-24JUL27-B91.5",
            "count": 550,
            "created_time": "2024-07-27T19:21:49.285396Z",
            "yes_price": 1,
            "no_price": 99,
            "taker_side": "yes"
        },
        {
            "trade_id": "19b8c331-3912-4c06-a425-29f7c7103233",
            "ticker": "HIGHMIA-24JUL27-B91.5",
            "count": 93,
            "created_time": "2024-07-27T18:59:23.315894Z",
            "yes_price": 1,
            "no_price": 99,
            "taker_side": "yes"
        },
        {
            "trade_id": "f6661962-55e0-44e9-80eb-594e59f32228",
            "ticker": "HIGHMIA-24JUL27-B91.5",
            "count": 50,
            "created_time": "2024-07-27T18:53:42.258444Z",
            "yes_price": 5,
            "no_price": 95,
            "taker_side": "no"
        },
        {
            "trade_id": "9b87ff4e-2890-499e-8f36-38a9ecbefa02",
            "ticker": "HIGHMIA-24JUL27-B91.5",
            "count": 50,
            "created_time": "2024-07-27T18:53:42.258444Z",
            "yes_price": 2,
            "no_price": 98,
            "taker_side": "no"
        },
        {
            "trade_id": "4bd5b1ff-4cf9-4f0c-a627-ad4956b02586",
            "ticker": "HIGHMIA-24JUL27-B91.5",
            "count": 191,
            "created_time": "2024-07-27T18:53:42.258444Z",
            "yes_price": 1,
            "no_price": 99,
            "taker_side": "no"
        },
        {
            "trade_id": "471aa4b0-dcb0-4a88-911e-b245dda47878",
            "ticker": "HIGHMIA-24JUL27-B91.5",
            "count": 50,
            "created_time": "2024-07-27T18:53:42.258444Z",
            "yes_price": 1,
            "no_price": 99,
            "taker_side": "no"
        },
        {
            "trade_id": "1f2e1a52-b323-40d6-b5f5-97020da5c664",
            "ticker": "HIGHMIA-24JUL27-B91.5",
            "count": 50,
            "created_time": "2024-07-27T18:53:42.258444Z",
            "yes_price": 6,
            "no_price": 94,
            "taker_side": "no"
        },
        {
            "trade_id": "fb575a97-7d11-439c-ab44-2098440e5f1d",
            "ticker": "HIGHMIA-24JUL27-B91.5",
            "count": 111,
            "created_time": "2024-07-27T16:14:36.041262Z",
            "yes_price": 79,
            "no_price": 21,
            "taker_side": "yes"
        },
        {
            "trade_id": "d5d22502-39c7-41b4-b31c-29ac4829ce84",
            "ticker": "HIGHMIA-24JUL27-B91.5",
            "count": 31,
            "created_time": "2024-07-27T16:14:36.041262Z",
            "yes_price": 98,
            "no_price": 2,
            "taker_side": "yes"
        },
        {
            "trade_id": "07280d6c-1209-4229-a3e3-d876bb4032ef",
            "ticker": "HIGHMIA-24JUL27-B91.5",
            "count": 62,
            "created_time": "2024-07-27T15:47:15.862627Z",
            "yes_price": 79,
            "no_price": 21,
            "taker_side": "yes"
        },
        {
            "trade_id": "c960b0d9-04c8-4479-9238-20dc5ea47882",
            "ticker": "HIGHMIA-24JUL27-B91.5",
            "count": 4,
            "created_time": "2024-07-27T15:25:52.727339Z",
            "yes_price": 69,
            "no_price": 31,
            "taker_side": "yes"
        },
        {
            "trade_id": "a9a89098-d474-4688-a1e2-1df688b7ca08",
            "ticker": "HIGHMIA-24JUL27-B91.5",
            "count": 2,
            "created_time": "2024-07-27T15:25:52.727339Z",
            "yes_price": 79,
            "no_price": 21,
            "taker_side": "yes"
        },
        {
            "trade_id": "9ff1a5ea-bb11-4539-8ae4-05f455ff0472",
            "ticker": "HIGHMIA-24JUL27-B91.5",
            "count": 5,
            "created_time": "2024-07-27T14:53:04.821887Z",
            "yes_price": 69,
            "no_price": 31,
            "taker_side": "yes"
        },
        {
            "trade_id": "b320b13b-4d2a-48b4-a6ab-bc85220f2259",
            "ticker": "HIGHMIA-24JUL27-B91.5",
            "count": 7,
            "created_time": "2024-07-27T14:17:33.862793Z",
            "yes_price": 69,
            "no_price": 31,
            "taker_side": "yes"
        },
        {
            "trade_id": "479c39d9-c49c-46ef-ac76-2b0a281a6bdc",
            "ticker": "HIGHMIA-24JUL27-B91.5",
            "count": 1,
            "created_time": "2024-07-27T13:26:09.227346Z",
            "yes_price": 69,
            "no_price": 31,
            "taker_side": "yes"
        },
        {
            "trade_id": "bc924a1c-1e3e-445e-a76c-1198cc191336",
            "ticker": "HIGHMIA-24JUL27-B91.5",
            "count": 15,
            "created_time": "2024-07-27T13:03:25.970967Z",
            "yes_price": 66,
            "no_price": 34,
            "taker_side": "yes"
        },
        {
            "trade_id": "52005c75-710a-4d6b-8884-11f2254f3d31",
            "ticker": "HIGHMIA-24JUL27-B91.5",
            "count": 56,
            "created_time": "2024-07-27T12:34:25.969287Z",
            "yes_price": 69,
            "no_price": 31,
            "taker_side": "yes"
        },
        {
            "trade_id": "8dfa9ff9-47cc-482e-8a6d-24b0a80dae51",
            "ticker": "HIGHMIA-24JUL27-B91.5",
            "count": 36,
            "created_time": "2024-07-27T12:33:44.491605Z",
            "yes_price": 63,
            "no_price": 37,
            "taker_side": "no"
        },
        {
            "trade_id": "51f4f31a-3ea4-40c6-b7ec-8dd233e47a6f",
            "ticker": "HIGHMIA-24JUL27-B91.5",
            "count": 180,
            "created_time": "2024-07-27T12:33:44.491605Z",
            "yes_price": 61,
            "no_price": 39,
            "taker_side": "no"
        },
        {
            "trade_id": "63f5f8aa-04ed-4515-afae-7ed805942b1b",
            "ticker": "HIGHMIA-24JUL27-B91.5",
            "count": 54,
            "created_time": "2024-07-27T12:00:28.853047Z",
            "yes_price": 69,
            "no_price": 31,
            "taker_side": "yes"
        },
        {
            "trade_id": "a21cc630-5fc3-4d1d-aec0-877577f2a9ee",
            "ticker": "HIGHMIA-24JUL27-B91.5",
            "count": 18,
            "created_time": "2024-07-27T12:00:08.593482Z",
            "yes_price": 69,
            "no_price": 31,
            "taker_side": "yes"
        },
        {
            "trade_id": "c5ac0c84-8af8-4f10-9284-e80ad9ded246",
            "ticker": "HIGHMIA-24JUL27-B91.5",
            "count": 5,
            "created_time": "2024-07-27T12:00:08.561356Z",
            "yes_price": 69,
            "no_price": 31,
            "taker_side": "yes"
        },
        {
            "trade_id": "89ac1058-d0f7-4a8f-b38d-98b638e993fa",
            "ticker": "HIGHMIA-24JUL27-B91.5",
            "count": 175,
            "created_time": "2024-07-27T12:00:08.561356Z",
            "yes_price": 68,
            "no_price": 32,
            "taker_side": "yes"
        },
        {
            "trade_id": "c375217b-e737-4c22-8204-8c6542d489c0",
            "ticker": "HIGHMIA-24JUL27-B91.5",
            "count": 27,
            "created_time": "2024-07-27T03:45:57.552097Z",
            "yes_price": 50,
            "no_price": 50,
            "taker_side": "yes"
        },
        {
            "trade_id": "cf112537-e722-4e5a-91c6-a3769088cb74",
            "ticker": "HIGHMIA-24JUL27-B91.5",
            "count": 18,
            "created_time": "2024-07-27T03:45:36.805394Z",
            "yes_price": 49,
            "no_price": 51,
            "taker_side": "yes"
        },
        {
            "trade_id": "d6f25c8e-313f-44a9-a35c-032e7ea9c2d3",
            "ticker": "HIGHMIA-24JUL27-B91.5",
            "count": 55,
            "created_time": "2024-07-27T03:39:04.840785Z",
            "yes_price": 61,
            "no_price": 39,
            "taker_side": "yes"
        },
        {
            "trade_id": "41bf448f-e4e7-4011-9a49-6df122e11a05",
            "ticker": "HIGHMIA-24JUL27-B91.5",
            "count": 47,
            "created_time": "2024-07-27T03:26:15.980074Z",
            "yes_price": 60,
            "no_price": 40,
            "taker_side": "no"
        },
        {
            "trade_id": "b9247d48-f55a-4472-b74e-4c7f3e99d10a",
            "ticker": "HIGHMIA-24JUL27-B91.5",
            "count": 5,
            "created_time": "2024-07-27T03:20:42.315631Z",
            "yes_price": 64,
            "no_price": 36,
            "taker_side": "yes"
        },
        {
            "trade_id": "c777cf4e-027a-444a-a865-355a000db211",
            "ticker": "HIGHMIA-24JUL27-B91.5",
            "count": 54,
            "created_time": "2024-07-27T03:20:32.413767Z",
            "yes_price": 63,
            "no_price": 37,
            "taker_side": "yes"
        },
        {
            "trade_id": "59b06f2c-861f-4911-a0ac-7ac77d7acf14",
            "ticker": "HIGHMIA-24JUL27-B91.5",
            "count": 15,
            "created_time": "2024-07-27T03:20:32.413767Z",
            "yes_price": 66,
            "no_price": 34,
            "taker_side": "yes"
        },
        {
            "trade_id": "3cc19678-a5c9-4631-b296-8d048a530f10",
            "ticker": "HIGHMIA-24JUL27-B91.5",
            "count": 35,
            "created_time": "2024-07-27T03:20:32.413767Z",
            "yes_price": 62,
            "no_price": 38,
            "taker_side": "yes"
        },
        {
            "trade_id": "e84d21c6-8487-4b7e-8536-fb2eb449050c",
            "ticker": "HIGHMIA-24JUL27-B91.5",
            "count": 5,
            "created_time": "2024-07-27T03:20:29.911181Z",
            "yes_price": 55,
            "no_price": 45,
            "taker_side": "no"
        },
        {
            "trade_id": "d5c6eba1-0869-4c3f-b9a4-04d86352bb26",
            "ticker": "HIGHMIA-24JUL27-B91.5",
            "count": 10,
            "created_time": "2024-07-27T03:20:19.844073Z",
            "yes_price": 62,
            "no_price": 38,
            "taker_side": "yes"
        },
        {
            "trade_id": "c19987ae-23a6-4658-a57e-bf06200edb83",
            "ticker": "HIGHMIA-24JUL27-B91.5",
            "count": 90,
            "created_time": "2024-07-27T01:17:03.301869Z",
            "yes_price": 57,
            "no_price": 43,
            "taker_side": "yes"
        },
        {
            "trade_id": "d4a14c0e-ad33-4342-860f-ef1b5e9193f2",
            "ticker": "HIGHMIA-24JUL27-B91.5",
            "count": 72,
            "created_time": "2024-07-26T23:35:54.164637Z",
            "yes_price": 54,
            "no_price": 46,
            "taker_side": "yes"
        },
        {
            "trade_id": "c73e5968-c4a8-4d66-8b0a-adf604f4dd87",
            "ticker": "HIGHMIA-24JUL27-B91.5",
            "count": 30,
            "created_time": "2024-07-26T23:19:21.016379Z",
            "yes_price": 53,
            "no_price": 47,
            "taker_side": "yes"
        },
        {
            "trade_id": "94f5f6c6-4cc0-41dd-924d-edb878a5cda6",
            "ticker": "HIGHMIA-24JUL27-B91.5",
            "count": 21,
            "created_time": "2024-07-26T22:43:36.178101Z",
            "yes_price": 60,
            "no_price": 40,
            "taker_side": "yes"
        },
        {
            "trade_id": "7132498d-46da-4f14-ad72-7aeec76aac79",
            "ticker": "HIGHMIA-24JUL27-B91.5",
            "count": 90,
            "created_time": "2024-07-26T22:43:18.899389Z",
            "yes_price": 60,
            "no_price": 40,
            "taker_side": "yes"
        },
        {
            "trade_id": "80cd9c9a-e1c7-4e47-bbc9-632a9bf01e00",
            "ticker": "HIGHMIA-24JUL27-B91.5",
            "count": 90,
            "created_time": "2024-07-26T22:43:04.79008Z",
            "yes_price": 60,
            "no_price": 40,
            "taker_side": "yes"
        },
        {
            "trade_id": "61dca068-6bf2-4ae3-baf4-ea600ea59c70",
            "ticker": "HIGHMIA-24JUL27-B91.5",
            "count": 90,
            "created_time": "2024-07-26T22:34:30.373445Z",
            "yes_price": 60,
            "no_price": 40,
            "taker_side": "yes"
        },
        {
            "trade_id": "c697a4ba-b4a7-414f-82cc-a40050270c5e",
            "ticker": "HIGHMIA-24JUL27-B91.5",
            "count": 90,
            "created_time": "2024-07-26T19:34:57.092533Z",
            "yes_price": 54,
            "no_price": 46,
            "taker_side": "yes"
        },
        {
            "trade_id": "0f995f3f-a5f4-4feb-942e-33cd347f4245",
            "ticker": "HIGHMIA-24JUL27-B91.5",
            "count": 72,
            "created_time": "2024-07-26T19:34:36.491924Z",
            "yes_price": 53,
            "no_price": 47,
            "taker_side": "yes"
        },
        {
            "trade_id": "f1ad47d3-33ba-4aff-81c0-2ca3be90abc7",
            "ticker": "HIGHMIA-24JUL27-B91.5",
            "count": 90,
            "created_time": "2024-07-26T19:26:52.657218Z",
            "yes_price": 57,
            "no_price": 43,
            "taker_side": "yes"
        },
        {
            "trade_id": "bd8e2730-8a99-4fe9-b452-a709ec6836f1",
            "ticker": "HIGHMIA-24JUL27-B91.5",
            "count": 125,
            "created_time": "2024-07-26T19:20:26.758219Z",
            "yes_price": 59,
            "no_price": 41,
            "taker_side": "yes"
        },
        {
            "trade_id": "8ad35322-d556-44cd-bd3d-0eefac200ec3",
            "ticker": "HIGHMIA-24JUL27-B91.5",
            "count": 54,
            "created_time": "2024-07-26T19:20:26.758219Z",
            "yes_price": 57,
            "no_price": 43,
            "taker_side": "yes"
        },
        {
            "trade_id": "0b63ef07-d01c-4056-96e7-7a7af7068bad",
            "ticker": "HIGHMIA-24JUL27-B91.5",
            "count": 180,
            "created_time": "2024-07-26T19:20:26.758219Z",
            "yes_price": 59,
            "no_price": 41,
            "taker_side": "yes"
        },
        {
            "trade_id": "ee1810a9-975d-4daa-abae-3aa0e19b29fe",
            "ticker": "HIGHMIA-24JUL27-B91.5",
            "count": 72,
            "created_time": "2024-07-26T17:54:05.873853Z",
            "yes_price": 48,
            "no_price": 52,
            "taker_side": "yes"
        },
        {
            "trade_id": "c27c7aef-10da-4ae6-9e43-a679ff94ece6",
            "ticker": "HIGHMIA-24JUL27-B91.5",
            "count": 180,
            "created_time": "2024-07-26T17:54:05.873853Z",
            "yes_price": 53,
            "no_price": 47,
            "taker_side": "yes"
        },
        {
            "trade_id": "6b7d03f0-aef9-44a8-a984-6bcc637457a5",
            "ticker": "HIGHMIA-24JUL27-B91.5",
            "count": 180,
            "created_time": "2024-07-26T17:54:05.873853Z",
            "yes_price": 50,
            "no_price": 50,
            "taker_side": "yes"
        },
        {
            "trade_id": "68a9316d-3f79-4bdd-9764-1e03247421e0",
            "ticker": "HIGHMIA-24JUL27-B91.5",
            "count": 47,
            "created_time": "2024-07-26T17:54:05.873853Z",
            "yes_price": 53,
            "no_price": 47,
            "taker_side": "yes"
        },
        {
            "trade_id": "a177e001-c1ec-4662-9b53-f5b6670d7d6b",
            "ticker": "HIGHMIA-24JUL27-B91.5",
            "count": 12,
            "created_time": "2024-07-26T14:34:07.672169Z",
            "yes_price": 31,
            "no_price": 69,
            "taker_side": "yes"
        },
        {
            "trade_id": "ac6a99d5-b0c0-43e8-8129-baad96607b02",
            "ticker": "HIGHMIA-24JUL27-B91.5",
            "count": 15,
            "created_time": "2024-07-26T14:33:37.765233Z",
            "yes_price": 50,
            "no_price": 50,
            "taker_side": "no"
        }
    ],
    "HIGHMIA-24JUL27-B93.5": [
        {
            "trade_id": "3b0aa96c-e911-4721-a51d-87c3a2c67c71",
            "ticker": "HIGHMIA-24JUL27-B93.5",
            "count": 85,
            "created_time": "2024-07-27T22:50:30.361863Z",
            "yes_price": 97,
            "no_price": 3,
            "taker_side": "no"
        },
        {
            "trade_id": "bcc65cba-0390-4b3c-9ff1-cc920b38b9a9",
            "ticker": "HIGHMIA-24JUL27-B93.5",
            "count": 8,
            "created_time": "2024-07-27T22:41:59.571437Z",
            "yes_price": 97,
            "no_price": 3,
            "taker_side": "no"
        },
        {
            "trade_id": "7ef560c3-8d01-46ad-9415-abc843e46862",
            "ticker": "HIGHMIA-24JUL27-B93.5",
            "count": 30,
            "created_time": "2024-07-27T21:27:12.973727Z",
            "yes_price": 99,
            "no_price": 1,
            "taker_side": "yes"
        },
        {
            "trade_id": "593c230a-73f6-4f56-bf88-d5ef18343646",
            "ticker": "HIGHMIA-24JUL27-B93.5",
            "count": 200,
            "created_time": "2024-07-27T21:27:12.973727Z",
            "yes_price": 99,
            "no_price": 1,
            "taker_side": "yes"
        },
        {
            "trade_id": "4079af7a-afb5-4d18-a901-b81deda0ca70",
            "ticker": "HIGHMIA-24JUL27-B93.5",
            "count": 13,
            "created_time": "2024-07-27T20:15:30.804381Z",
            "yes_price": 92,
            "no_price": 8,
            "taker_side": "no"
        },
        {
            "trade_id": "7e4b9cf2-790a-4d64-a5e3-9fd045127a7c",
            "ticker": "HIGHMIA-24JUL27-B93.5",
            "count": 10,
            "created_time": "2024-07-27T20:07:02.273974Z",
            "yes_price": 99,
            "no_price": 1,
            "taker_side": "yes"
        },
        {
            "trade_id": "5931c48b-ea41-4573-90c2-9efb9d289698",
            "ticker": "HIGHMIA-24JUL27-B93.5",
            "count": 10,
            "created_time": "2024-07-27T19:31:30.955705Z",
            "yes_price": 99,
            "no_price": 1,
            "taker_side": "yes"
        },
        {
            "trade_id": "4d721efc-b95d-4f8c-9bae-8d657061d0c0",
            "ticker": "HIGHMIA-24JUL27-B93.5",
            "count": 146,
            "created_time": "2024-07-27T19:00:23.585303Z",
            "yes_price": 93,
            "no_price": 7,
            "taker_side": "yes"
        },
        {
            "trade_id": "9da8c180-8c4d-4bca-92b1-0950198dd6f4",
            "ticker": "HIGHMIA-24JUL27-B93.5",
            "count": 500,
            "created_time": "2024-07-27T19:00:11.946869Z",
            "yes_price": 93,
            "no_price": 7,
            "taker_side": "yes"
        },
        {
            "trade_id": "6552ace5-a74d-4c0f-87ff-b3a7079ba289",
            "ticker": "HIGHMIA-24JUL27-B93.5",
            "count": 1,
            "created_time": "2024-07-27T18:54:09.418429Z",
            "yes_price": 53,
            "no_price": 47,
            "taker_side": "yes"
        },
        {
            "trade_id": "a1559d99-29de-4864-a58b-3e0477fbedcd",
            "ticker": "HIGHMIA-24JUL27-B93.5",
            "count": 37,
            "created_time": "2024-07-27T18:53:09.9245Z",
            "yes_price": 61,
            "no_price": 39,
            "taker_side": "yes"
        },
        {
            "trade_id": "991e5d2c-5818-4568-a1fe-ee05fc7b273f",
            "ticker": "HIGHMIA-24JUL27-B93.5",
            "count": 5,
            "created_time": "2024-07-27T18:53:09.9245Z",
            "yes_price": 55,
            "no_price": 45,
            "taker_side": "yes"
        },
        {
            "trade_id": "3f69b216-6254-43df-bb33-d95532b899b5",
            "ticker": "HIGHMIA-24JUL27-B93.5",
            "count": 10,
            "created_time": "2024-07-27T18:53:09.9245Z",
            "yes_price": 53,
            "no_price": 47,
            "taker_side": "yes"
        },
        {
            "trade_id": "14ea683e-9b50-44dd-91b6-e44b8903d3fc",
            "ticker": "HIGHMIA-24JUL27-B93.5",
            "count": 10,
            "created_time": "2024-07-27T18:53:09.9245Z",
            "yes_price": 62,
            "no_price": 38,
            "taker_side": "yes"
        },
        {
            "trade_id": "0ba0ba05-73e9-415d-80dc-8d06febf21cc",
            "ticker": "HIGHMIA-24JUL27-B93.5",
            "count": 1,
            "created_time": "2024-07-27T18:53:09.9245Z",
            "yes_price": 57,
            "no_price": 43,
            "taker_side": "yes"
        },
        {
            "trade_id": "ef358a26-3050-4dae-8a98-6c068e27e4d2",
            "ticker": "HIGHMIA-24JUL27-B93.5",
            "count": 97,
            "created_time": "2024-07-27T18:50:01.108665Z",
            "yes_price": 52,
            "no_price": 48,
            "taker_side": "yes"
        },
        {
            "trade_id": "c1fd8948-c69c-4c38-a969-a2169e7ec6d7",
            "ticker": "HIGHMIA-24JUL27-B93.5",
            "count": 48,
            "created_time": "2024-07-27T18:50:01.108665Z",
            "yes_price": 54,
            "no_price": 46,
            "taker_side": "yes"
        },
        {
            "trade_id": "8ae0ac74-d80f-4ffa-b630-8f14c66263f8",
            "ticker": "HIGHMIA-24JUL27-B93.5",
            "count": 325,
            "created_time": "2024-07-27T18:50:01.108665Z",
            "yes_price": 39,
            "no_price": 61,
            "taker_side": "yes"
        },
        {
            "trade_id": "75e59641-c698-4c14-921b-c167429c4807",
            "ticker": "HIGHMIA-24JUL27-B93.5",
            "count": 175,
            "created_time": "2024-07-27T18:50:01.108665Z",
            "yes_price": 49,
            "no_price": 51,
            "taker_side": "yes"
        },
        {
            "trade_id": "0deea67b-9c37-4d11-ad95-b830fb42eb0c",
            "ticker": "HIGHMIA-24JUL27-B93.5",
            "count": 11,
            "created_time": "2024-07-27T18:29:27.242176Z",
            "yes_price": 15,
            "no_price": 85,
            "taker_side": "no"
        },
        {
            "trade_id": "fabb6f9a-280b-4cc4-9b0c-bfcf01b00361",
            "ticker": "HIGHMIA-24JUL27-B93.5",
            "count": 1,
            "created_time": "2024-07-27T16:01:45.925506Z",
            "yes_price": 15,
            "no_price": 85,
            "taker_side": "no"
        },
        {
            "trade_id": "c8ebd522-b065-4886-a14d-6ac3e60a505d",
            "ticker": "HIGHMIA-24JUL27-B93.5",
            "count": 14,
            "created_time": "2024-07-27T13:02:44.949249Z",
            "yes_price": 33,
            "no_price": 67,
            "taker_side": "no"
        },
        {
            "trade_id": "b4b85b6c-a015-4313-9083-91cb6af398aa",
            "ticker": "HIGHMIA-24JUL27-B93.5",
            "count": 25,
            "created_time": "2024-07-27T12:40:52.575515Z",
            "yes_price": 43,
            "no_price": 57,
            "taker_side": "yes"
        },
        {
            "trade_id": "b8b9834d-ad06-418e-881d-2dcfa50ece5e",
            "ticker": "HIGHMIA-24JUL27-B93.5",
            "count": 180,
            "created_time": "2024-07-27T12:33:47.979259Z",
            "yes_price": 36,
            "no_price": 64,
            "taker_side": "yes"
        },
        {
            "trade_id": "25cb4702-d046-4c9b-86a9-7e52925a9b5e",
            "ticker": "HIGHMIA-24JUL27-B93.5",
            "count": 18,
            "created_time": "2024-07-27T12:33:47.979259Z",
            "yes_price": 34,
            "no_price": 66,
            "taker_side": "yes"
        },
        {
            "trade_id": "bc31a130-029c-4cef-b154-da0cea87f4be",
            "ticker": "HIGHMIA-24JUL27-B93.5",
            "count": 18,
            "created_time": "2024-07-27T12:03:05.020741Z",
            "yes_price": 30,
            "no_price": 70,
            "taker_side": "yes"
        },
        {
            "trade_id": "5f116f6b-d9ae-4d38-bfd3-7a6f0dcd789e",
            "ticker": "HIGHMIA-24JUL27-B93.5",
            "count": 144,
            "created_time": "2024-07-27T12:03:05.020741Z",
            "yes_price": 32,
            "no_price": 68,
            "taker_side": "yes"
        },
        {
            "trade_id": "e9fe5b7c-a825-475d-a491-c328a9b92af3",
            "ticker": "HIGHMIA-24JUL27-B93.5",
            "count": 6,
            "created_time": "2024-07-27T12:01:48.574387Z",
            "yes_price": 30,
            "no_price": 70,
            "taker_side": "yes"
        },
        {
            "trade_id": "85d69761-932e-47f3-9a90-c230dc98f835",
            "ticker": "HIGHMIA-24JUL27-B93.5",
            "count": 69,
            "created_time": "2024-07-27T12:00:19.174705Z",
            "yes_price": 16,
            "no_price": 84,
            "taker_side": "yes"
        },
        {
            "trade_id": "b445babc-7eb1-4b37-9f97-960ad2a8b540",
            "ticker": "HIGHMIA-24JUL27-B93.5",
            "count": 52,
            "created_time": "2024-07-27T12:00:14.906432Z",
            "yes_price": 16,
            "no_price": 84,
            "taker_side": "yes"
        },
        {
            "trade_id": "1222c369-df3c-4d30-98fa-bc478a295793",
            "ticker": "HIGHMIA-24JUL27-B93.5",
            "count": 54,
            "created_time": "2024-07-27T12:00:08.650702Z",
            "yes_price": 17,
            "no_price": 83,
            "taker_side": "no"
        },
        {
            "trade_id": "844ae9c6-2b1d-4c6d-9a94-e0acbb4f92fb",
            "ticker": "HIGHMIA-24JUL27-B93.5",
            "count": 91,
            "created_time": "2024-07-27T12:00:08.542499Z",
            "yes_price": 31,
            "no_price": 69,
            "taker_side": "no"
        },
        {
            "trade_id": "3c9673f5-222e-4110-9c81-ce9d94b1cd3a",
            "ticker": "HIGHMIA-24JUL27-B93.5",
            "count": 54,
            "created_time": "2024-07-27T12:00:08.527393Z",
            "yes_price": 31,
            "no_price": 69,
            "taker_side": "no"
        },
        {
            "trade_id": "e1d2bd2c-2119-470a-801d-d8f0bf9e2d77",
            "ticker": "HIGHMIA-24JUL27-B93.5",
            "count": 5,
            "created_time": "2024-07-27T12:00:08.511739Z",
            "yes_price": 31,
            "no_price": 69,
            "taker_side": "no"
        },
        {
            "trade_id": "5392649b-318c-487e-8b7b-206597883f58",
            "ticker": "HIGHMIA-24JUL27-B93.5",
            "count": 175,
            "created_time": "2024-07-27T12:00:08.511739Z",
            "yes_price": 33,
            "no_price": 67,
            "taker_side": "no"
        },
        {
            "trade_id": "a933280f-e577-482f-a051-a9d47ee0cae5",
            "ticker": "HIGHMIA-24JUL27-B93.5",
            "count": 47,
            "created_time": "2024-07-27T03:26:15.978849Z",
            "yes_price": 34,
            "no_price": 66,
            "taker_side": "no"
        },
        {
            "trade_id": "ed934468-55c7-4213-9ac8-c9dd820bf344",
            "ticker": "HIGHMIA-24JUL27-B93.5",
            "count": 13,
            "created_time": "2024-07-27T03:25:56.550803Z",
            "yes_price": 35,
            "no_price": 65,
            "taker_side": "yes"
        },
        {
            "trade_id": "3b8d3ec5-7ade-44e1-8099-4101390ab5d4",
            "ticker": "HIGHMIA-24JUL27-B93.5",
            "count": 90,
            "created_time": "2024-07-27T03:20:57.166385Z",
            "yes_price": 37,
            "no_price": 63,
            "taker_side": "no"
        },
        {
            "trade_id": "62edd198-ea46-4151-b25e-a148e9a60a10",
            "ticker": "HIGHMIA-24JUL27-B93.5",
            "count": 35,
            "created_time": "2024-07-27T03:20:32.488286Z",
            "yes_price": 37,
            "no_price": 63,
            "taker_side": "no"
        },
        {
            "trade_id": "34496926-3ec7-4867-8f5e-4a3926cbc873",
            "ticker": "HIGHMIA-24JUL27-B93.5",
            "count": 5,
            "created_time": "2024-07-27T03:20:29.924062Z",
            "yes_price": 37,
            "no_price": 63,
            "taker_side": "no"
        },
        {
            "trade_id": "56e6a77e-9e65-47da-8c94-df611e2cd1d0",
            "ticker": "HIGHMIA-24JUL27-B93.5",
            "count": 10,
            "created_time": "2024-07-27T03:20:19.900086Z",
            "yes_price": 37,
            "no_price": 63,
            "taker_side": "no"
        },
        {
            "trade_id": "6bd79de6-9676-4478-b02e-475908267a6e",
            "ticker": "HIGHMIA-24JUL27-B93.5",
            "count": 10,
            "created_time": "2024-07-27T03:17:38.330472Z",
            "yes_price": 37,
            "no_price": 63,
            "taker_side": "no"
        },
        {
            "trade_id": "9ec321d6-c42d-48a2-b86c-a744c421f418",
            "ticker": "HIGHMIA-24JUL27-B93.5",
            "count": 10,
            "created_time": "2024-07-27T01:06:07.492076Z",
            "yes_price": 44,
            "no_price": 56,
            "taker_side": "yes"
        },
        {
            "trade_id": "2ade5e6c-116f-4b58-bcf6-5bb11749d171",
            "ticker": "HIGHMIA-24JUL27-B93.5",
            "count": 90,
            "created_time": "2024-07-26T23:10:13.61616Z",
            "yes_price": 36,
            "no_price": 64,
            "taker_side": "yes"
        },
        {
            "trade_id": "ac60f06c-9a93-4db8-b505-7db264c2d33c",
            "ticker": "HIGHMIA-24JUL27-B93.5",
            "count": 90,
            "created_time": "2024-07-26T23:09:59.184023Z",
            "yes_price": 35,
            "no_price": 65,
            "taker_side": "yes"
        },
        {
            "trade_id": "99b846dc-ed27-40a3-89a9-13a3ba653ca0",
            "ticker": "HIGHMIA-24JUL27-B93.5",
            "count": 90,
            "created_time": "2024-07-26T23:09:43.554587Z",
            "yes_price": 34,
            "no_price": 66,
            "taker_side": "yes"
        },
        {
            "trade_id": "e11fc91f-a980-4a16-8cde-0e31416de3de",
            "ticker": "HIGHMIA-24JUL27-B93.5",
            "count": 90,
            "created_time": "2024-07-26T23:09:25.946895Z",
            "yes_price": 33,
            "no_price": 67,
            "taker_side": "yes"
        },
        {
            "trade_id": "8cddadfb-4452-4b16-b460-1505f8cdbc09",
            "ticker": "HIGHMIA-24JUL27-B93.5",
            "count": 108,
            "created_time": "2024-07-26T23:09:05.617865Z",
            "yes_price": 32,
            "no_price": 68,
            "taker_side": "yes"
        },
        {
            "trade_id": "c8d43756-aaad-466b-bf7d-5426de393198",
            "ticker": "HIGHMIA-24JUL27-B93.5",
            "count": 36,
            "created_time": "2024-07-26T23:08:44.346979Z",
            "yes_price": 31,
            "no_price": 69,
            "taker_side": "yes"
        },
        {
            "trade_id": "31b038f3-6dbd-4fef-a608-c084d660497b",
            "ticker": "HIGHMIA-24JUL27-B93.5",
            "count": 1,
            "created_time": "2024-07-26T17:30:30.326557Z",
            "yes_price": 41,
            "no_price": 59,
            "taker_side": "no"
        },
        {
            "trade_id": "669c88f5-5cc5-4d01-b6f7-b02f1bc30de4",
            "ticker": "HIGHMIA-24JUL27-B93.5",
            "count": 27,
            "created_time": "2024-07-26T14:34:28.001275Z",
            "yes_price": 48,
            "no_price": 52,
            "taker_side": "yes"
        },
        {
            "trade_id": "b47fd2e0-478f-44b8-85d7-7ce091fd6466",
            "ticker": "HIGHMIA-24JUL27-B93.5",
            "count": 90,
            "created_time": "2024-07-26T14:33:37.841334Z",
            "yes_price": 39,
            "no_price": 61,
            "taker_side": "yes"
        },
        {
            "trade_id": "eb55f254-3867-49a0-873e-ebf68fbcb5cb",
            "ticker": "HIGHMIA-24JUL27-B93.5",
            "count": 95,
            "created_time": "2024-07-26T14:33:37.826631Z",
            "yes_price": 39,
            "no_price": 61,
            "taker_side": "yes"
        },
        {
            "trade_id": "5909043a-f585-4948-9ebb-fd2b845ad09e",
            "ticker": "HIGHMIA-24JUL27-B93.5",
            "count": 85,
            "created_time": "2024-07-26T14:33:37.826631Z",
            "yes_price": 39,
            "no_price": 61,
            "taker_side": "yes"
        },
        {
            "trade_id": "f53aa943-e624-497c-baa6-176390d8aad9",
            "ticker": "HIGHMIA-24JUL27-B93.5",
            "count": 55,
            "created_time": "2024-07-26T14:33:37.806721Z",
            "yes_price": 39,
            "no_price": 61,
            "taker_side": "yes"
        },
        {
            "trade_id": "62910327-b2ad-4b9d-aa3b-69e7629d8667",
            "ticker": "HIGHMIA-24JUL27-B93.5",
            "count": 124,
            "created_time": "2024-07-26T14:33:37.806721Z",
            "yes_price": 29,
            "no_price": 71,
            "taker_side": "yes"
        },
        {
            "trade_id": "4ae548ff-036d-497a-a410-669f15d2c226",
            "ticker": "HIGHMIA-24JUL27-B93.5",
            "count": 1,
            "created_time": "2024-07-26T14:33:37.806721Z",
            "yes_price": 32,
            "no_price": 68,
            "taker_side": "yes"
        },
        {
            "trade_id": "0e25d25d-b49a-4db5-b791-f434dc8d7f14",
            "ticker": "HIGHMIA-24JUL27-B93.5",
            "count": 1,
            "created_time": "2024-07-26T14:29:53.544966Z",
            "yes_price": 29,
            "no_price": 71,
            "taker_side": "yes"
        }
    ],
    "HIGHMIA-24JUL27-T94": [
        {
            "trade_id": "8f495a53-9184-4ced-bedc-ef308e9d3c80",
            "ticker": "HIGHMIA-24JUL27-T94",
            "count": 120,
            "created_time": "2024-07-27T19:59:25.924712Z",
            "yes_price": 1,
            "no_price": 99,
            "taker_side": "no"
        },
        {
            "trade_id": "767e71ac-b4be-4a4b-bc63-55d9c2def7c9",
            "ticker": "HIGHMIA-24JUL27-T94",
            "count": 100,
            "created_time": "2024-07-27T19:59:25.924712Z",
            "yes_price": 1,
            "no_price": 99,
            "taker_side": "no"
        },
        {
            "trade_id": "a088f96b-cc9d-4aad-a3b7-742c6ac0c7b7",
            "ticker": "HIGHMIA-24JUL27-T94",
            "count": 100,
            "created_time": "2024-07-27T18:53:25.603344Z",
            "yes_price": 11,
            "no_price": 89,
            "taker_side": "yes"
        },
        {
            "trade_id": "4bf3117c-d9f9-4be8-9381-72563be9f65a",
            "ticker": "HIGHMIA-24JUL27-T94",
            "count": 125,
            "created_time": "2024-07-27T18:53:25.603344Z",
            "yes_price": 10,
            "no_price": 90,
            "taker_side": "yes"
        },
        {
            "trade_id": "5a19b652-884c-479f-98bd-216f06d07911",
            "ticker": "HIGHMIA-24JUL27-T94",
            "count": 175,
            "created_time": "2024-07-27T12:00:08.659947Z",
            "yes_price": 1,
            "no_price": 99,
            "taker_side": "no"
        },
        {
            "trade_id": "971dd1ec-8d8e-492c-87f3-de7c38890ca2",
            "ticker": "HIGHMIA-24JUL27-T94",
            "count": 2,
            "created_time": "2024-07-27T03:26:15.990025Z",
            "yes_price": 1,
            "no_price": 99,
            "taker_side": "no"
        },
        {
            "trade_id": "500421cf-1577-4465-b8c9-a3eaa5ca1f69",
            "ticker": "HIGHMIA-24JUL27-T94",
            "count": 45,
            "created_time": "2024-07-27T03:26:15.990025Z",
            "yes_price": 1,
            "no_price": 99,
            "taker_side": "no"
        },
        {
            "trade_id": "f94ae579-6852-44bb-98c1-3bd50df243d6",
            "ticker": "HIGHMIA-24JUL27-T94",
            "count": 35,
            "created_time": "2024-07-27T03:20:32.495303Z",
            "yes_price": 1,
            "no_price": 99,
            "taker_side": "no"
        },
        {
            "trade_id": "3b8cdd69-8f4b-43fd-a61e-642b7cc9e5b8",
            "ticker": "HIGHMIA-24JUL27-T94",
            "count": 5,
            "created_time": "2024-07-27T03:20:29.90767Z",
            "yes_price": 1,
            "no_price": 99,
            "taker_side": "no"
        },
        {
            "trade_id": "c97d0a3e-a357-4165-bd96-4703452106ad",
            "ticker": "HIGHMIA-24JUL27-T94",
            "count": 8,
            "created_time": "2024-07-27T03:20:19.904681Z",
            "yes_price": 1,
            "no_price": 99,
            "taker_side": "no"
        },
        {
            "trade_id": "c1ab3a82-fe6e-47dd-af92-d2063b1237c9",
            "ticker": "HIGHMIA-24JUL27-T94",
            "count": 2,
            "created_time": "2024-07-27T03:20:19.904681Z",
            "yes_price": 3,
            "no_price": 97,
            "taker_side": "no"
        },
        {
            "trade_id": "a037ac67-3ef9-401f-94d3-99bb4cb6abd4",
            "ticker": "HIGHMIA-24JUL27-T94",
            "count": 54,
            "created_time": "2024-07-26T22:22:10.021134Z",
            "yes_price": 7,
            "no_price": 93,
            "taker_side": "no"
        },
        {
            "trade_id": "52a53d4f-b265-4c07-8a49-d6fe1d9f4dba",
            "ticker": "HIGHMIA-24JUL27-T94",
            "count": 3,
            "created_time": "2024-07-26T22:22:10.021134Z",
            "yes_price": 6,
            "no_price": 94,
            "taker_side": "no"
        },
        {
            "trade_id": "f4634c75-d093-4ac0-bee2-2e304e870d63",
            "ticker": "HIGHMIA-24JUL27-T94",
            "count": 47,
            "created_time": "2024-07-26T15:17:39.510306Z",
            "yes_price": 17,
            "no_price": 83,
            "taker_side": "yes"
        },
        {
            "trade_id": "b64b6b43-c924-413d-865a-82d00d18a85f",
            "ticker": "HIGHMIA-24JUL27-T94",
            "count": 2,
            "created_time": "2024-07-26T15:17:29.582869Z",
            "yes_price": 16,
            "no_price": 84,
            "taker_side": "yes"
        },
        {
            "trade_id": "87a331e6-4a97-4246-9fcb-60e6b38b5669",
            "ticker": "HIGHMIA-24JUL27-T94",
            "count": 18,
            "created_time": "2024-07-26T15:17:29.559838Z",
            "yes_price": 16,
            "no_price": 84,
            "taker_side": "yes"
        },
        {
            "trade_id": "14fdf5d3-59ad-4c2d-9b6e-c3d5fc52645e",
            "ticker": "HIGHMIA-24JUL27-T94",
            "count": 72,
            "created_time": "2024-07-26T14:46:04.106403Z",
            "yes_price": 16,
            "no_price": 84,
            "taker_side": "no"
        },
        {
            "trade_id": "835724c8-7ac8-41a9-826b-f7ee8061fc3b",
            "ticker": "HIGHMIA-24JUL27-T94",
            "count": 18,
            "created_time": "2024-07-26T14:44:20.498472Z",
            "yes_price": 14,
            "no_price": 86,
            "taker_side": "no"
        },
        {
            "trade_id": "51d0dcca-0407-4fbd-bdf4-892e404e0f00",
            "ticker": "HIGHMIA-24JUL27-T94",
            "count": 30,
            "created_time": "2024-07-26T14:35:31.110535Z",
            "yes_price": 14,
            "no_price": 86,
            "taker_side": "no"
        },
        {
            "trade_id": "92a41ecc-1a8c-4c3c-9af8-67ecb1f3e9e5",
            "ticker": "HIGHMIA-24JUL27-T94",
            "count": 125,
            "created_time": "2024-07-26T14:33:37.892435Z",
            "yes_price": 12,
            "no_price": 88,
            "taker_side": "yes"
        },
        {
            "trade_id": "462cdcd0-4677-4600-a440-ce0008ffb97d",
            "ticker": "HIGHMIA-24JUL27-T94",
            "count": 1,
            "created_time": "2024-07-26T14:33:37.892435Z",
            "yes_price": 2,
            "no_price": 98,
            "taker_side": "yes"
        },
        {
            "trade_id": "39fd16bf-94cd-4966-bd29-bda1ae46b00d",
            "ticker": "HIGHMIA-24JUL27-T94",
            "count": 1,
            "created_time": "2024-07-26T14:33:37.892435Z",
            "yes_price": 5,
            "no_price": 95,
            "taker_side": "yes"
        }
    ]
}