{
    "KXHIGHMIA-24DEC14-T75": [
        {
            "trade_id": "39d5fcd9-a2a7-473d-b60f-ac20b2b3ede3",
            "ticker": "KXHIGHMIA-24DEC14-T75",
            "count": 1,
            "created_time": "2024-12-14T13:06:03.974904Z",
            "yes_price": 1,
            "no_price": 99,
            "taker_side": "yes"
        },
        {
            "trade_id": "79df2b98-741b-41c0-a7b9-c54a334d6864",
            "ticker": "KXHIGHMIA-24DEC14-T75",
            "count": 40,
            "created_time": "2024-12-13T17:03:31.231807Z",
            "yes_price": 1,
            "no_price": 99,
            "taker_side": "no"
        },
        {
            "trade_id": "acc3fe1b-104d-4242-95df-5b2d65db8e60",
            "ticker": "KXHIGHMIA-24DEC14-T75",
            "count": 50,
            "created_time": "2024-12-13T17:03:31.125181Z",
            "yes_price": 1,
            "no_price": 99,
            "taker_side": "no"
        },
        {
            "trade_id": "316bf8a7-b60b-452e-84b3-7f1a3c971dc6",
            "ticker": "KXHIGHMIA-24DEC14-T75",
            "count": 25,
            "created_time": "2024-12-13T17:03:31.088994Z",
            "yes_price": 1,
            "no_price": 99,
            "taker_side": "no"
        },
        {
            "trade_id": "95875cf6-aa7d-4354-9ccf-9e2d0defc619",
            "ticker": "KXHIGHMIA-24DEC14-T75",
            "count": 50,
            "created_time": "2024-12-13T17:03:31.0438Z",
            "yes_price": 1,
            "no_price": 99,
            "taker_side": "no"
        },
        {
            "trade_id": "19c52bab-110e-4a9e-abc4-f80225da181c",
            "ticker": "KXHIGHMIA-24DEC14-T75",
            "count": 50,
            "created_time": "2024-12-13T17:03:30.923105Z",
            "yes_price": 1,
            "no_price": 99,
            "taker_side": "no"
        }
    ],
    "KXHIGHMIA-24DEC14-B75.5": [
        {
            "trade_id": "5c85416f-a55f-4a8b-b28a-9cee20801fa0",
            "ticker": "KXHIGHMIA-24DEC14-B75.5",
            "count": 207,
            "created_time": "2024-12-14T18:47:54.362344Z",
            "yes_price": 1,
            "no_price": 99,
            "taker_side": "yes"
        },
        {
            "trade_id": "b90db844-cb39-470c-aecc-a74ef76b7613",
            "ticker": "KXHIGHMIA-24DEC14-B75.5",
            "count": 4,
            "created_time": "2024-12-14T16:07:34.94011Z",
            "yes_price": 1,
            "no_price": 99,
            "taker_side": "yes"
        },
        {
            "trade_id": "a36c8390-8d77-4992-b89f-a42c8e2bdf5e",
            "ticker": "KXHIGHMIA-24DEC14-B75.5",
            "count": 77,
            "created_time": "2024-12-14T14:42:02.307456Z",
            "yes_price": 1,
            "no_price": 99,
            "taker_side": "yes"
        },
        {
            "trade_id": "39616d6c-4b50-45a6-a930-dc4914875d1f",
            "ticker": "KXHIGHMIA-24DEC14-B75.5",
            "count": 280,
            "created_time": "2024-12-14T14:07:18.885709Z",
            "yes_price": 1,
            "no_price": 99,
            "taker_side": "yes"
        },
        {
            "trade_id": "40002f3b-41ed-40ae-aef5-af018a0a1336",
            "ticker": "KXHIGHMIA-24DEC14-B75.5",
            "count": 200,
            "created_time": "2024-12-14T14:06:06.405077Z",
            "yes_price": 1,
            "no_price": 99,
            "taker_side": "yes"
        },
        {
            "trade_id": "ccd50d19-1fbe-46cc-bdc7-c012a5d0a863",
            "ticker": "KXHIGHMIA-24DEC14-B75.5",
            "count": 93,
            "created_time": "2024-12-14T14:03:41.588439Z",
            "yes_price": 1,
            "no_price": 99,
            "taker_side": "yes"
        },
        {
            "trade_id": "d49834ab-f9c9-42d0-b2b3-5c94e75873cd",
            "ticker": "KXHIGHMIA-24DEC14-B75.5",
            "count": 50,
            "created_time": "2024-12-14T14:00:07.460102Z",
            "yes_price": 1,
            "no_price": 99,
            "taker_side": "no"
        },
        {
            "trade_id": "97867a72-e5e5-46e6-a944-b123df1428b3",
            "ticker": "KXHIGHMIA-24DEC14-B75.5",
            "count": 160,
            "created_time": "2024-12-14T14:00:07.460102Z",
            "yes_price": 1,
            "no_price": 99,
            "taker_side": "no"
        },
        {
            "trade_id": "642b604e-26bf-402f-9aa1-a0514c37623a",
            "ticker": "KXHIGHMIA-24DEC14-B75.5",
            "count": 270,
            "created_time": "2024-12-14T14:00:07.460102Z",
            "yes_price": 1,
            "no_price": 99,
            "taker_side": "no"
        },
        {
            "trade_id": "51dd8c41-02cd-45f8-b69d-98fdedbaf12b",
            "ticker": "KXHIGHMIA-24DEC14-B75.5",
            "count": 1048,
            "created_time": "2024-12-14T13:42:29.263156Z",
            "yes_price": 4,
            "no_price": 96,
            "taker_side": "no"
        },
        {
            "trade_id": "4d1188b6-3a9f-404d-a6f6-d8d4f0e59202",
            "ticker": "KXHIGHMIA-24DEC14-B75.5",
            "count": 160,
            "created_time": "2024-12-14T13:35:58.597302Z",
            "yes_price": 4,
            "no_price": 96,
            "taker_side": "no"
        },
        {
            "trade_id": "cfa6f345-a582-40a5-8a89-0c334b6e5a29",
            "ticker": "KXHIGHMIA-24DEC14-B75.5",
            "count": 270,
            "created_time": "2024-12-14T13:16:50.532677Z",
            "yes_price": 4,
            "no_price": 96,
            "taker_side": "no"
        },
        {
            "trade_id": "ce0ac18e-f74f-499d-93bf-226e593782d0",
            "ticker": "KXHIGHMIA-24DEC14-B75.5",
            "count": 207,
            "created_time": "2024-12-14T13:08:34.50454Z",
            "yes_price": 4,
            "no_price": 96,
            "taker_side": "no"
        },
        {
            "trade_id": "7a343ad4-8667-46cb-891d-e869853a89b4",
            "ticker": "KXHIGHMIA-24DEC14-B75.5",
            "count": 1,
            "created_time": "2024-12-14T13:03:40.355841Z",
            "yes_price": 4,
            "no_price": 96,
            "taker_side": "no"
        },
        {
            "trade_id": "73bc46bc-1d1a-4d7a-a51a-1647f4754782",
            "ticker": "KXHIGHMIA-24DEC14-B75.5",
            "count": 6,
            "created_time": "2024-12-14T13:00:06.413695Z",
            "yes_price": 4,
            "no_price": 96,
            "taker_side": "no"
        },
        {
            "trade_id": "19645cfa-fd54-4aa7-b4a8-5af21c154d11",
            "ticker": "KXHIGHMIA-24DEC14-B75.5",
            "count": 6,
            "created_time": "2024-12-14T13:00:06.114962Z",
            "yes_price": 4,
            "no_price": 96,
            "taker_side": "no"
        },
        {
            "trade_id": "e0a8fc33-639e-460f-9626-3e70a5d39c21",
            "ticker": "KXHIGHMIA-24DEC14-B75.5",
            "count": 302,
            "created_time": "2024-12-14T07:59:04.329177Z",
            "yes_price": 4,
            "no_price": 96,
            "taker_side": "no"
        },
        {
            "trade_id": "c74d9541-8121-4652-9a13-fbf54a3d158f",
            "ticker": "KXHIGHMIA-24DEC14-B75.5",
            "count": 50,
            "created_time": "2024-12-14T07:12:46.34972Z",
            "yes_price": 4,
            "no_price": 96,
            "taker_side": "yes"
        },
        {
            "trade_id": "894bcc7e-36c3-4b32-afb5-f0b7fb480910",
            "ticker": "KXHIGHMIA-24DEC14-B75.5",
            "count": 100,
            "created_time": "2024-12-14T07:12:36.410271Z",
            "yes_price": 4,
            "no_price": 96,
            "taker_side": "yes"
        },
        {
            "trade_id": "1cad597f-45af-4600-a3de-a4d6c158daf8",
            "ticker": "KXHIGHMIA-24DEC14-B75.5",
            "count": 60,
            "created_time": "2024-12-14T07:12:21.266158Z",
            "yes_price": 5,
            "no_price": 95,
            "taker_side": "yes"
        },
        {
            "trade_id": "243cdd26-27ed-4938-97bd-11a1ff49c6c9",
            "ticker": "KXHIGHMIA-24DEC14-B75.5",
            "count": 17,
            "created_time": "2024-12-14T07:12:02.112112Z",
            "yes_price": 4,
            "no_price": 96,
            "taker_side": "yes"
        },
        {
            "trade_id": "765828ce-d44b-4864-a8c8-593465c17c31",
            "ticker": "KXHIGHMIA-24DEC14-B75.5",
            "count": 77,
            "created_time": "2024-12-14T07:02:30.027907Z",
            "yes_price": 3,
            "no_price": 97,
            "taker_side": "no"
        },
        {
            "trade_id": "e536692f-2e51-4658-9d61-88645c22e819",
            "ticker": "KXHIGHMIA-24DEC14-B75.5",
            "count": 200,
            "created_time": "2024-12-14T05:31:06.436999Z",
            "yes_price": 7,
            "no_price": 93,
            "taker_side": "yes"
        },
        {
            "trade_id": "9cde6463-1410-45a0-a750-4ac7527a531d",
            "ticker": "KXHIGHMIA-24DEC14-B75.5",
            "count": 5,
            "created_time": "2024-12-14T05:16:47.602911Z",
            "yes_price": 3,
            "no_price": 97,
            "taker_side": "no"
        },
        {
            "trade_id": "b50dd0ba-2523-48d3-bd48-a14f47bfe040",
            "ticker": "KXHIGHMIA-24DEC14-B75.5",
            "count": 59,
            "created_time": "2024-12-14T04:27:34.590961Z",
            "yes_price": 7,
            "no_price": 93,
            "taker_side": "yes"
        },
        {
            "trade_id": "4b20c62f-5348-4428-afd2-43e7822550ba",
            "ticker": "KXHIGHMIA-24DEC14-B75.5",
            "count": 50,
            "created_time": "2024-12-14T04:27:34.590961Z",
            "yes_price": 7,
            "no_price": 93,
            "taker_side": "yes"
        },
        {
            "trade_id": "2f282722-2f75-4627-8825-a9f7c4a0ff6e",
            "ticker": "KXHIGHMIA-24DEC14-B75.5",
            "count": 150,
            "created_time": "2024-12-14T03:17:08.747308Z",
            "yes_price": 6,
            "no_price": 94,
            "taker_side": "yes"
        },
        {
            "trade_id": "155d01ba-f7ab-4e41-a7d3-d0b12393b8a1",
            "ticker": "KXHIGHMIA-24DEC14-B75.5",
            "count": 150,
            "created_time": "2024-12-14T03:17:08.747308Z",
            "yes_price": 6,
            "no_price": 94,
            "taker_side": "yes"
        },
        {
            "trade_id": "94dbe6f7-208b-401c-b53b-3dc22aed5645",
            "ticker": "KXHIGHMIA-24DEC14-B75.5",
            "count": 18,
            "created_time": "2024-12-14T01:46:46.593437Z",
            "yes_price": 3,
            "no_price": 97,
            "taker_side": "no"
        },
        {
            "trade_id": "a88ff5cb-4643-45d3-8164-b034880f43cc",
            "ticker": "KXHIGHMIA-24DEC14-B75.5",
            "count": 5,
            "created_time": "2024-12-13T22:57:45.170663Z",
            "yes_price": 2,
            "no_price": 98,
            "taker_side": "no"
        },
        {
            "trade_id": "adad2ab2-fe27-409b-a566-9967576ff402",
            "ticker": "KXHIGHMIA-24DEC14-B75.5",
            "count": 200,
            "created_time": "2024-12-13T22:23:44.967125Z",
            "yes_price": 3,
            "no_price": 97,
            "taker_side": "no"
        },
        {
            "trade_id": "ab1c403b-a594-4deb-9806-dfb961e00468",
            "ticker": "KXHIGHMIA-24DEC14-B75.5",
            "count": 31,
            "created_time": "2024-12-13T22:11:07.599833Z",
            "yes_price": 6,
            "no_price": 94,
            "taker_side": "yes"
        },
        {
            "trade_id": "e976482f-46c4-46b5-a9ff-4861b7fb5af6",
            "ticker": "KXHIGHMIA-24DEC14-B75.5",
            "count": 50,
            "created_time": "2024-12-13T21:28:15.443382Z",
            "yes_price": 10,
            "no_price": 90,
            "taker_side": "yes"
        },
        {
            "trade_id": "95efa3a0-efd8-41be-a18a-cb0fadce78ef",
            "ticker": "KXHIGHMIA-24DEC14-B75.5",
            "count": 50,
            "created_time": "2024-12-13T21:28:10.120988Z",
            "yes_price": 10,
            "no_price": 90,
            "taker_side": "yes"
        },
        {
            "trade_id": "0449b9da-2d21-4751-8e95-a8a2ba5c3bac",
            "ticker": "KXHIGHMIA-24DEC14-B75.5",
            "count": 112,
            "created_time": "2024-12-13T21:12:35.163549Z",
            "yes_price": 8,
            "no_price": 92,
            "taker_side": "no"
        },
        {
            "trade_id": "9ca89185-eb7f-4de5-aeae-59d4b2ced08d",
            "ticker": "KXHIGHMIA-24DEC14-B75.5",
            "count": 200,
            "created_time": "2024-12-13T20:06:46.552929Z",
            "yes_price": 5,
            "no_price": 95,
            "taker_side": "yes"
        },
        {
            "trade_id": "252af629-d7ee-40fd-9e16-7fa0b18250af",
            "ticker": "KXHIGHMIA-24DEC14-B75.5",
            "count": 200,
            "created_time": "2024-12-13T18:13:32.689842Z",
            "yes_price": 3,
            "no_price": 97,
            "taker_side": "no"
        },
        {
            "trade_id": "af920e6c-c4f8-4b28-b57d-27a8447cdf92",
            "ticker": "KXHIGHMIA-24DEC14-B75.5",
            "count": 25,
            "created_time": "2024-12-13T18:13:06.862882Z",
            "yes_price": 3,
            "no_price": 97,
            "taker_side": "no"
        },
        {
            "trade_id": "a9806768-f64e-436d-a883-be191c12d1af",
            "ticker": "KXHIGHMIA-24DEC14-B75.5",
            "count": 215,
            "created_time": "2024-12-13T18:13:06.862882Z",
            "yes_price": 3,
            "no_price": 97,
            "taker_side": "no"
        },
        {
            "trade_id": "e6c67e53-1903-4eaa-b73f-090df056da65",
            "ticker": "KXHIGHMIA-24DEC14-B75.5",
            "count": 25,
            "created_time": "2024-12-13T17:18:34.038696Z",
            "yes_price": 3,
            "no_price": 97,
            "taker_side": "yes"
        },
        {
            "trade_id": "5f649f28-5ae5-4a3c-ba76-cbcde0db7f7a",
            "ticker": "KXHIGHMIA-24DEC14-B75.5",
            "count": 50,
            "created_time": "2024-12-13T17:03:31.198611Z",
            "yes_price": 3,
            "no_price": 97,
            "taker_side": "no"
        },
        {
            "trade_id": "4058e857-0646-4c3f-a317-55fbe51cab8f",
            "ticker": "KXHIGHMIA-24DEC14-B75.5",
            "count": 50,
            "created_time": "2024-12-13T17:03:31.164696Z",
            "yes_price": 3,
            "no_price": 97,
            "taker_side": "no"
        },
        {
            "trade_id": "ff2bd5b8-2d40-40b1-bf41-e86d2b2fc027",
            "ticker": "KXHIGHMIA-24DEC14-B75.5",
            "count": 50,
            "created_time": "2024-12-13T17:03:31.092192Z",
            "yes_price": 3,
            "no_price": 97,
            "taker_side": "no"
        },
        {
            "trade_id": "3b7bfaae-3155-4a35-814a-5b37ad1d26e7",
            "ticker": "KXHIGHMIA-24DEC14-B75.5",
            "count": 50,
            "created_time": "2024-12-13T17:03:30.886205Z",
            "yes_price": 3,
            "no_price": 97,
            "taker_side": "no"
        }
    ],
    "KXHIGHMIA-24DEC14-B77.5": [
        {
            "trade_id": "2dd07f2d-b319-4c26-8e53-77f72b14f6af",
            "ticker": "KXHIGHMIA-24DEC14-B77.5",
            "count": 93,
            "created_time": "2024-12-14T22:57:03.242132Z",
            "yes_price": 1,
            "no_price": 99,
            "taker_side": "yes"
        },
        {
            "trade_id": "bc775a54-c47d-4bcc-8112-8bae3ffbbb51",
            "ticker": "KXHIGHMIA-24DEC14-B77.5",
            "count": 93,
            "created_time": "2024-12-14T21:55:10.694484Z",
            "yes_price": 1,
            "no_price": 99,
            "taker_side": "yes"
        },
        {
            "trade_id": "38a36208-f3ff-4845-a3cd-c523ba370090",
            "ticker": "KXHIGHMIA-24DEC14-B77.5",
            "count": 187,
            "created_time": "2024-12-14T20:01:03.595235Z",
            "yes_price": 1,
            "no_price": 99,
            "taker_side": "yes"
        },
        {
            "trade_id": "a769f85a-22e3-448b-9241-a9658bd1a5db",
            "ticker": "KXHIGHMIA-24DEC14-B77.5",
            "count": 269,
            "created_time": "2024-12-14T18:38:42.594509Z",
            "yes_price": 1,
            "no_price": 99,
            "taker_side": "yes"
        },
        {
            "trade_id": "77893b3c-a2c3-4a82-b54c-c9347c73f893",
            "ticker": "KXHIGHMIA-24DEC14-B77.5",
            "count": 147,
            "created_time": "2024-12-14T18:38:42.594509Z",
            "yes_price": 1,
            "no_price": 99,
            "taker_side": "yes"
        },
        {
            "trade_id": "5d0f8e0d-33a7-4a4f-b61d-8b3ccc8942ee",
            "ticker": "KXHIGHMIA-24DEC14-B77.5",
            "count": 518,
            "created_time": "2024-12-14T18:38:42.594509Z",
            "yes_price": 1,
            "no_price": 99,
            "taker_side": "yes"
        },
        {
            "trade_id": "e87890de-2acb-41d1-9896-d1282096ec6f",
            "ticker": "KXHIGHMIA-24DEC14-B77.5",
            "count": 660,
            "created_time": "2024-12-14T17:40:37.422245Z",
            "yes_price": 1,
            "no_price": 99,
            "taker_side": "yes"
        },
        {
            "trade_id": "aa8da257-dac3-48dd-ac97-08ca9e8226fa",
            "ticker": "KXHIGHMIA-24DEC14-B77.5",
            "count": 3078,
            "created_time": "2024-12-14T17:40:37.422245Z",
            "yes_price": 1,
            "no_price": 99,
            "taker_side": "yes"
        },
        {
            "trade_id": "631ff7df-1053-4936-a6dd-1c126e36cfab",
            "ticker": "KXHIGHMIA-24DEC14-B77.5",
            "count": 505,
            "created_time": "2024-12-14T17:40:37.422245Z",
            "yes_price": 1,
            "no_price": 99,
            "taker_side": "yes"
        },
        {
            "trade_id": "18925bf2-75ba-478b-be16-0c4ae372896f",
            "ticker": "KXHIGHMIA-24DEC14-B77.5",
            "count": 432,
            "created_time": "2024-12-14T17:40:37.422245Z",
            "yes_price": 1,
            "no_price": 99,
            "taker_side": "yes"
        },
        {
            "trade_id": "01ccd2bc-5687-4d8f-a0d1-2d4f9747265d",
            "ticker": "KXHIGHMIA-24DEC14-B77.5",
            "count": 730,
            "created_time": "2024-12-14T17:10:19.287023Z",
            "yes_price": 1,
            "no_price": 99,
            "taker_side": "yes"
        },
        {
            "trade_id": "971ffa1a-78be-4d3d-abc4-dbf8d32b7837",
            "ticker": "KXHIGHMIA-24DEC14-B77.5",
            "count": 41,
            "created_time": "2024-12-14T17:01:34.047949Z",
            "yes_price": 1,
            "no_price": 99,
            "taker_side": "yes"
        },
        {
            "trade_id": "f7daa0a0-cf1d-48b5-bdf7-993d6e102891",
            "ticker": "KXHIGHMIA-24DEC14-B77.5",
            "count": 200,
            "created_time": "2024-12-14T16:55:45.447765Z",
            "yes_price": 1,
            "no_price": 99,
            "taker_side": "no"
        },
        {
            "trade_id": "97baaba8-fc4e-4e04-9ac0-8c490b0307d1",
            "ticker": "KXHIGHMIA-24DEC14-B77.5",
            "count": 536,
            "created_time": "2024-12-14T16:55:45.447765Z",
            "yes_price": 1,
            "no_price": 99,
            "taker_side": "no"
        },
        {
            "trade_id": "0b40256d-f2cb-480c-a09f-84200044ce63",
            "ticker": "KXHIGHMIA-24DEC14-B77.5",
            "count": 750,
            "created_time": "2024-12-14T16:55:45.447765Z",
            "yes_price": 2,
            "no_price": 98,
            "taker_side": "no"
        },
        {
            "trade_id": "329823c8-0ab4-45db-9195-915780893cb2",
            "ticker": "KXHIGHMIA-24DEC14-B77.5",
            "count": 41,
            "created_time": "2024-12-14T16:53:49.644811Z",
            "yes_price": 9,
            "no_price": 91,
            "taker_side": "yes"
        },
        {
            "trade_id": "158e1ce4-40a7-4748-8d99-e96b1b6ae734",
            "ticker": "KXHIGHMIA-24DEC14-B77.5",
            "count": 75,
            "created_time": "2024-12-14T16:48:40.8617Z",
            "yes_price": 10,
            "no_price": 90,
            "taker_side": "no"
        },
        {
            "trade_id": "8992a5ba-dbcf-48fd-8338-41aec24b9158",
            "ticker": "KXHIGHMIA-24DEC14-B77.5",
            "count": 100,
            "created_time": "2024-12-14T16:43:56.963544Z",
            "yes_price": 10,
            "no_price": 90,
            "taker_side": "no"
        },
        {
            "trade_id": "e7970e61-3698-4ac7-bb0e-ebdbeae84811",
            "ticker": "KXHIGHMIA-24DEC14-B77.5",
            "count": 25,
            "created_time": "2024-12-14T16:42:18.791072Z",
            "yes_price": 10,
            "no_price": 90,
            "taker_side": "yes"
        },
        {
            "trade_id": "b3e0953f-e211-4fae-acbd-398d74f44f7e",
            "ticker": "KXHIGHMIA-24DEC14-B77.5",
            "count": 27,
            "created_time": "2024-12-14T16:40:30.074188Z",
            "yes_price": 3,
            "no_price": 97,
            "taker_side": "no"
        },
        {
            "trade_id": "14e9d234-fa1e-46eb-a80f-a59ca43689aa",
            "ticker": "KXHIGHMIA-24DEC14-B77.5",
            "count": 20,
            "created_time": "2024-12-14T16:32:36.553096Z",
            "yes_price": 5,
            "no_price": 95,
            "taker_side": "no"
        },
        {
            "trade_id": "c5fb176a-f606-42e3-b3f5-95013de7dfee",
            "ticker": "KXHIGHMIA-24DEC14-B77.5",
            "count": 280,
            "created_time": "2024-12-14T16:31:21.553715Z",
            "yes_price": 5,
            "no_price": 95,
            "taker_side": "no"
        },
        {
            "trade_id": "a0dd6eff-cc94-49c5-9edf-3245291b81eb",
            "ticker": "KXHIGHMIA-24DEC14-B77.5",
            "count": 20,
            "created_time": "2024-12-14T16:31:21.553715Z",
            "yes_price": 6,
            "no_price": 94,
            "taker_side": "no"
        },
        {
            "trade_id": "29edf10b-c9b1-4425-b3df-3648d8507bf3",
            "ticker": "KXHIGHMIA-24DEC14-B77.5",
            "count": 20,
            "created_time": "2024-12-14T16:21:32.247054Z",
            "yes_price": 9,
            "no_price": 91,
            "taker_side": "yes"
        },
        {
            "trade_id": "9732bba2-8154-406b-a67f-9279839748b3",
            "ticker": "KXHIGHMIA-24DEC14-B77.5",
            "count": 75,
            "created_time": "2024-12-14T16:18:01.038242Z",
            "yes_price": 9,
            "no_price": 91,
            "taker_side": "yes"
        },
        {
            "trade_id": "2b070d9c-7232-4f73-b2a2-cdfd659096c2",
            "ticker": "KXHIGHMIA-24DEC14-B77.5",
            "count": 42,
            "created_time": "2024-12-14T16:18:01.038242Z",
            "yes_price": 8,
            "no_price": 92,
            "taker_side": "yes"
        },
        {
            "trade_id": "f0fc004b-516d-47fb-8fc2-3feb1d78c39d",
            "ticker": "KXHIGHMIA-24DEC14-B77.5",
            "count": 8,
            "created_time": "2024-12-14T16:09:17.166748Z",
            "yes_price": 8,
            "no_price": 92,
            "taker_side": "yes"
        },
        {
            "trade_id": "3693ef8c-a400-4752-a05c-14f3d463121c",
            "ticker": "KXHIGHMIA-24DEC14-B77.5",
            "count": 37,
            "created_time": "2024-12-14T16:08:16.5461Z",
            "yes_price": 3,
            "no_price": 97,
            "taker_side": "no"
        },
        {
            "trade_id": "f69cae38-626b-4aa1-ad89-82530f2e9a10",
            "ticker": "KXHIGHMIA-24DEC14-B77.5",
            "count": 10,
            "created_time": "2024-12-14T16:06:25.867647Z",
            "yes_price": 9,
            "no_price": 91,
            "taker_side": "yes"
        },
        {
            "trade_id": "fa7a3f08-16ff-4a03-be45-8137db214f85",
            "ticker": "KXHIGHMIA-24DEC14-B77.5",
            "count": 21,
            "created_time": "2024-12-14T16:05:10.533431Z",
            "yes_price": 9,
            "no_price": 91,
            "taker_side": "yes"
        },
        {
            "trade_id": "9d6bc0bc-8881-4ddc-817e-1d22ad9cb607",
            "ticker": "KXHIGHMIA-24DEC14-B77.5",
            "count": 7,
            "created_time": "2024-12-14T16:03:34.764623Z",
            "yes_price": 10,
            "no_price": 90,
            "taker_side": "yes"
        },
        {
            "trade_id": "40adb737-fba2-4cff-b156-41cc48feb72e",
            "ticker": "KXHIGHMIA-24DEC14-B77.5",
            "count": 13,
            "created_time": "2024-12-14T16:03:34.764623Z",
            "yes_price": 9,
            "no_price": 91,
            "taker_side": "yes"
        },
        {
            "trade_id": "97c652c6-6725-4f6a-b24a-b948042320bd",
            "ticker": "KXHIGHMIA-24DEC14-B77.5",
            "count": 10,
            "created_time": "2024-12-14T16:03:02.77568Z",
            "yes_price": 9,
            "no_price": 91,
            "taker_side": "yes"
        },
        {
            "trade_id": "46e227c9-f3ea-4a85-81f2-2310890d583c",
            "ticker": "KXHIGHMIA-24DEC14-B77.5",
            "count": 1,
            "created_time": "2024-12-14T15:58:47.131392Z",
            "yes_price": 1,
            "no_price": 99,
            "taker_side": "no"
        },
        {
            "trade_id": "d561def5-81b5-44ec-a4e7-801682dab9cd",
            "ticker": "KXHIGHMIA-24DEC14-B77.5",
            "count": 392,
            "created_time": "2024-12-14T15:57:39.814068Z",
            "yes_price": 8,
            "no_price": 92,
            "taker_side": "no"
        },
        {
            "trade_id": "c5e311c8-902c-4b30-b088-f5f3c929aff9",
            "ticker": "KXHIGHMIA-24DEC14-B77.5",
            "count": 108,
            "created_time": "2024-12-14T15:57:39.814068Z",
            "yes_price": 1,
            "no_price": 99,
            "taker_side": "no"
        },
        {
            "trade_id": "a1e646f1-ce92-4c4e-b156-58533032768a",
            "ticker": "KXHIGHMIA-24DEC14-B77.5",
            "count": 8,
            "created_time": "2024-12-14T15:56:18.902877Z",
            "yes_price": 8,
            "no_price": 92,
            "taker_side": "no"
        },
        {
            "trade_id": "0ddf569b-d5cc-4589-b97a-723dff3a7623",
            "ticker": "KXHIGHMIA-24DEC14-B77.5",
            "count": 50,
            "created_time": "2024-12-14T15:56:18.902877Z",
            "yes_price": 9,
            "no_price": 91,
            "taker_side": "no"
        },
        {
            "trade_id": "cae8487f-2b02-464a-95c1-41b7e3c61dae",
            "ticker": "KXHIGHMIA-24DEC14-B77.5",
            "count": 9,
            "created_time": "2024-12-14T15:53:26.865407Z",
            "yes_price": 10,
            "no_price": 90,
            "taker_side": "yes"
        },
        {
            "trade_id": "e893271c-5312-42d1-b3d0-c3d43b1ede4d",
            "ticker": "KXHIGHMIA-24DEC14-B77.5",
            "count": 23,
            "created_time": "2024-12-14T15:51:11.178758Z",
            "yes_price": 10,
            "no_price": 90,
            "taker_side": "yes"
        },
        {
            "trade_id": "470b90a6-ab2a-490b-96cb-4697f642d379",
            "ticker": "KXHIGHMIA-24DEC14-B77.5",
            "count": 25,
            "created_time": "2024-12-14T15:51:11.178758Z",
            "yes_price": 10,
            "no_price": 90,
            "taker_side": "yes"
        },
        {
            "trade_id": "21451612-ca8f-42fc-a210-06185d15b669",
            "ticker": "KXHIGHMIA-24DEC14-B77.5",
            "count": 50,
            "created_time": "2024-12-14T15:51:11.178758Z",
            "yes_price": 9,
            "no_price": 91,
            "taker_side": "yes"
        },
        {
            "trade_id": "17aeb5ad-9fd6-4c10-bddb-a66774db64ef",
            "ticker": "KXHIGHMIA-24DEC14-B77.5",
            "count": 52,
            "created_time": "2024-12-14T15:43:35.640863Z",
            "yes_price": 9,
            "no_price": 91,
            "taker_side": "yes"
        },
        {
            "trade_id": "5dc66964-6b65-4bbc-8af6-8fefaa46db8d",
            "ticker": "KXHIGHMIA-24DEC14-B77.5",
            "count": 6,
            "created_time": "2024-12-14T15:32:35.18029Z",
            "yes_price": 8,
            "no_price": 92,
            "taker_side": "yes"
        },
        {
            "trade_id": "59b9fcb3-0cf9-4a7c-91c4-ff46137d0861",
            "ticker": "KXHIGHMIA-24DEC14-B77.5",
            "count": 5,
            "created_time": "2024-12-14T15:32:35.18029Z",
            "yes_price": 9,
            "no_price": 91,
            "taker_side": "yes"
        },
        {
            "trade_id": "d7988f80-c98d-4725-a0b7-016f8bdb46e9",
            "ticker": "KXHIGHMIA-24DEC14-B77.5",
            "count": 19,
            "created_time": "2024-12-14T15:32:24.87954Z",
            "yes_price": 8,
            "no_price": 92,
            "taker_side": "yes"
        },
        {
            "trade_id": "43f8bf58-0214-4594-9fcc-d85d2cde025a",
            "ticker": "KXHIGHMIA-24DEC14-B77.5",
            "count": 33,
            "created_time": "2024-12-14T15:32:24.87954Z",
            "yes_price": 6,
            "no_price": 94,
            "taker_side": "yes"
        },
        {
            "trade_id": "c3ba2a23-0f73-4910-a1f0-f53271687a83",
            "ticker": "KXHIGHMIA-24DEC14-B77.5",
            "count": 52,
            "created_time": "2024-12-14T15:31:28.561122Z",
            "yes_price": 5,
            "no_price": 95,
            "taker_side": "no"
        },
        {
            "trade_id": "ef2ab8d0-f719-440b-9476-36db90a0d8cd",
            "ticker": "KXHIGHMIA-24DEC14-B77.5",
            "count": 17,
            "created_time": "2024-12-14T15:30:35.650949Z",
            "yes_price": 6,
            "no_price": 94,
            "taker_side": "yes"
        },
        {
            "trade_id": "d46610c8-291b-4264-8bb2-f52edb8b0137",
            "ticker": "KXHIGHMIA-24DEC14-B77.5",
            "count": 1,
            "created_time": "2024-12-14T15:28:24.653255Z",
            "yes_price": 5,
            "no_price": 95,
            "taker_side": "no"
        },
        {
            "trade_id": "b1e3eb36-4abd-46ff-822d-027c6016efd8",
            "ticker": "KXHIGHMIA-24DEC14-B77.5",
            "count": 1,
            "created_time": "2024-12-14T15:28:24.648256Z",
            "yes_price": 5,
            "no_price": 95,
            "taker_side": "no"
        },
        {
            "trade_id": "e8882a13-971b-4e5a-8eee-c3b3ed6bbf1b",
            "ticker": "KXHIGHMIA-24DEC14-B77.5",
            "count": 4,
            "created_time": "2024-12-14T15:28:24.619078Z",
            "yes_price": 5,
            "no_price": 95,
            "taker_side": "no"
        },
        {
            "trade_id": "3cefb014-e3fc-4af1-8b8f-d2ae2b8a6f85",
            "ticker": "KXHIGHMIA-24DEC14-B77.5",
            "count": 1,
            "created_time": "2024-12-14T15:26:16.515989Z",
            "yes_price": 5,
            "no_price": 95,
            "taker_side": "no"
        },
        {
            "trade_id": "fd7e9f72-f0cd-4c3d-b16d-a762a75dcdc1",
            "ticker": "KXHIGHMIA-24DEC14-B77.5",
            "count": 1,
            "created_time": "2024-12-14T15:26:03.527028Z",
            "yes_price": 9,
            "no_price": 91,
            "taker_side": "yes"
        },
        {
            "trade_id": "05ec8bff-7c08-4c06-ba21-a034482bbbc3",
            "ticker": "KXHIGHMIA-24DEC14-B77.5",
            "count": 10,
            "created_time": "2024-12-14T15:25:51.539633Z",
            "yes_price": 9,
            "no_price": 91,
            "taker_side": "yes"
        },
        {
            "trade_id": "dd246503-c9f8-4533-80c0-1fe3a1172d51",
            "ticker": "KXHIGHMIA-24DEC14-B77.5",
            "count": 16,
            "created_time": "2024-12-14T15:21:10.745637Z",
            "yes_price": 9,
            "no_price": 91,
            "taker_side": "yes"
        },
        {
            "trade_id": "1f039736-3324-465f-ac35-30bc3c2cd60d",
            "ticker": "KXHIGHMIA-24DEC14-B77.5",
            "count": 62,
            "created_time": "2024-12-14T15:06:34.830372Z",
            "yes_price": 6,
            "no_price": 94,
            "taker_side": "yes"
        },
        {
            "trade_id": "c1c7995e-b854-4705-9b01-a3481a4c4762",
            "ticker": "KXHIGHMIA-24DEC14-B77.5",
            "count": 40,
            "created_time": "2024-12-14T14:54:37.926337Z",
            "yes_price": 9,
            "no_price": 91,
            "taker_side": "yes"
        },
        {
            "trade_id": "5ea815f9-d4ae-4493-81af-8ebd519db913",
            "ticker": "KXHIGHMIA-24DEC14-B77.5",
            "count": 12,
            "created_time": "2024-12-14T14:54:37.926337Z",
            "yes_price": 9,
            "no_price": 91,
            "taker_side": "yes"
        },
        {
            "trade_id": "374581f4-f8f8-4d2f-ac02-c6a0d61b4cba",
            "ticker": "KXHIGHMIA-24DEC14-B77.5",
            "count": 10,
            "created_time": "2024-12-14T14:53:41.451223Z",
            "yes_price": 9,
            "no_price": 91,
            "taker_side": "yes"
        },
        {
            "trade_id": "b4dfe71a-2fe4-45eb-82ac-6cd10c5df9fa",
            "ticker": "KXHIGHMIA-24DEC14-B77.5",
            "count": 94,
            "created_time": "2024-12-14T14:43:04.168886Z",
            "yes_price": 10,
            "no_price": 90,
            "taker_side": "yes"
        },
        {
            "trade_id": "c372f522-efcd-4390-841f-e354d0662cd3",
            "ticker": "KXHIGHMIA-24DEC14-B77.5",
            "count": 221,
            "created_time": "2024-12-14T14:36:43.39009Z",
            "yes_price": 1,
            "no_price": 99,
            "taker_side": "no"
        },
        {
            "trade_id": "9b37d149-5c49-4b53-952c-ae6674538116",
            "ticker": "KXHIGHMIA-24DEC14-B77.5",
            "count": 100,
            "created_time": "2024-12-14T14:36:43.39009Z",
            "yes_price": 1,
            "no_price": 99,
            "taker_side": "no"
        },
        {
            "trade_id": "2afcac4a-a1b4-407e-8d4c-28e416c77d70",
            "ticker": "KXHIGHMIA-24DEC14-B77.5",
            "count": 100,
            "created_time": "2024-12-14T14:36:43.39009Z",
            "yes_price": 3,
            "no_price": 97,
            "taker_side": "no"
        },
        {
            "trade_id": "26494a53-38d3-44b4-a1b1-5711aad37b2d",
            "ticker": "KXHIGHMIA-24DEC14-B77.5",
            "count": 192,
            "created_time": "2024-12-14T14:36:43.39009Z",
            "yes_price": 1,
            "no_price": 99,
            "taker_side": "no"
        },
        {
            "trade_id": "67e8b4e9-52bf-4daa-af26-270d45923063",
            "ticker": "KXHIGHMIA-24DEC14-B77.5",
            "count": 17,
            "created_time": "2024-12-14T14:33:48.059659Z",
            "yes_price": 8,
            "no_price": 92,
            "taker_side": "yes"
        },
        {
            "trade_id": "0c2ee7c8-b73a-425d-a889-5b6a76cedb64",
            "ticker": "KXHIGHMIA-24DEC14-B77.5",
            "count": 37,
            "created_time": "2024-12-14T14:33:48.059659Z",
            "yes_price": 9,
            "no_price": 91,
            "taker_side": "yes"
        },
        {
            "trade_id": "bd5c3d1c-fa64-4fde-9b98-73fee97f6710",
            "ticker": "KXHIGHMIA-24DEC14-B77.5",
            "count": 100,
            "created_time": "2024-12-14T14:29:48.482456Z",
            "yes_price": 1,
            "no_price": 99,
            "taker_side": "no"
        },
        {
            "trade_id": "b94b84e8-219e-4f00-ba03-738e21d3c694",
            "ticker": "KXHIGHMIA-24DEC14-B77.5",
            "count": 50,
            "created_time": "2024-12-14T14:28:45.842568Z",
            "yes_price": 1,
            "no_price": 99,
            "taker_side": "no"
        },
        {
            "trade_id": "afc2c0e6-fe46-4545-8dd7-d75feec87db9",
            "ticker": "KXHIGHMIA-24DEC14-B77.5",
            "count": 120,
            "created_time": "2024-12-14T14:28:45.842568Z",
            "yes_price": 1,
            "no_price": 99,
            "taker_side": "no"
        },
        {
            "trade_id": "dca02f8a-14ca-4eb9-9e24-8e0d2d5869be",
            "ticker": "KXHIGHMIA-24DEC14-B77.5",
            "count": 40,
            "created_time": "2024-12-14T14:28:36.61917Z",
            "yes_price": 2,
            "no_price": 98,
            "taker_side": "no"
        },
        {
            "trade_id": "8d28b161-3d00-43a7-90af-87fbd29b2fc8",
            "ticker": "KXHIGHMIA-24DEC14-B77.5",
            "count": 40,
            "created_time": "2024-12-14T14:28:36.61917Z",
            "yes_price": 2,
            "no_price": 98,
            "taker_side": "no"
        },
        {
            "trade_id": "7e3a1cde-0b55-439f-ad2e-229faf914d52",
            "ticker": "KXHIGHMIA-24DEC14-B77.5",
            "count": 40,
            "created_time": "2024-12-14T14:28:36.61917Z",
            "yes_price": 3,
            "no_price": 97,
            "taker_side": "no"
        },
        {
            "trade_id": "5dedafa8-4c03-4cad-add5-9fcc3b8fa288",
            "ticker": "KXHIGHMIA-24DEC14-B77.5",
            "count": 40,
            "created_time": "2024-12-14T14:28:36.61917Z",
            "yes_price": 3,
            "no_price": 97,
            "taker_side": "no"
        },
        {
            "trade_id": "c3a255aa-fca1-47bb-bb46-f845e679d894",
            "ticker": "KXHIGHMIA-24DEC14-B77.5",
            "count": 200,
            "created_time": "2024-12-14T14:28:26.359938Z",
            "yes_price": 4,
            "no_price": 96,
            "taker_side": "no"
        },
        {
            "trade_id": "7d12c67c-a167-44a6-8f40-9c58fa66f0da",
            "ticker": "KXHIGHMIA-24DEC14-B77.5",
            "count": 35,
            "created_time": "2024-12-14T14:28:17.709458Z",
            "yes_price": 5,
            "no_price": 95,
            "taker_side": "no"
        },
        {
            "trade_id": "6af8d5ab-99f5-4bf2-b814-41eadc36b7d0",
            "ticker": "KXHIGHMIA-24DEC14-B77.5",
            "count": 40,
            "created_time": "2024-12-14T14:28:17.709458Z",
            "yes_price": 5,
            "no_price": 95,
            "taker_side": "no"
        },
        {
            "trade_id": "66a11eee-3bf0-4ce6-81f1-9c06788b20f6",
            "ticker": "KXHIGHMIA-24DEC14-B77.5",
            "count": 40,
            "created_time": "2024-12-14T14:28:17.709458Z",
            "yes_price": 5,
            "no_price": 95,
            "taker_side": "no"
        },
        {
            "trade_id": "c8beccda-6854-485c-82a5-9d5b9b284d78",
            "ticker": "KXHIGHMIA-24DEC14-B77.5",
            "count": 40,
            "created_time": "2024-12-14T14:27:39.011206Z",
            "yes_price": 6,
            "no_price": 94,
            "taker_side": "no"
        },
        {
            "trade_id": "a0e8b6d2-a07c-46ec-aa4e-2cb1edc5a2d7",
            "ticker": "KXHIGHMIA-24DEC14-B77.5",
            "count": 200,
            "created_time": "2024-12-14T14:27:39.011206Z",
            "yes_price": 6,
            "no_price": 94,
            "taker_side": "no"
        },
        {
            "trade_id": "86f2fc29-c55d-4520-83bd-50d558d7d972",
            "ticker": "KXHIGHMIA-24DEC14-B77.5",
            "count": 650,
            "created_time": "2024-12-14T14:27:39.011206Z",
            "yes_price": 5,
            "no_price": 95,
            "taker_side": "no"
        },
        {
            "trade_id": "3761d112-7579-4f71-bab2-4444f6e02776",
            "ticker": "KXHIGHMIA-24DEC14-B77.5",
            "count": 40,
            "created_time": "2024-12-14T14:27:39.011206Z",
            "yes_price": 6,
            "no_price": 94,
            "taker_side": "no"
        },
        {
            "trade_id": "0809b02e-1e3f-4a33-abe9-efa4ac684d99",
            "ticker": "KXHIGHMIA-24DEC14-B77.5",
            "count": 5,
            "created_time": "2024-12-14T14:27:39.011206Z",
            "yes_price": 5,
            "no_price": 95,
            "taker_side": "no"
        },
        {
            "trade_id": "f0a94cad-dfa9-41d8-b86a-0ab37ac1d5e1",
            "ticker": "KXHIGHMIA-24DEC14-B77.5",
            "count": 42,
            "created_time": "2024-12-14T14:27:05.734984Z",
            "yes_price": 11,
            "no_price": 89,
            "taker_side": "yes"
        },
        {
            "trade_id": "e0c3822c-f474-47c6-87b5-3833f67744fc",
            "ticker": "KXHIGHMIA-24DEC14-B77.5",
            "count": 200,
            "created_time": "2024-12-14T14:22:27.632717Z",
            "yes_price": 10,
            "no_price": 90,
            "taker_side": "no"
        },
        {
            "trade_id": "64c9fb50-6fd4-4800-8b53-9fad3c62c090",
            "ticker": "KXHIGHMIA-24DEC14-B77.5",
            "count": 65,
            "created_time": "2024-12-14T14:22:27.632717Z",
            "yes_price": 10,
            "no_price": 90,
            "taker_side": "no"
        },
        {
            "trade_id": "c640639f-00c7-4740-8347-e38193bafda6",
            "ticker": "KXHIGHMIA-24DEC14-B77.5",
            "count": 35,
            "created_time": "2024-12-14T14:21:41.840966Z",
            "yes_price": 10,
            "no_price": 90,
            "taker_side": "no"
        },
        {
            "trade_id": "f816dbdc-9e57-443e-a37f-b58dc7ad5680",
            "ticker": "KXHIGHMIA-24DEC14-B77.5",
            "count": 300,
            "created_time": "2024-12-14T14:19:09.170912Z",
            "yes_price": 12,
            "no_price": 88,
            "taker_side": "no"
        },
        {
            "trade_id": "c6fbb0fa-c635-44cd-850d-9965c90c36ba",
            "ticker": "KXHIGHMIA-24DEC14-B77.5",
            "count": 39,
            "created_time": "2024-12-14T14:19:09.170912Z",
            "yes_price": 10,
            "no_price": 90,
            "taker_side": "no"
        },
        {
            "trade_id": "9c09e5f5-62c8-49cd-bc96-9e3fdf75269a",
            "ticker": "KXHIGHMIA-24DEC14-B77.5",
            "count": 40,
            "created_time": "2024-12-14T14:19:09.170912Z",
            "yes_price": 11,
            "no_price": 89,
            "taker_side": "no"
        },
        {
            "trade_id": "90362efd-b3f3-4724-a928-b351dacda7f6",
            "ticker": "KXHIGHMIA-24DEC14-B77.5",
            "count": 150,
            "created_time": "2024-12-14T14:19:09.170912Z",
            "yes_price": 17,
            "no_price": 83,
            "taker_side": "no"
        },
        {
            "trade_id": "60302b95-4ce7-4c11-918a-e1f6158a44eb",
            "ticker": "KXHIGHMIA-24DEC14-B77.5",
            "count": 40,
            "created_time": "2024-12-14T14:19:09.170912Z",
            "yes_price": 11,
            "no_price": 89,
            "taker_side": "no"
        },
        {
            "trade_id": "f9d6a1aa-ea5d-410f-918b-64945f40b1b6",
            "ticker": "KXHIGHMIA-24DEC14-B77.5",
            "count": 25,
            "created_time": "2024-12-14T14:16:30.251166Z",
            "yes_price": 18,
            "no_price": 82,
            "taker_side": "yes"
        },
        {
            "trade_id": "3a983d96-49a5-48a1-b5de-08d72e6036f2",
            "ticker": "KXHIGHMIA-24DEC14-B77.5",
            "count": 25,
            "created_time": "2024-12-14T14:16:16.647713Z",
            "yes_price": 19,
            "no_price": 81,
            "taker_side": "no"
        },
        {
            "trade_id": "e4b0d7ed-12ef-4fc2-8965-c838b2793d76",
            "ticker": "KXHIGHMIA-24DEC14-B77.5",
            "count": 7,
            "created_time": "2024-12-14T14:12:40.9298Z",
            "yes_price": 25,
            "no_price": 75,
            "taker_side": "yes"
        },
        {
            "trade_id": "cc3e3383-d9b3-41c0-80ea-4b6d14d5cec2",
            "ticker": "KXHIGHMIA-24DEC14-B77.5",
            "count": 94,
            "created_time": "2024-12-14T14:07:52.801977Z",
            "yes_price": 20,
            "no_price": 80,
            "taker_side": "no"
        },
        {
            "trade_id": "ab76f372-81cf-4133-a419-d1d164352f06",
            "ticker": "KXHIGHMIA-24DEC14-B77.5",
            "count": 35,
            "created_time": "2024-12-14T14:06:14.469756Z",
            "yes_price": 26,
            "no_price": 74,
            "taker_side": "yes"
        },
        {
            "trade_id": "754c822d-eda4-4c97-898f-9de1c0b52f84",
            "ticker": "KXHIGHMIA-24DEC14-B77.5",
            "count": 1,
            "created_time": "2024-12-14T13:59:47.799769Z",
            "yes_price": 27,
            "no_price": 73,
            "taker_side": "yes"
        },
        {
            "trade_id": "5a8782a9-4235-43a3-be04-36c6aab5d575",
            "ticker": "KXHIGHMIA-24DEC14-B77.5",
            "count": 100,
            "created_time": "2024-12-14T13:59:23.702563Z",
            "yes_price": 25,
            "no_price": 75,
            "taker_side": "yes"
        },
        {
            "trade_id": "55667506-36a5-4541-bb0d-eb8751c80249",
            "ticker": "KXHIGHMIA-24DEC14-B77.5",
            "count": 60,
            "created_time": "2024-12-14T13:59:23.702563Z",
            "yes_price": 25,
            "no_price": 75,
            "taker_side": "yes"
        },
        {
            "trade_id": "dce05100-e85a-4d4e-8993-70b8b2ac3122",
            "ticker": "KXHIGHMIA-24DEC14-B77.5",
            "count": 15,
            "created_time": "2024-12-14T13:57:35.685747Z",
            "yes_price": 25,
            "no_price": 75,
            "taker_side": "yes"
        },
        {
            "trade_id": "c7b29b7f-79fc-4f17-9e54-1506231a15a6",
            "ticker": "KXHIGHMIA-24DEC14-B77.5",
            "count": 66,
            "created_time": "2024-12-14T13:44:13.397805Z",
            "yes_price": 21,
            "no_price": 79,
            "taker_side": "no"
        },
        {
            "trade_id": "8a6c433e-2306-4f88-aa41-0be09ac3a787",
            "ticker": "KXHIGHMIA-24DEC14-B77.5",
            "count": 114,
            "created_time": "2024-12-14T13:44:13.397805Z",
            "yes_price": 16,
            "no_price": 84,
            "taker_side": "no"
        },
        {
            "trade_id": "36ab9e26-5865-47c0-b201-607fa4dc1377",
            "ticker": "KXHIGHMIA-24DEC14-B77.5",
            "count": 200,
            "created_time": "2024-12-14T13:44:13.397805Z",
            "yes_price": 20,
            "no_price": 80,
            "taker_side": "no"
        },
        {
            "trade_id": "2af605b6-446b-4b67-a6c6-73c746d932ff",
            "ticker": "KXHIGHMIA-24DEC14-B77.5",
            "count": 100,
            "created_time": "2024-12-14T13:44:13.397805Z",
            "yes_price": 17,
            "no_price": 83,
            "taker_side": "no"
        },
        {
            "trade_id": "08e509f1-b2bb-4530-9583-5c68ea2dae20",
            "ticker": "KXHIGHMIA-24DEC14-B77.5",
            "count": 125,
            "created_time": "2024-12-14T13:44:13.397805Z",
            "yes_price": 18,
            "no_price": 82,
            "taker_side": "no"
        },
        {
            "trade_id": "f49a6a59-7f48-43a3-8a22-40d6e50de352",
            "ticker": "KXHIGHMIA-24DEC14-B77.5",
            "count": 1,
            "created_time": "2024-12-14T13:38:11.319463Z",
            "yes_price": 29,
            "no_price": 71,
            "taker_side": "yes"
        },
        {
            "trade_id": "f01255e5-a3ff-47e6-88ab-aca6562105ad",
            "ticker": "KXHIGHMIA-24DEC14-B77.5",
            "count": 10,
            "created_time": "2024-12-14T13:38:11.319463Z",
            "yes_price": 21,
            "no_price": 79,
            "taker_side": "yes"
        },
        {
            "trade_id": "eca398e0-de9f-4e5a-b592-a93fe79da485",
            "ticker": "KXHIGHMIA-24DEC14-B77.5",
            "count": 4,
            "created_time": "2024-12-14T13:38:11.319463Z",
            "yes_price": 23,
            "no_price": 77,
            "taker_side": "yes"
        },
        {
            "trade_id": "d5cc6f2d-8ce4-43e8-8312-c39746f78d94",
            "ticker": "KXHIGHMIA-24DEC14-B77.5",
            "count": 17,
            "created_time": "2024-12-14T13:38:11.319463Z",
            "yes_price": 30,
            "no_price": 70,
            "taker_side": "yes"
        },
        {
            "trade_id": "9989ff8c-3263-4616-9cbb-208c0b0cbf6d",
            "ticker": "KXHIGHMIA-24DEC14-B77.5",
            "count": 2,
            "created_time": "2024-12-14T13:38:11.319463Z",
            "yes_price": 22,
            "no_price": 78,
            "taker_side": "yes"
        },
        {
            "trade_id": "98dd1567-5815-400d-acf0-0c6062fca099",
            "ticker": "KXHIGHMIA-24DEC14-B77.5",
            "count": 1,
            "created_time": "2024-12-14T13:38:11.319463Z",
            "yes_price": 25,
            "no_price": 75,
            "taker_side": "yes"
        },
        {
            "trade_id": "84cf3912-4c7d-4238-a008-06bf6586d09e",
            "ticker": "KXHIGHMIA-24DEC14-B77.5",
            "count": 1,
            "created_time": "2024-12-14T13:38:11.319463Z",
            "yes_price": 28,
            "no_price": 72,
            "taker_side": "yes"
        },
        {
            "trade_id": "b5aaf875-c97e-4672-bd0c-e357d97dd23b",
            "ticker": "KXHIGHMIA-24DEC14-B77.5",
            "count": 50,
            "created_time": "2024-12-14T13:07:05.126932Z",
            "yes_price": 21,
            "no_price": 79,
            "taker_side": "no"
        },
        {
            "trade_id": "b04787c3-b6ca-4b99-abc7-31f32d3c1797",
            "ticker": "KXHIGHMIA-24DEC14-B77.5",
            "count": 50,
            "created_time": "2024-12-14T13:07:05.126932Z",
            "yes_price": 23,
            "no_price": 77,
            "taker_side": "no"
        },
        {
            "trade_id": "6909d92b-2322-42e7-b812-8d03760c85ef",
            "ticker": "KXHIGHMIA-24DEC14-B77.5",
            "count": 62,
            "created_time": "2024-12-14T13:07:05.126932Z",
            "yes_price": 23,
            "no_price": 77,
            "taker_side": "no"
        },
        {
            "trade_id": "52746270-3800-4087-af0e-19a2dea5e7c1",
            "ticker": "KXHIGHMIA-24DEC14-B77.5",
            "count": 5,
            "created_time": "2024-12-14T13:07:05.126932Z",
            "yes_price": 24,
            "no_price": 76,
            "taker_side": "no"
        },
        {
            "trade_id": "0bc71a3d-40d4-484b-a566-a3f75d00f97a",
            "ticker": "KXHIGHMIA-24DEC14-B77.5",
            "count": 50,
            "created_time": "2024-12-14T13:07:05.126932Z",
            "yes_price": 20,
            "no_price": 80,
            "taker_side": "no"
        },
        {
            "trade_id": "04916030-351a-43c2-9127-72014b1df1a8",
            "ticker": "KXHIGHMIA-24DEC14-B77.5",
            "count": 91,
            "created_time": "2024-12-14T13:07:05.126932Z",
            "yes_price": 16,
            "no_price": 84,
            "taker_side": "no"
        },
        {
            "trade_id": "e7c75683-53d4-4b6d-a57f-8f49dc897e6a",
            "ticker": "KXHIGHMIA-24DEC14-B77.5",
            "count": 30,
            "created_time": "2024-12-14T13:04:48.749848Z",
            "yes_price": 28,
            "no_price": 72,
            "taker_side": "yes"
        },
        {
            "trade_id": "77a49297-48af-4153-8fb4-7c1ca039cc1e",
            "ticker": "KXHIGHMIA-24DEC14-B77.5",
            "count": 289,
            "created_time": "2024-12-14T13:04:48.749848Z",
            "yes_price": 30,
            "no_price": 70,
            "taker_side": "yes"
        },
        {
            "trade_id": "d5075592-8e76-4604-a167-0a8aa9cd0ad4",
            "ticker": "KXHIGHMIA-24DEC14-B77.5",
            "count": 302,
            "created_time": "2024-12-14T07:59:04.32455Z",
            "yes_price": 27,
            "no_price": 73,
            "taker_side": "no"
        },
        {
            "trade_id": "9a0c0551-9d0f-4dca-a140-f88aa7454c7f",
            "ticker": "KXHIGHMIA-24DEC14-B77.5",
            "count": 39,
            "created_time": "2024-12-14T07:51:43.216981Z",
            "yes_price": 25,
            "no_price": 75,
            "taker_side": "no"
        },
        {
            "trade_id": "a397d9fc-4f4d-4af0-959d-ac8bb9eed9bd",
            "ticker": "KXHIGHMIA-24DEC14-B77.5",
            "count": 159,
            "created_time": "2024-12-14T07:43:16.0504Z",
            "yes_price": 31,
            "no_price": 69,
            "taker_side": "yes"
        },
        {
            "trade_id": "0fd02460-9c2d-4fa6-ae21-5981ff268b34",
            "ticker": "KXHIGHMIA-24DEC14-B77.5",
            "count": 6,
            "created_time": "2024-12-14T07:41:17.61424Z",
            "yes_price": 30,
            "no_price": 70,
            "taker_side": "yes"
        },
        {
            "trade_id": "ac4445f9-08d1-45ef-ab33-2029acc4a820",
            "ticker": "KXHIGHMIA-24DEC14-B77.5",
            "count": 50,
            "created_time": "2024-12-14T07:07:59.747183Z",
            "yes_price": 24,
            "no_price": 76,
            "taker_side": "yes"
        },
        {
            "trade_id": "c91f4e72-f81a-457e-989a-b898ded11117",
            "ticker": "KXHIGHMIA-24DEC14-B77.5",
            "count": 8,
            "created_time": "2024-12-14T07:06:52.181903Z",
            "yes_price": 26,
            "no_price": 74,
            "taker_side": "yes"
        },
        {
            "trade_id": "8760b5d0-1076-4187-8842-19dd1c822387",
            "ticker": "KXHIGHMIA-24DEC14-B77.5",
            "count": 150,
            "created_time": "2024-12-14T07:06:52.181903Z",
            "yes_price": 25,
            "no_price": 75,
            "taker_side": "yes"
        },
        {
            "trade_id": "54487bcf-d413-4f28-9aac-d82efa0b8cda",
            "ticker": "KXHIGHMIA-24DEC14-B77.5",
            "count": 150,
            "created_time": "2024-12-14T07:05:41.357718Z",
            "yes_price": 25,
            "no_price": 75,
            "taker_side": "yes"
        },
        {
            "trade_id": "276781e0-1328-4428-bfc1-597ed4300f7b",
            "ticker": "KXHIGHMIA-24DEC14-B77.5",
            "count": 50,
            "created_time": "2024-12-14T07:02:48.760024Z",
            "yes_price": 29,
            "no_price": 71,
            "taker_side": "yes"
        },
        {
            "trade_id": "e12c87e9-a60b-4bc3-859e-8dcca842b449",
            "ticker": "KXHIGHMIA-24DEC14-B77.5",
            "count": 100,
            "created_time": "2024-12-14T06:20:41.555254Z",
            "yes_price": 32,
            "no_price": 68,
            "taker_side": "yes"
        },
        {
            "trade_id": "d7f8ef96-b769-4843-be1d-61cde19ccb1e",
            "ticker": "KXHIGHMIA-24DEC14-B77.5",
            "count": 6,
            "created_time": "2024-12-14T06:12:26.545736Z",
            "yes_price": 32,
            "no_price": 68,
            "taker_side": "yes"
        },
        {
            "trade_id": "376754b9-28ab-4641-9227-f13b4254dc89",
            "ticker": "KXHIGHMIA-24DEC14-B77.5",
            "count": 6,
            "created_time": "2024-12-14T06:12:26.545736Z",
            "yes_price": 32,
            "no_price": 68,
            "taker_side": "yes"
        },
        {
            "trade_id": "b6a01fc6-0c3f-4632-aea2-23da37f5d306",
            "ticker": "KXHIGHMIA-24DEC14-B77.5",
            "count": 295,
            "created_time": "2024-12-14T05:49:15.820511Z",
            "yes_price": 30,
            "no_price": 70,
            "taker_side": "yes"
        },
        {
            "trade_id": "f1cb1203-f9b2-490e-96a5-534263d81a97",
            "ticker": "KXHIGHMIA-24DEC14-B77.5",
            "count": 100,
            "created_time": "2024-12-14T05:48:53.006519Z",
            "yes_price": 28,
            "no_price": 72,
            "taker_side": "yes"
        },
        {
            "trade_id": "cd6b6689-092a-49db-abd3-f3ef0b79b895",
            "ticker": "KXHIGHMIA-24DEC14-B77.5",
            "count": 100,
            "created_time": "2024-12-14T05:48:53.006519Z",
            "yes_price": 30,
            "no_price": 70,
            "taker_side": "yes"
        },
        {
            "trade_id": "2bab2db8-92fe-4d75-a6f2-054e841cb77f",
            "ticker": "KXHIGHMIA-24DEC14-B77.5",
            "count": 100,
            "created_time": "2024-12-14T05:48:53.006519Z",
            "yes_price": 29,
            "no_price": 71,
            "taker_side": "yes"
        },
        {
            "trade_id": "ffa99ad7-406d-473f-81a7-80a7e57eff68",
            "ticker": "KXHIGHMIA-24DEC14-B77.5",
            "count": 100,
            "created_time": "2024-12-14T05:46:52.969786Z",
            "yes_price": 31,
            "no_price": 69,
            "taker_side": "yes"
        },
        {
            "trade_id": "6b0d8f3a-638f-466b-a16a-7e3c7506d130",
            "ticker": "KXHIGHMIA-24DEC14-B77.5",
            "count": 100,
            "created_time": "2024-12-14T05:46:52.969786Z",
            "yes_price": 30,
            "no_price": 70,
            "taker_side": "yes"
        },
        {
            "trade_id": "1b697aa1-7601-4c53-83cb-a4ffc95f5fb0",
            "ticker": "KXHIGHMIA-24DEC14-B77.5",
            "count": 88,
            "created_time": "2024-12-14T05:46:52.969786Z",
            "yes_price": 28,
            "no_price": 72,
            "taker_side": "yes"
        },
        {
            "trade_id": "00dfd29d-c7f4-423c-84eb-d7d664dbaad4",
            "ticker": "KXHIGHMIA-24DEC14-B77.5",
            "count": 200,
            "created_time": "2024-12-14T05:46:52.969786Z",
            "yes_price": 32,
            "no_price": 68,
            "taker_side": "yes"
        },
        {
            "trade_id": "c4b1059c-8e92-4f08-bcca-4b47cd008f62",
            "ticker": "KXHIGHMIA-24DEC14-B77.5",
            "count": 6,
            "created_time": "2024-12-14T05:45:02.550997Z",
            "yes_price": 33,
            "no_price": 67,
            "taker_side": "yes"
        },
        {
            "trade_id": "a46c560a-d8b0-4705-ba32-70e4458c695b",
            "ticker": "KXHIGHMIA-24DEC14-B77.5",
            "count": 168,
            "created_time": "2024-12-14T05:45:02.550997Z",
            "yes_price": 34,
            "no_price": 66,
            "taker_side": "yes"
        },
        {
            "trade_id": "9d4df27a-984d-45ba-8396-84db0fa357fc",
            "ticker": "KXHIGHMIA-24DEC14-B77.5",
            "count": 5,
            "created_time": "2024-12-14T05:45:02.550997Z",
            "yes_price": 33,
            "no_price": 67,
            "taker_side": "yes"
        },
        {
            "trade_id": "521faa95-c39f-43ba-b5d8-5afeeda30f8d",
            "ticker": "KXHIGHMIA-24DEC14-B77.5",
            "count": 85,
            "created_time": "2024-12-14T05:45:02.550997Z",
            "yes_price": 28,
            "no_price": 72,
            "taker_side": "yes"
        },
        {
            "trade_id": "48e3de1c-b9cf-4146-85d9-13714dea1aa2",
            "ticker": "KXHIGHMIA-24DEC14-B77.5",
            "count": 5,
            "created_time": "2024-12-14T05:45:02.550997Z",
            "yes_price": 33,
            "no_price": 67,
            "taker_side": "yes"
        },
        {
            "trade_id": "364dd766-569d-4d94-9859-94b9caeeedfd",
            "ticker": "KXHIGHMIA-24DEC14-B77.5",
            "count": 25,
            "created_time": "2024-12-14T05:45:02.550997Z",
            "yes_price": 29,
            "no_price": 71,
            "taker_side": "yes"
        },
        {
            "trade_id": "362ff9fa-f7a8-4fdd-a0c1-bf0506d2f20c",
            "ticker": "KXHIGHMIA-24DEC14-B77.5",
            "count": 5,
            "created_time": "2024-12-14T05:45:02.550997Z",
            "yes_price": 33,
            "no_price": 67,
            "taker_side": "yes"
        },
        {
            "trade_id": "85afd547-b62a-4e17-b6f2-f03d0edc48c1",
            "ticker": "KXHIGHMIA-24DEC14-B77.5",
            "count": 17,
            "created_time": "2024-12-14T05:43:29.726234Z",
            "yes_price": 28,
            "no_price": 72,
            "taker_side": "yes"
        },
        {
            "trade_id": "3e04266b-0289-4646-b70a-5b6b823af646",
            "ticker": "KXHIGHMIA-24DEC14-B77.5",
            "count": 18,
            "created_time": "2024-12-14T05:18:41.468993Z",
            "yes_price": 26,
            "no_price": 74,
            "taker_side": "yes"
        },
        {
            "trade_id": "5d1fa2fc-063c-4261-9e38-45374237dd6a",
            "ticker": "KXHIGHMIA-24DEC14-B77.5",
            "count": 7,
            "created_time": "2024-12-14T05:01:19.015001Z",
            "yes_price": 26,
            "no_price": 74,
            "taker_side": "yes"
        },
        {
            "trade_id": "090c039d-0cdc-4eef-a7ee-2d051aeca82c",
            "ticker": "KXHIGHMIA-24DEC14-B77.5",
            "count": 36,
            "created_time": "2024-12-14T04:00:11.143888Z",
            "yes_price": 26,
            "no_price": 74,
            "taker_side": "yes"
        },
        {
            "trade_id": "c508c149-d280-4d85-ace3-d0fab10bd03a",
            "ticker": "KXHIGHMIA-24DEC14-B77.5",
            "count": 5,
            "created_time": "2024-12-14T02:12:26.459383Z",
            "yes_price": 25,
            "no_price": 75,
            "taker_side": "yes"
        },
        {
            "trade_id": "7f2eaa1c-56c3-47c6-aab8-0ab139ebe6ae",
            "ticker": "KXHIGHMIA-24DEC14-B77.5",
            "count": 14,
            "created_time": "2024-12-14T01:52:37.833679Z",
            "yes_price": 33,
            "no_price": 67,
            "taker_side": "yes"
        },
        {
            "trade_id": "9e301536-adbb-45ea-85cc-bb9f0281bb08",
            "ticker": "KXHIGHMIA-24DEC14-B77.5",
            "count": 18,
            "created_time": "2024-12-14T01:46:46.520508Z",
            "yes_price": 32,
            "no_price": 68,
            "taker_side": "yes"
        },
        {
            "trade_id": "13dd5295-f775-4d04-a73f-c2d5bb224c45",
            "ticker": "KXHIGHMIA-24DEC14-B77.5",
            "count": 19,
            "created_time": "2024-12-14T01:46:46.520508Z",
            "yes_price": 33,
            "no_price": 67,
            "taker_side": "yes"
        },
        {
            "trade_id": "283d10aa-9406-4433-acc9-cbf480b3c247",
            "ticker": "KXHIGHMIA-24DEC14-B77.5",
            "count": 87,
            "created_time": "2024-12-14T01:40:41.306436Z",
            "yes_price": 28,
            "no_price": 72,
            "taker_side": "no"
        },
        {
            "trade_id": "16e6cb7d-aab4-44f0-8d9d-64d2adb9456e",
            "ticker": "KXHIGHMIA-24DEC14-B77.5",
            "count": 93,
            "created_time": "2024-12-14T01:40:41.306436Z",
            "yes_price": 27,
            "no_price": 73,
            "taker_side": "no"
        },
        {
            "trade_id": "33eb4b17-16d2-4b05-92e8-d944fbd5043b",
            "ticker": "KXHIGHMIA-24DEC14-B77.5",
            "count": 27,
            "created_time": "2024-12-14T01:40:14.676652Z",
            "yes_price": 27,
            "no_price": 73,
            "taker_side": "no"
        },
        {
            "trade_id": "d59a71ab-edd7-4607-be91-430ce6e15654",
            "ticker": "KXHIGHMIA-24DEC14-B77.5",
            "count": 25,
            "created_time": "2024-12-14T01:39:28.774664Z",
            "yes_price": 27,
            "no_price": 73,
            "taker_side": "yes"
        },
        {
            "trade_id": "8b5b8c84-40e6-48f9-b3e0-2f3c35c0418f",
            "ticker": "KXHIGHMIA-24DEC14-B77.5",
            "count": 48,
            "created_time": "2024-12-14T01:39:28.774664Z",
            "yes_price": 26,
            "no_price": 74,
            "taker_side": "yes"
        },
        {
            "trade_id": "d552985d-a113-480f-ab4f-c19b1ac10b7b",
            "ticker": "KXHIGHMIA-24DEC14-B77.5",
            "count": 100,
            "created_time": "2024-12-14T01:14:11.71681Z",
            "yes_price": 25,
            "no_price": 75,
            "taker_side": "yes"
        },
        {
            "trade_id": "fb3da6d3-6ca1-44f5-883d-d956040bf1e3",
            "ticker": "KXHIGHMIA-24DEC14-B77.5",
            "count": 75,
            "created_time": "2024-12-14T01:13:00.162833Z",
            "yes_price": 25,
            "no_price": 75,
            "taker_side": "yes"
        },
        {
            "trade_id": "065cd4e1-2e32-47f9-a1b4-c31f68b00757",
            "ticker": "KXHIGHMIA-24DEC14-B77.5",
            "count": 25,
            "created_time": "2024-12-14T01:12:28.742244Z",
            "yes_price": 25,
            "no_price": 75,
            "taker_side": "yes"
        },
        {
            "trade_id": "72c7640e-7256-409d-b62f-1a2debea6d23",
            "ticker": "KXHIGHMIA-24DEC14-B77.5",
            "count": 100,
            "created_time": "2024-12-14T01:12:17.770386Z",
            "yes_price": 24,
            "no_price": 76,
            "taker_side": "yes"
        },
        {
            "trade_id": "0ea3b02e-e0df-48a7-ba8d-0c2b294fa86a",
            "ticker": "KXHIGHMIA-24DEC14-B77.5",
            "count": 6,
            "created_time": "2024-12-14T00:39:58.19227Z",
            "yes_price": 22,
            "no_price": 78,
            "taker_side": "no"
        },
        {
            "trade_id": "c1df1866-8aa0-496b-b99f-691435c69a4f",
            "ticker": "KXHIGHMIA-24DEC14-B77.5",
            "count": 92,
            "created_time": "2024-12-14T00:33:33.916051Z",
            "yes_price": 23,
            "no_price": 77,
            "taker_side": "no"
        },
        {
            "trade_id": "ef438f66-ce2e-472d-b9d1-d0ed3b601233",
            "ticker": "KXHIGHMIA-24DEC14-B77.5",
            "count": 232,
            "created_time": "2024-12-14T00:18:43.667403Z",
            "yes_price": 26,
            "no_price": 74,
            "taker_side": "yes"
        },
        {
            "trade_id": "e599b9a0-2cdc-46cf-bd9b-0bca87847129",
            "ticker": "KXHIGHMIA-24DEC14-B77.5",
            "count": 92,
            "created_time": "2024-12-14T00:18:29.754575Z",
            "yes_price": 25,
            "no_price": 75,
            "taker_side": "yes"
        },
        {
            "trade_id": "88ec7173-9fbc-4dfa-b5bd-4ae7636c5d5a",
            "ticker": "KXHIGHMIA-24DEC14-B77.5",
            "count": 108,
            "created_time": "2024-12-14T00:18:29.754575Z",
            "yes_price": 26,
            "no_price": 74,
            "taker_side": "yes"
        },
        {
            "trade_id": "0a5d1c88-6085-4307-9367-bd660f75dfea",
            "ticker": "KXHIGHMIA-24DEC14-B77.5",
            "count": 48,
            "created_time": "2024-12-14T00:07:33.718291Z",
            "yes_price": 25,
            "no_price": 75,
            "taker_side": "yes"
        },
        {
            "trade_id": "403ea537-8953-4bdb-93b4-7a6b4fb9450c",
            "ticker": "KXHIGHMIA-24DEC14-B77.5",
            "count": 20,
            "created_time": "2024-12-14T00:05:23.708447Z",
            "yes_price": 24,
            "no_price": 76,
            "taker_side": "yes"
        },
        {
            "trade_id": "3a11304e-53fe-4093-bd16-d278a0c083fa",
            "ticker": "KXHIGHMIA-24DEC14-B77.5",
            "count": 1,
            "created_time": "2024-12-13T22:57:58.773114Z",
            "yes_price": 25,
            "no_price": 75,
            "taker_side": "yes"
        },
        {
            "trade_id": "db60ad28-f7a5-4bd5-9c3b-9ba1c4ab74f4",
            "ticker": "KXHIGHMIA-24DEC14-B77.5",
            "count": 21,
            "created_time": "2024-12-13T21:46:59.301132Z",
            "yes_price": 25,
            "no_price": 75,
            "taker_side": "yes"
        },
        {
            "trade_id": "6fcede4c-981c-4a9c-9bca-928c6c4f0408",
            "ticker": "KXHIGHMIA-24DEC14-B77.5",
            "count": 75,
            "created_time": "2024-12-13T21:45:37.706658Z",
            "yes_price": 27,
            "no_price": 73,
            "taker_side": "no"
        },
        {
            "trade_id": "861954cc-c771-4081-b8ee-ee751b2c70b5",
            "ticker": "KXHIGHMIA-24DEC14-B77.5",
            "count": 100,
            "created_time": "2024-12-13T21:45:37.633472Z",
            "yes_price": 27,
            "no_price": 73,
            "taker_side": "no"
        },
        {
            "trade_id": "7e963d29-100d-4c08-a07f-4d603724cfb9",
            "ticker": "KXHIGHMIA-24DEC14-B77.5",
            "count": 51,
            "created_time": "2024-12-13T20:51:30.826799Z",
            "yes_price": 32,
            "no_price": 68,
            "taker_side": "no"
        },
        {
            "trade_id": "7f985f25-ff06-4f0a-8aa0-cbb746dcdd41",
            "ticker": "KXHIGHMIA-24DEC14-B77.5",
            "count": 100,
            "created_time": "2024-12-13T20:36:34.900145Z",
            "yes_price": 35,
            "no_price": 65,
            "taker_side": "yes"
        },
        {
            "trade_id": "89fdd855-bf0b-4e0a-a8e2-996ed03774c2",
            "ticker": "KXHIGHMIA-24DEC14-B77.5",
            "count": 100,
            "created_time": "2024-12-13T20:36:34.825372Z",
            "yes_price": 35,
            "no_price": 65,
            "taker_side": "yes"
        },
        {
            "trade_id": "ab455df8-37e0-4bd0-975f-b44b705852c6",
            "ticker": "KXHIGHMIA-24DEC14-B77.5",
            "count": 200,
            "created_time": "2024-12-13T20:06:34.445668Z",
            "yes_price": 35,
            "no_price": 65,
            "taker_side": "yes"
        },
        {
            "trade_id": "6f2997da-4cbf-46e7-a436-b611b7be0684",
            "ticker": "KXHIGHMIA-24DEC14-B77.5",
            "count": 100,
            "created_time": "2024-12-13T20:06:34.384919Z",
            "yes_price": 35,
            "no_price": 65,
            "taker_side": "yes"
        },
        {
            "trade_id": "150ebd4a-3ed1-44d8-b10e-aa3fa5ba034a",
            "ticker": "KXHIGHMIA-24DEC14-B77.5",
            "count": 100,
            "created_time": "2024-12-13T20:06:34.314742Z",
            "yes_price": 35,
            "no_price": 65,
            "taker_side": "yes"
        },
        {
            "trade_id": "f7108a67-6e0a-4933-a030-533e0e60f04c",
            "ticker": "KXHIGHMIA-24DEC14-B77.5",
            "count": 29,
            "created_time": "2024-12-13T20:03:34.901249Z",
            "yes_price": 34,
            "no_price": 66,
            "taker_side": "no"
        },
        {
            "trade_id": "ccc5493a-e366-4611-afa3-35edff20dda0",
            "ticker": "KXHIGHMIA-24DEC14-B77.5",
            "count": 21,
            "created_time": "2024-12-13T19:06:35.003604Z",
            "yes_price": 34,
            "no_price": 66,
            "taker_side": "yes"
        },
        {
            "trade_id": "8541240d-c86e-4204-a466-868a36b6e89b",
            "ticker": "KXHIGHMIA-24DEC14-B77.5",
            "count": 100,
            "created_time": "2024-12-13T18:33:11.883125Z",
            "yes_price": 35,
            "no_price": 65,
            "taker_side": "yes"
        },
        {
            "trade_id": "e5bd7433-4d99-4d8c-8d0e-4ebefbdca575",
            "ticker": "KXHIGHMIA-24DEC14-B77.5",
            "count": 45,
            "created_time": "2024-12-13T17:18:34.114297Z",
            "yes_price": 34,
            "no_price": 66,
            "taker_side": "yes"
        },
        {
            "trade_id": "c4ff0c7b-3a72-495f-850f-fe92879d3713",
            "ticker": "KXHIGHMIA-24DEC14-B77.5",
            "count": 25,
            "created_time": "2024-12-13T17:18:34.114297Z",
            "yes_price": 35,
            "no_price": 65,
            "taker_side": "yes"
        },
        {
            "trade_id": "75ab71b2-0266-412a-a598-28b675d7d4b6",
            "ticker": "KXHIGHMIA-24DEC14-B77.5",
            "count": 30,
            "created_time": "2024-12-13T17:18:34.114297Z",
            "yes_price": 35,
            "no_price": 65,
            "taker_side": "yes"
        },
        {
            "trade_id": "d18199ac-7711-471d-83af-9a388d8a3290",
            "ticker": "KXHIGHMIA-24DEC14-B77.5",
            "count": 5,
            "created_time": "2024-12-13T17:03:31.232298Z",
            "yes_price": 34,
            "no_price": 66,
            "taker_side": "no"
        },
        {
            "trade_id": "d2448efe-7f5b-485d-b754-4584f5f840c1",
            "ticker": "KXHIGHMIA-24DEC14-B77.5",
            "count": 50,
            "created_time": "2024-12-13T17:03:31.130394Z",
            "yes_price": 34,
            "no_price": 66,
            "taker_side": "no"
        },
        {
            "trade_id": "fb8eabeb-571f-4a8d-b879-675e691b01d4",
            "ticker": "KXHIGHMIA-24DEC14-B77.5",
            "count": 25,
            "created_time": "2024-12-13T17:03:31.047234Z",
            "yes_price": 34,
            "no_price": 66,
            "taker_side": "no"
        },
        {
            "trade_id": "c3fa0d4d-dab3-410d-bcc5-c97897d278ba",
            "ticker": "KXHIGHMIA-24DEC14-B77.5",
            "count": 50,
            "created_time": "2024-12-13T17:03:30.947843Z",
            "yes_price": 34,
            "no_price": 66,
            "taker_side": "no"
        },
        {
            "trade_id": "f3becb78-c0db-4dab-9e8f-15553021d6a4",
            "ticker": "KXHIGHMIA-24DEC14-B77.5",
            "count": 5,
            "created_time": "2024-12-13T17:03:30.826478Z",
            "yes_price": 34,
            "no_price": 66,
            "taker_side": "yes"
        },
        {
            "trade_id": "e9926fe6-c600-4777-bb37-098484737ed1",
            "ticker": "KXHIGHMIA-24DEC14-B77.5",
            "count": 25,
            "created_time": "2024-12-13T17:03:30.826478Z",
            "yes_price": 34,
            "no_price": 66,
            "taker_side": "yes"
        },
        {
            "trade_id": "e4bda8a7-0fb4-495c-8d73-5d19cdbee21c",
            "ticker": "KXHIGHMIA-24DEC14-B77.5",
            "count": 15,
            "created_time": "2024-12-13T17:03:30.826478Z",
            "yes_price": 34,
            "no_price": 66,
            "taker_side": "yes"
        },
        {
            "trade_id": "c252a3c4-e1c4-4cb7-ba74-71055d4e2dc0",
            "ticker": "KXHIGHMIA-24DEC14-B77.5",
            "count": 15,
            "created_time": "2024-12-13T17:03:30.826478Z",
            "yes_price": 34,
            "no_price": 66,
            "taker_side": "yes"
        },
        {
            "trade_id": "bf53ba32-e87d-48aa-aec2-673e5aab6ce4",
            "ticker": "KXHIGHMIA-24DEC14-B77.5",
            "count": 5,
            "created_time": "2024-12-13T17:03:30.826478Z",
            "yes_price": 34,
            "no_price": 66,
            "taker_side": "yes"
        },
        {
            "trade_id": "71d47f82-3882-4f09-9bda-1d2a671a44ae",
            "ticker": "KXHIGHMIA-24DEC14-B77.5",
            "count": 5,
            "created_time": "2024-12-13T17:03:30.826478Z",
            "yes_price": 34,
            "no_price": 66,
            "taker_side": "yes"
        },
        {
            "trade_id": "11ed27e8-4ad4-4202-9fb6-f302a3d4cc87",
            "ticker": "KXHIGHMIA-24DEC14-B77.5",
            "count": 50,
            "created_time": "2024-12-13T17:03:30.77954Z",
            "yes_price": 33,
            "no_price": 67,
            "taker_side": "no"
        },
        {
            "trade_id": "d25b490a-8bdb-414b-ac3d-b2894cb5c90e",
            "ticker": "KXHIGHMIA-24DEC14-B77.5",
            "count": 25,
            "created_time": "2024-12-13T17:03:30.730646Z",
            "yes_price": 33,
            "no_price": 67,
            "taker_side": "yes"
        },
        {
            "trade_id": "fe6eec09-a4c9-4300-8cd3-3c5af0acba5e",
            "ticker": "KXHIGHMIA-24DEC14-B77.5",
            "count": 25,
            "created_time": "2024-12-13T17:03:30.657734Z",
            "yes_price": 30,
            "no_price": 70,
            "taker_side": "yes"
        },
        {
            "trade_id": "b08d6c16-1142-478c-af76-2d188b5a747b",
            "ticker": "KXHIGHMIA-24DEC14-B77.5",
            "count": 25,
            "created_time": "2024-12-13T17:03:30.657734Z",
            "yes_price": 32,
            "no_price": 68,
            "taker_side": "yes"
        },
        {
            "trade_id": "7ffba7b7-cb4e-4c1e-af5d-613d03560344",
            "ticker": "KXHIGHMIA-24DEC14-B77.5",
            "count": 25,
            "created_time": "2024-12-13T17:03:30.657734Z",
            "yes_price": 31,
            "no_price": 69,
            "taker_side": "yes"
        },
        {
            "trade_id": "14c0de10-0bb0-4210-88fc-cb8186c05578",
            "ticker": "KXHIGHMIA-24DEC14-B77.5",
            "count": 25,
            "created_time": "2024-12-13T17:03:30.657734Z",
            "yes_price": 29,
            "no_price": 71,
            "taker_side": "yes"
        },
        {
            "trade_id": "e9c4c733-629a-443a-a4fa-4d8e764bfb3b",
            "ticker": "KXHIGHMIA-24DEC14-B77.5",
            "count": 11,
            "created_time": "2024-12-13T15:28:30.849793Z",
            "yes_price": 28,
            "no_price": 72,
            "taker_side": "no"
        },
        {
            "trade_id": "9aadd936-a793-4157-a0c2-c5f912e85832",
            "ticker": "KXHIGHMIA-24DEC14-B77.5",
            "count": 11,
            "created_time": "2024-12-13T15:12:28.472319Z",
            "yes_price": 24,
            "no_price": 76,
            "taker_side": "yes"
        },
        {
            "trade_id": "2af92a60-ede4-4fcd-8aa6-f15264ff86b7",
            "ticker": "KXHIGHMIA-24DEC14-B77.5",
            "count": 11,
            "created_time": "2024-12-13T15:12:28.472319Z",
            "yes_price": 23,
            "no_price": 77,
            "taker_side": "yes"
        }
    ],
    "KXHIGHMIA-24DEC14-B79.5": [
        {
            "trade_id": "c83a8f58-0b03-428d-97de-23fedf316efe",
            "ticker": "KXHIGHMIA-24DEC14-B79.5",
            "count": 400,
            "created_time": "2024-12-15T02:31:46.75833Z",
            "yes_price": 99,
            "no_price": 1,
            "taker_side": "no"
        },
        {
            "trade_id": "4024f919-36a3-4620-9db6-0a13021f7920",
            "ticker": "KXHIGHMIA-24DEC14-B79.5",
            "count": 93,
            "created_time": "2024-12-15T00:37:53.065088Z",
            "yes_price": 99,
            "no_price": 1,
            "taker_side": "no"
        },
        {
            "trade_id": "acdec5e0-41d6-48ec-af58-27a0ab88b2fb",
            "ticker": "KXHIGHMIA-24DEC14-B79.5",
            "count": 14,
            "created_time": "2024-12-15T00:37:25.04439Z",
            "yes_price": 99,
            "no_price": 1,
            "taker_side": "no"
        },
        {
            "trade_id": "5e9dabd6-1262-4207-9977-4aa2d0499302",
            "ticker": "KXHIGHMIA-24DEC14-B79.5",
            "count": 8,
            "created_time": "2024-12-15T00:00:34.295302Z",
            "yes_price": 99,
            "no_price": 1,
            "taker_side": "no"
        },
        {
            "trade_id": "57ad97ef-983a-45b7-9bff-ecaf3a6f616a",
            "ticker": "KXHIGHMIA-24DEC14-B79.5",
            "count": 14,
            "created_time": "2024-12-14T23:53:35.808483Z",
            "yes_price": 99,
            "no_price": 1,
            "taker_side": "no"
        },
        {
            "trade_id": "84c00590-b874-46f2-b51a-6eb06b8374d2",
            "ticker": "KXHIGHMIA-24DEC14-B79.5",
            "count": 3,
            "created_time": "2024-12-14T22:43:37.886929Z",
            "yes_price": 99,
            "no_price": 1,
            "taker_side": "no"
        },
        {
            "trade_id": "a3357ae2-b373-4564-a01f-9138a826f2dc",
            "ticker": "KXHIGHMIA-24DEC14-B79.5",
            "count": 35,
            "created_time": "2024-12-14T21:46:06.705352Z",
            "yes_price": 99,
            "no_price": 1,
            "taker_side": "no"
        },
        {
            "trade_id": "c880aa8f-a562-4a90-a513-66435e1a3923",
            "ticker": "KXHIGHMIA-24DEC14-B79.5",
            "count": 50,
            "created_time": "2024-12-14T21:46:05.575482Z",
            "yes_price": 99,
            "no_price": 1,
            "taker_side": "no"
        },
        {
            "trade_id": "83d1a15c-8779-47f0-8051-c316184d35c3",
            "ticker": "KXHIGHMIA-24DEC14-B79.5",
            "count": 30,
            "created_time": "2024-12-14T21:46:05.376645Z",
            "yes_price": 99,
            "no_price": 1,
            "taker_side": "no"
        },
        {
            "trade_id": "f3df46f9-c7cd-4212-913f-3bc600ec1a7a",
            "ticker": "KXHIGHMIA-24DEC14-B79.5",
            "count": 80,
            "created_time": "2024-12-14T21:45:57.419623Z",
            "yes_price": 99,
            "no_price": 1,
            "taker_side": "yes"
        },
        {
            "trade_id": "ef4f673f-465b-4675-b4d6-4fef0ff1eebe",
            "ticker": "KXHIGHMIA-24DEC14-B79.5",
            "count": 50,
            "created_time": "2024-12-14T21:45:57.419623Z",
            "yes_price": 99,
            "no_price": 1,
            "taker_side": "yes"
        },
        {
            "trade_id": "eefc4bf4-fc3d-4150-9075-74c601faf9a8",
            "ticker": "KXHIGHMIA-24DEC14-B79.5",
            "count": 31,
            "created_time": "2024-12-14T21:45:57.419623Z",
            "yes_price": 99,
            "no_price": 1,
            "taker_side": "yes"
        },
        {
            "trade_id": "be090c9f-adb0-4334-8770-c0909b60b6cd",
            "ticker": "KXHIGHMIA-24DEC14-B79.5",
            "count": 50,
            "created_time": "2024-12-14T21:45:57.419623Z",
            "yes_price": 99,
            "no_price": 1,
            "taker_side": "yes"
        },
        {
            "trade_id": "b5a327bc-a645-413d-88d9-a49354d9b74f",
            "ticker": "KXHIGHMIA-24DEC14-B79.5",
            "count": 150,
            "created_time": "2024-12-14T21:45:57.419623Z",
            "yes_price": 99,
            "no_price": 1,
            "taker_side": "yes"
        },
        {
            "trade_id": "7fd63e72-3093-4a91-8537-aa21274b0242",
            "ticker": "KXHIGHMIA-24DEC14-B79.5",
            "count": 3,
            "created_time": "2024-12-14T21:45:57.419623Z",
            "yes_price": 99,
            "no_price": 1,
            "taker_side": "yes"
        },
        {
            "trade_id": "729d3607-75cd-4418-bbf8-fa52d2dd2934",
            "ticker": "KXHIGHMIA-24DEC14-B79.5",
            "count": 286,
            "created_time": "2024-12-14T21:45:57.419623Z",
            "yes_price": 99,
            "no_price": 1,
            "taker_side": "yes"
        },
        {
            "trade_id": "383839e0-926a-4147-aa07-d14b92dda430",
            "ticker": "KXHIGHMIA-24DEC14-B79.5",
            "count": 31,
            "created_time": "2024-12-14T21:45:57.419623Z",
            "yes_price": 99,
            "no_price": 1,
            "taker_side": "yes"
        },
        {
            "trade_id": "253d4631-6447-4c62-9dc8-13b6f8665e59",
            "ticker": "KXHIGHMIA-24DEC14-B79.5",
            "count": 500,
            "created_time": "2024-12-14T21:45:57.419623Z",
            "yes_price": 99,
            "no_price": 1,
            "taker_side": "yes"
        },
        {
            "trade_id": "19b44a1b-125b-4ebc-be6e-6127f94e9b26",
            "ticker": "KXHIGHMIA-24DEC14-B79.5",
            "count": 30,
            "created_time": "2024-12-14T21:45:57.419623Z",
            "yes_price": 99,
            "no_price": 1,
            "taker_side": "yes"
        },
        {
            "trade_id": "05601abe-e323-4929-ae53-543d94e76e58",
            "ticker": "KXHIGHMIA-24DEC14-B79.5",
            "count": 24,
            "created_time": "2024-12-14T21:45:57.419623Z",
            "yes_price": 99,
            "no_price": 1,
            "taker_side": "yes"
        },
        {
            "trade_id": "dbd0be1c-5538-4856-8232-07cd73d89939",
            "ticker": "KXHIGHMIA-24DEC14-B79.5",
            "count": 13,
            "created_time": "2024-12-14T21:41:05.059324Z",
            "yes_price": 98,
            "no_price": 2,
            "taker_side": "no"
        },
        {
            "trade_id": "b859d4a9-bcf6-4150-85a0-7566343d7cc7",
            "ticker": "KXHIGHMIA-24DEC14-B79.5",
            "count": 47,
            "created_time": "2024-12-14T21:41:04.937018Z",
            "yes_price": 98,
            "no_price": 2,
            "taker_side": "no"
        },
        {
            "trade_id": "6a570e83-4f91-4675-99a3-af33b561b946",
            "ticker": "KXHIGHMIA-24DEC14-B79.5",
            "count": 7,
            "created_time": "2024-12-14T21:40:20.157282Z",
            "yes_price": 98,
            "no_price": 2,
            "taker_side": "no"
        },
        {
            "trade_id": "79f06223-7419-4582-b9e2-caded16a5881",
            "ticker": "KXHIGHMIA-24DEC14-B79.5",
            "count": 15,
            "created_time": "2024-12-14T21:36:12.422191Z",
            "yes_price": 98,
            "no_price": 2,
            "taker_side": "no"
        },
        {
            "trade_id": "378fbe30-01b6-4894-9a89-7ceaa09cdada",
            "ticker": "KXHIGHMIA-24DEC14-B79.5",
            "count": 50,
            "created_time": "2024-12-14T21:36:03.280179Z",
            "yes_price": 98,
            "no_price": 2,
            "taker_side": "no"
        },
        {
            "trade_id": "c640857b-aeb7-48a0-bfd5-72daecfd288e",
            "ticker": "KXHIGHMIA-24DEC14-B79.5",
            "count": 93,
            "created_time": "2024-12-14T21:33:59.534613Z",
            "yes_price": 98,
            "no_price": 2,
            "taker_side": "no"
        },
        {
            "trade_id": "93f65fed-2f5a-4495-98ae-ac39eecc9935",
            "ticker": "KXHIGHMIA-24DEC14-B79.5",
            "count": 17,
            "created_time": "2024-12-14T21:31:18.58574Z",
            "yes_price": 98,
            "no_price": 2,
            "taker_side": "no"
        },
        {
            "trade_id": "f584f0b6-0cf9-4674-a5b0-dcac0b000b35",
            "ticker": "KXHIGHMIA-24DEC14-B79.5",
            "count": 50,
            "created_time": "2024-12-14T21:31:07.809458Z",
            "yes_price": 98,
            "no_price": 2,
            "taker_side": "no"
        },
        {
            "trade_id": "931556c9-92b9-4f7e-aa1c-9ef3b8c67221",
            "ticker": "KXHIGHMIA-24DEC14-B79.5",
            "count": 50,
            "created_time": "2024-12-14T21:26:07.609698Z",
            "yes_price": 98,
            "no_price": 2,
            "taker_side": "no"
        },
        {
            "trade_id": "8a1c878c-91ff-4d2d-b533-f349a88bc9d3",
            "ticker": "KXHIGHMIA-24DEC14-B79.5",
            "count": 19,
            "created_time": "2024-12-14T21:25:58.496608Z",
            "yes_price": 98,
            "no_price": 2,
            "taker_side": "no"
        },
        {
            "trade_id": "d01748c6-f289-463c-afec-78b12b903069",
            "ticker": "KXHIGHMIA-24DEC14-B79.5",
            "count": 25,
            "created_time": "2024-12-14T21:22:42.18861Z",
            "yes_price": 98,
            "no_price": 2,
            "taker_side": "yes"
        },
        {
            "trade_id": "37d046ae-0227-49d6-9e4e-2d2005d97aa1",
            "ticker": "KXHIGHMIA-24DEC14-B79.5",
            "count": 21,
            "created_time": "2024-12-14T21:22:42.18861Z",
            "yes_price": 98,
            "no_price": 2,
            "taker_side": "yes"
        },
        {
            "trade_id": "180f8765-f2e4-480f-bbaf-efdba04a6588",
            "ticker": "KXHIGHMIA-24DEC14-B79.5",
            "count": 50,
            "created_time": "2024-12-14T21:22:42.18861Z",
            "yes_price": 98,
            "no_price": 2,
            "taker_side": "yes"
        },
        {
            "trade_id": "f0063895-0753-4a34-a87e-373e5a4b5c63",
            "ticker": "KXHIGHMIA-24DEC14-B79.5",
            "count": 50,
            "created_time": "2024-12-14T21:20:28.996701Z",
            "yes_price": 97,
            "no_price": 3,
            "taker_side": "yes"
        },
        {
            "trade_id": "bf8086dc-5aba-409b-9288-656bc8618a93",
            "ticker": "KXHIGHMIA-24DEC14-B79.5",
            "count": 50,
            "created_time": "2024-12-14T21:20:28.996701Z",
            "yes_price": 97,
            "no_price": 3,
            "taker_side": "yes"
        },
        {
            "trade_id": "7cf341fa-b4f7-4de8-8957-e502dceb134a",
            "ticker": "KXHIGHMIA-24DEC14-B79.5",
            "count": 8,
            "created_time": "2024-12-14T21:17:30.742199Z",
            "yes_price": 94,
            "no_price": 6,
            "taker_side": "no"
        },
        {
            "trade_id": "5611b665-f9d2-439e-849c-244f77d3d17b",
            "ticker": "KXHIGHMIA-24DEC14-B79.5",
            "count": 31,
            "created_time": "2024-12-14T21:15:57.504353Z",
            "yes_price": 96,
            "no_price": 4,
            "taker_side": "yes"
        },
        {
            "trade_id": "ca02c4a5-1b58-4d66-bf34-7af6a50667eb",
            "ticker": "KXHIGHMIA-24DEC14-B79.5",
            "count": 12,
            "created_time": "2024-12-14T20:59:44.17568Z",
            "yes_price": 99,
            "no_price": 1,
            "taker_side": "yes"
        },
        {
            "trade_id": "c5a8c3b0-b6d0-415e-a6e9-ab9e1fcaa8f2",
            "ticker": "KXHIGHMIA-24DEC14-B79.5",
            "count": 1,
            "created_time": "2024-12-14T20:56:50.983479Z",
            "yes_price": 98,
            "no_price": 2,
            "taker_side": "yes"
        },
        {
            "trade_id": "bd7b9f3f-4942-40ac-9d54-70b18affc6c5",
            "ticker": "KXHIGHMIA-24DEC14-B79.5",
            "count": 151,
            "created_time": "2024-12-14T20:37:48.548285Z",
            "yes_price": 98,
            "no_price": 2,
            "taker_side": "yes"
        },
        {
            "trade_id": "8f7dd429-dfed-48ab-90a3-468d0362da4c",
            "ticker": "KXHIGHMIA-24DEC14-B79.5",
            "count": 262,
            "created_time": "2024-12-14T20:19:34.76146Z",
            "yes_price": 97,
            "no_price": 3,
            "taker_side": "yes"
        },
        {
            "trade_id": "54475c8f-aaaa-4e0a-8c8b-6f5fae288aa9",
            "ticker": "KXHIGHMIA-24DEC14-B79.5",
            "count": 158,
            "created_time": "2024-12-14T20:19:34.76146Z",
            "yes_price": 97,
            "no_price": 3,
            "taker_side": "yes"
        },
        {
            "trade_id": "b1e3b07c-e0c8-4dbb-98ad-5c1c331ea065",
            "ticker": "KXHIGHMIA-24DEC14-B79.5",
            "count": 25,
            "created_time": "2024-12-14T20:16:48.528389Z",
            "yes_price": 90,
            "no_price": 10,
            "taker_side": "no"
        },
        {
            "trade_id": "81967d61-fe08-4d07-8c2f-4f95e07938ac",
            "ticker": "KXHIGHMIA-24DEC14-B79.5",
            "count": 25,
            "created_time": "2024-12-14T20:16:28.601633Z",
            "yes_price": 90,
            "no_price": 10,
            "taker_side": "no"
        },
        {
            "trade_id": "f2bedc3d-5559-45ad-b739-2ae486ae1ffa",
            "ticker": "KXHIGHMIA-24DEC14-B79.5",
            "count": 54,
            "created_time": "2024-12-14T20:15:57.04017Z",
            "yes_price": 91,
            "no_price": 9,
            "taker_side": "no"
        },
        {
            "trade_id": "ed296807-1492-42ad-8e6d-6449c027689c",
            "ticker": "KXHIGHMIA-24DEC14-B79.5",
            "count": 100,
            "created_time": "2024-12-14T20:12:51.904822Z",
            "yes_price": 98,
            "no_price": 2,
            "taker_side": "yes"
        },
        {
            "trade_id": "a7ec9f48-7fa0-4801-9b77-ac3e422bd7b6",
            "ticker": "KXHIGHMIA-24DEC14-B79.5",
            "count": 77,
            "created_time": "2024-12-14T20:05:48.162751Z",
            "yes_price": 98,
            "no_price": 2,
            "taker_side": "yes"
        },
        {
            "trade_id": "1a95f3b2-d041-47b3-a251-cfb892d95917",
            "ticker": "KXHIGHMIA-24DEC14-B79.5",
            "count": 25,
            "created_time": "2024-12-14T20:05:48.162751Z",
            "yes_price": 97,
            "no_price": 3,
            "taker_side": "yes"
        },
        {
            "trade_id": "78b59787-c943-4ea8-8664-235df8e9587c",
            "ticker": "KXHIGHMIA-24DEC14-B79.5",
            "count": 9,
            "created_time": "2024-12-14T19:58:45.644786Z",
            "yes_price": 98,
            "no_price": 2,
            "taker_side": "yes"
        },
        {
            "trade_id": "1f67ad48-dd4c-4282-b134-1a90fecd9c94",
            "ticker": "KXHIGHMIA-24DEC14-B79.5",
            "count": 1,
            "created_time": "2024-12-14T19:58:45.644786Z",
            "yes_price": 98,
            "no_price": 2,
            "taker_side": "yes"
        },
        {
            "trade_id": "f150eda8-1f0a-4e1e-9ee7-3a10f4e481eb",
            "ticker": "KXHIGHMIA-24DEC14-B79.5",
            "count": 35,
            "created_time": "2024-12-14T19:27:07.210752Z",
            "yes_price": 91,
            "no_price": 9,
            "taker_side": "no"
        },
        {
            "trade_id": "11fe934a-710e-4aac-a0d4-befff5146eff",
            "ticker": "KXHIGHMIA-24DEC14-B79.5",
            "count": 1,
            "created_time": "2024-12-14T19:27:07.210752Z",
            "yes_price": 92,
            "no_price": 8,
            "taker_side": "no"
        },
        {
            "trade_id": "841a49b4-a854-4e4b-8ca8-9513a1079e02",
            "ticker": "KXHIGHMIA-24DEC14-B79.5",
            "count": 1,
            "created_time": "2024-12-14T19:11:37.562288Z",
            "yes_price": 98,
            "no_price": 2,
            "taker_side": "yes"
        },
        {
            "trade_id": "2813c53b-7f6e-4102-96f1-3d57dbcb9d86",
            "ticker": "KXHIGHMIA-24DEC14-B79.5",
            "count": 2,
            "created_time": "2024-12-14T19:11:37.562288Z",
            "yes_price": 99,
            "no_price": 1,
            "taker_side": "yes"
        },
        {
            "trade_id": "6ffdcd51-1967-4f4f-9df3-4be35e38a8b8",
            "ticker": "KXHIGHMIA-24DEC14-B79.5",
            "count": 1,
            "created_time": "2024-12-14T19:08:56.599389Z",
            "yes_price": 92,
            "no_price": 8,
            "taker_side": "no"
        },
        {
            "trade_id": "4db43300-dc3e-49c0-b158-aea0388916a1",
            "ticker": "KXHIGHMIA-24DEC14-B79.5",
            "count": 9,
            "created_time": "2024-12-14T19:08:56.599389Z",
            "yes_price": 91,
            "no_price": 9,
            "taker_side": "no"
        },
        {
            "trade_id": "fe95b70b-1645-424a-8e3c-e24b5453c1c4",
            "ticker": "KXHIGHMIA-24DEC14-B79.5",
            "count": 50,
            "created_time": "2024-12-14T18:55:04.870521Z",
            "yes_price": 98,
            "no_price": 2,
            "taker_side": "yes"
        },
        {
            "trade_id": "e4687cdb-873a-4db8-aedc-7112ea59a679",
            "ticker": "KXHIGHMIA-24DEC14-B79.5",
            "count": 31,
            "created_time": "2024-12-14T18:55:04.870521Z",
            "yes_price": 98,
            "no_price": 2,
            "taker_side": "yes"
        },
        {
            "trade_id": "b2b5d29c-c26f-47d2-b8b8-d95126bf3f80",
            "ticker": "KXHIGHMIA-24DEC14-B79.5",
            "count": 40,
            "created_time": "2024-12-14T18:55:04.870521Z",
            "yes_price": 98,
            "no_price": 2,
            "taker_side": "yes"
        },
        {
            "trade_id": "7afdd585-058f-4afe-8073-07ef514da24c",
            "ticker": "KXHIGHMIA-24DEC14-B79.5",
            "count": 750,
            "created_time": "2024-12-14T18:55:04.870521Z",
            "yes_price": 98,
            "no_price": 2,
            "taker_side": "yes"
        },
        {
            "trade_id": "6205049a-492c-4eb1-afee-311ec6027a0d",
            "ticker": "KXHIGHMIA-24DEC14-B79.5",
            "count": 32,
            "created_time": "2024-12-14T18:55:04.870521Z",
            "yes_price": 98,
            "no_price": 2,
            "taker_side": "yes"
        },
        {
            "trade_id": "29fabe8c-57b8-43de-a72e-b78178dc7f4c",
            "ticker": "KXHIGHMIA-24DEC14-B79.5",
            "count": 50,
            "created_time": "2024-12-14T18:55:04.870521Z",
            "yes_price": 98,
            "no_price": 2,
            "taker_side": "yes"
        },
        {
            "trade_id": "a1942c61-46a4-4e71-a7ad-36eef70b705d",
            "ticker": "KXHIGHMIA-24DEC14-B79.5",
            "count": 116,
            "created_time": "2024-12-14T18:38:57.99964Z",
            "yes_price": 88,
            "no_price": 12,
            "taker_side": "no"
        },
        {
            "trade_id": "9c988e83-b6fc-4514-ab26-bd2a9a3534a4",
            "ticker": "KXHIGHMIA-24DEC14-B79.5",
            "count": 20,
            "created_time": "2024-12-14T18:38:57.99964Z",
            "yes_price": 95,
            "no_price": 5,
            "taker_side": "no"
        },
        {
            "trade_id": "1f097c57-c7d2-4908-b640-6e0d44ac9c24",
            "ticker": "KXHIGHMIA-24DEC14-B79.5",
            "count": 39,
            "created_time": "2024-12-14T18:38:57.99964Z",
            "yes_price": 90,
            "no_price": 10,
            "taker_side": "no"
        },
        {
            "trade_id": "fc097f6f-4f83-4a6c-8380-1e23551f305f",
            "ticker": "KXHIGHMIA-24DEC14-B79.5",
            "count": 143,
            "created_time": "2024-12-14T18:23:22.76829Z",
            "yes_price": 96,
            "no_price": 4,
            "taker_side": "yes"
        },
        {
            "trade_id": "e24e5c13-af79-4852-869c-6007d6ba466a",
            "ticker": "KXHIGHMIA-24DEC14-B79.5",
            "count": 50,
            "created_time": "2024-12-14T18:23:22.76829Z",
            "yes_price": 97,
            "no_price": 3,
            "taker_side": "yes"
        },
        {
            "trade_id": "8f4a29fc-9f81-4416-a5bc-ad86368641bf",
            "ticker": "KXHIGHMIA-24DEC14-B79.5",
            "count": 116,
            "created_time": "2024-12-14T18:23:22.76829Z",
            "yes_price": 97,
            "no_price": 3,
            "taker_side": "yes"
        },
        {
            "trade_id": "dfc8ba81-1b21-40b1-90e2-57f0f3888117",
            "ticker": "KXHIGHMIA-24DEC14-B79.5",
            "count": 12,
            "created_time": "2024-12-14T18:22:28.407804Z",
            "yes_price": 95,
            "no_price": 5,
            "taker_side": "yes"
        },
        {
            "trade_id": "93fba96a-1fed-4f67-bb5a-2b937d5c968e",
