{
    "HIGHMIA-24SEP20-T84": [
        {
            "trade_id": "0df8bc27-b2b5-4314-90b5-25a44f80f53a",
            "ticker": "HIGHMIA-24SEP20-T84",
            "count": 1,
            "created_time": "2024-09-19T18:12:09.568775Z",
            "yes_price": 5,
            "no_price": 95,
            "taker_side": "yes"
        },
        {
            "trade_id": "602aa939-73c0-4c8b-b5c0-cdd8c983fb87",
            "ticker": "HIGHMIA-24SEP20-T84",
            "count": 2,
            "created_time": "2024-09-19T15:40:22.980443Z",
            "yes_price": 1,
            "no_price": 99,
            "taker_side": "no"
        },
        {
            "trade_id": "286492ff-61e1-4b15-8317-363baeef2206",
            "ticker": "HIGHMIA-24SEP20-T84",
            "count": 50,
            "created_time": "2024-09-19T15:40:22.980443Z",
            "yes_price": 1,
            "no_price": 99,
            "taker_side": "no"
        }
    ],
    "HIGHMIA-24SEP20-B84.5": [
        {
            "trade_id": "24392631-ce02-4d9b-8f8a-a9d7eaf68743",
            "ticker": "HIGHMIA-24SEP20-B84.5",
            "count": 2,
            "created_time": "2024-09-20T12:10:36.250985Z",
            "yes_price": 1,
            "no_price": 99,
            "taker_side": "no"
        },
        {
            "trade_id": "0c94ccdd-5897-4f38-998a-efadec1aed1d",
            "ticker": "HIGHMIA-24SEP20-B84.5",
            "count": 2,
            "created_time": "2024-09-20T12:10:36.250985Z",
            "yes_price": 1,
            "no_price": 99,
            "taker_side": "no"
        },
        {
            "trade_id": "ac910c7e-e574-4e47-9c89-6d396eb3cce9",
            "ticker": "HIGHMIA-24SEP20-B84.5",
            "count": 15,
            "created_time": "2024-09-20T01:59:03.616877Z",
            "yes_price": 1,
            "no_price": 99,
            "taker_side": "no"
        },
        {
            "trade_id": "3ad30e57-2055-4139-a264-dec33ccef1b2",
            "ticker": "HIGHMIA-24SEP20-B84.5",
            "count": 18,
            "created_time": "2024-09-20T01:58:56.450625Z",
            "yes_price": 1,
            "no_price": 99,
            "taker_side": "no"
        },
        {
            "trade_id": "57484c84-a544-4764-8784-b99df37f3c15",
            "ticker": "HIGHMIA-24SEP20-B84.5",
            "count": 1,
            "created_time": "2024-09-19T18:00:50.872392Z",
            "yes_price": 5,
            "no_price": 95,
            "taker_side": "yes"
        },
        {
            "trade_id": "b2c59dc1-f90f-46ad-8705-be5546e77c6c",
            "ticker": "HIGHMIA-24SEP20-B84.5",
            "count": 15,
            "created_time": "2024-09-19T15:54:35.960301Z",
            "yes_price": 1,
            "no_price": 99,
            "taker_side": "no"
        }
    ],
    "HIGHMIA-24SEP20-B86.5": [
        {
            "trade_id": "f90e9d79-bb34-443e-8dae-48e4f2c391c2",
            "ticker": "HIGHMIA-24SEP20-B86.5",
            "count": 14,
            "created_time": "2024-09-20T15:55:37.690899Z",
            "yes_price": 1,
            "no_price": 99,
            "taker_side": "no"
        },
        {
            "trade_id": "e2386547-c570-4cb1-a5e9-5c79d360a9b5",
            "ticker": "HIGHMIA-24SEP20-B86.5",
            "count": 2,
            "created_time": "2024-09-20T15:55:37.690899Z",
            "yes_price": 1,
            "no_price": 99,
            "taker_side": "no"
        },
        {
            "trade_id": "3a7b77ef-0df7-4672-8c3d-e4b3dd3b7593",
            "ticker": "HIGHMIA-24SEP20-B86.5",
            "count": 67,
            "created_time": "2024-09-20T13:07:10.043922Z",
            "yes_price": 7,
            "no_price": 93,
            "taker_side": "yes"
        },
        {
            "trade_id": "6c272e72-d4ba-4a68-bc67-54e6896e8776",
            "ticker": "HIGHMIA-24SEP20-B86.5",
            "count": 4,
            "created_time": "2024-09-20T12:10:36.236337Z",
            "yes_price": 1,
            "no_price": 99,
            "taker_side": "no"
        },
        {
            "trade_id": "caa9505b-d661-486d-968e-361e851ce255",
            "ticker": "HIGHMIA-24SEP20-B86.5",
            "count": 15,
            "created_time": "2024-09-20T01:59:03.638888Z",
            "yes_price": 1,
            "no_price": 99,
            "taker_side": "no"
        },
        {
            "trade_id": "2bdc79a1-b363-4264-aa49-f46ad0590979",
            "ticker": "HIGHMIA-24SEP20-B86.5",
            "count": 17,
            "created_time": "2024-09-20T01:58:56.424028Z",
            "yes_price": 1,
            "no_price": 99,
            "taker_side": "no"
        },
        {
            "trade_id": "22e4c326-a137-426a-98e2-5a53863e9141",
            "ticker": "HIGHMIA-24SEP20-B86.5",
            "count": 1,
            "created_time": "2024-09-20T01:58:56.424028Z",
            "yes_price": 2,
            "no_price": 98,
            "taker_side": "no"
        },
        {
            "trade_id": "b10c48d2-d25b-4305-b8d6-08068cece58f",
            "ticker": "HIGHMIA-24SEP20-B86.5",
            "count": 1,
            "created_time": "2024-09-19T18:12:05.021008Z",
            "yes_price": 8,
            "no_price": 92,
            "taker_side": "yes"
        },
        {
            "trade_id": "9f144ae2-4606-408f-8fb3-83715931cbc3",
            "ticker": "HIGHMIA-24SEP20-B86.5",
            "count": 200,
            "created_time": "2024-09-19T14:10:51.03072Z",
            "yes_price": 50,
            "no_price": 50,
            "taker_side": "no"
        }
    ],
    "HIGHMIA-24SEP20-B88.5": [
        {
            "trade_id": "9284c289-b5e6-4459-b044-f5a1075a995b",
            "ticker": "HIGHMIA-24SEP20-B88.5",
            "count": 50,
            "created_time": "2024-09-20T16:55:47.733708Z",
            "yes_price": 1,
            "no_price": 99,
            "taker_side": "no"
        },
        {
            "trade_id": "82b17f57-56bd-4c23-a3da-318bbe8164e9",
            "ticker": "HIGHMIA-24SEP20-B88.5",
            "count": 2,
            "created_time": "2024-09-20T16:55:47.733708Z",
            "yes_price": 5,
            "no_price": 95,
            "taker_side": "no"
        },
        {
            "trade_id": "6d75b069-c9d0-4e66-97da-8092c565d41d",
            "ticker": "HIGHMIA-24SEP20-B88.5",
            "count": 10,
            "created_time": "2024-09-20T16:55:47.733708Z",
            "yes_price": 5,
            "no_price": 95,
            "taker_side": "no"
        },
        {
            "trade_id": "f294e855-576e-4c73-9d4d-a3b3e8f04eb2",
            "ticker": "HIGHMIA-24SEP20-B88.5",
            "count": 25,
            "created_time": "2024-09-20T15:58:41.965339Z",
            "yes_price": 97,
            "no_price": 3,
            "taker_side": "yes"
        },
        {
            "trade_id": "dae6b8cc-d64c-497e-8a20-b51450f8a4c4",
            "ticker": "HIGHMIA-24SEP20-B88.5",
            "count": 72,
            "created_time": "2024-09-20T15:58:41.965339Z",
            "yes_price": 85,
            "no_price": 15,
            "taker_side": "yes"
        },
        {
            "trade_id": "da65ee16-e092-48aa-923a-a8134b2a6d16",
            "ticker": "HIGHMIA-24SEP20-B88.5",
            "count": 1,
            "created_time": "2024-09-20T15:58:41.965339Z",
            "yes_price": 60,
            "no_price": 40,
            "taker_side": "yes"
        },
        {
            "trade_id": "8ed18890-a913-4f95-86a7-8f6131499dff",
            "ticker": "HIGHMIA-24SEP20-B88.5",
            "count": 39,
            "created_time": "2024-09-20T15:58:41.965339Z",
            "yes_price": 96,
            "no_price": 4,
            "taker_side": "yes"
        },
        {
            "trade_id": "3940be0f-f78c-4b95-a7ae-e4ef34a95a92",
            "ticker": "HIGHMIA-24SEP20-B88.5",
            "count": 300,
            "created_time": "2024-09-20T15:58:41.965339Z",
            "yes_price": 60,
            "no_price": 40,
            "taker_side": "yes"
        },
        {
            "trade_id": "38151cd2-9a1a-4397-8dcb-af6846889501",
            "ticker": "HIGHMIA-24SEP20-B88.5",
            "count": 50,
            "created_time": "2024-09-20T15:58:41.965339Z",
            "yes_price": 99,
            "no_price": 1,
            "taker_side": "yes"
        },
        {
            "trade_id": "072e476a-5568-4f79-9d7f-902064112f90",
            "ticker": "HIGHMIA-24SEP20-B88.5",
            "count": 48,
            "created_time": "2024-09-20T15:58:41.965339Z",
            "yes_price": 91,
            "no_price": 9,
            "taker_side": "yes"
        },
        {
            "trade_id": "7201409d-35ed-4bfb-a4f8-13e35308ed5b",
            "ticker": "HIGHMIA-24SEP20-B88.5",
            "count": 54,
            "created_time": "2024-09-20T13:39:47.468283Z",
            "yes_price": 41,
            "no_price": 59,
            "taker_side": "no"
        },
        {
            "trade_id": "47dea619-4b5d-4deb-9e85-898de3678571",
            "ticker": "HIGHMIA-24SEP20-B88.5",
            "count": 18,
            "created_time": "2024-09-20T13:39:29.695041Z",
            "yes_price": 44,
            "no_price": 56,
            "taker_side": "no"
        },
        {
            "trade_id": "10690618-d121-4942-9b5a-e6468f54bca9",
            "ticker": "HIGHMIA-24SEP20-B88.5",
            "count": 180,
            "created_time": "2024-09-20T13:39:29.695041Z",
            "yes_price": 42,
            "no_price": 58,
            "taker_side": "no"
        },
        {
            "trade_id": "da43059b-df91-410b-be87-f56b2a0d3022",
            "ticker": "HIGHMIA-24SEP20-B88.5",
            "count": 8,
            "created_time": "2024-09-20T13:30:16.880931Z",
            "yes_price": 44,
            "no_price": 56,
            "taker_side": "no"
        },
        {
            "trade_id": "93d390b7-e6e0-438c-8d2a-00232155e213",
            "ticker": "HIGHMIA-24SEP20-B88.5",
            "count": 90,
            "created_time": "2024-09-20T13:17:13.491301Z",
            "yes_price": 45,
            "no_price": 55,
            "taker_side": "no"
        },
        {
            "trade_id": "0f9fc683-d6a8-4007-8eca-0e2359e0c798",
            "ticker": "HIGHMIA-24SEP20-B88.5",
            "count": 90,
            "created_time": "2024-09-20T13:17:13.491301Z",
            "yes_price": 48,
            "no_price": 52,
            "taker_side": "no"
        },
        {
            "trade_id": "4a5fef62-5ae6-4ad6-8d48-9b586e381920",
            "ticker": "HIGHMIA-24SEP20-B88.5",
            "count": 52,
            "created_time": "2024-09-20T12:12:43.56089Z",
            "yes_price": 53,
            "no_price": 47,
            "taker_side": "no"
        },
        {
            "trade_id": "2179d8b6-28d1-4517-a772-72490a6d8fac",
            "ticker": "HIGHMIA-24SEP20-B88.5",
            "count": 2,
            "created_time": "2024-09-20T12:12:43.56089Z",
            "yes_price": 53,
            "no_price": 47,
            "taker_side": "no"
        },
        {
            "trade_id": "d7656e41-fa61-4ec6-acb3-649ffb1d57d5",
            "ticker": "HIGHMIA-24SEP20-B88.5",
            "count": 60,
            "created_time": "2024-09-20T12:12:20.396313Z",
            "yes_price": 53,
            "no_price": 47,
            "taker_side": "no"
        },
        {
            "trade_id": "01dc21dc-19d1-4311-a83f-ad0d85362ab1",
            "ticker": "HIGHMIA-24SEP20-B88.5",
            "count": 4,
            "created_time": "2024-09-20T12:10:36.235924Z",
            "yes_price": 53,
            "no_price": 47,
            "taker_side": "no"
        },
        {
            "trade_id": "77fad413-7f42-418f-959f-a27ec185322d",
            "ticker": "HIGHMIA-24SEP20-B88.5",
            "count": 22,
            "created_time": "2024-09-20T12:05:06.803493Z",
            "yes_price": 51,
            "no_price": 49,
            "taker_side": "yes"
        },
        {
            "trade_id": "fa2466e5-0965-4177-a828-63e270b3edaa",
            "ticker": "HIGHMIA-24SEP20-B88.5",
            "count": 19,
            "created_time": "2024-09-20T01:59:43.671457Z",
            "yes_price": 39,
            "no_price": 61,
            "taker_side": "yes"
        },
        {
            "trade_id": "f93f2e11-e4fc-44f0-a32f-7ffe3c756ef4",
            "ticker": "HIGHMIA-24SEP20-B88.5",
            "count": 34,
            "created_time": "2024-09-20T01:59:43.671457Z",
            "yes_price": 33,
            "no_price": 67,
            "taker_side": "yes"
        },
        {
            "trade_id": "a69669b8-e6fb-4831-95b8-443845673516",
            "ticker": "HIGHMIA-24SEP20-B88.5",
            "count": 1,
            "created_time": "2024-09-20T01:59:43.671457Z",
            "yes_price": 36,
            "no_price": 64,
            "taker_side": "yes"
        },
        {
            "trade_id": "fb738442-bd7f-4b51-97c2-ca98ab1a3726",
            "ticker": "HIGHMIA-24SEP20-B88.5",
            "count": 61,
            "created_time": "2024-09-20T01:59:13.14066Z",
            "yes_price": 33,
            "no_price": 67,
            "taker_side": "yes"
        },
        {
            "trade_id": "d88b8c95-e1c1-4640-9db8-acb30a1efc88",
            "ticker": "HIGHMIA-24SEP20-B88.5",
            "count": 76,
            "created_time": "2024-09-20T01:59:13.14066Z",
            "yes_price": 36,
            "no_price": 64,
            "taker_side": "yes"
        },
        {
            "trade_id": "daf2ca75-1511-46d0-86d6-673197e9a3ea",
            "ticker": "HIGHMIA-24SEP20-B88.5",
            "count": 18,
            "created_time": "2024-09-20T01:59:03.489755Z",
            "yes_price": 29,
            "no_price": 71,
            "taker_side": "yes"
        },
        {
            "trade_id": "d7ed6588-def3-41ab-b91e-1fc56aa0dcac",
            "ticker": "HIGHMIA-24SEP20-B88.5",
            "count": 142,
            "created_time": "2024-09-20T01:59:03.489755Z",
            "yes_price": 27,
            "no_price": 73,
            "taker_side": "yes"
        },
        {
            "trade_id": "d49f2d32-c9e3-487a-93cd-ea8b2858868d",
            "ticker": "HIGHMIA-24SEP20-B88.5",
            "count": 15,
            "created_time": "2024-09-20T01:59:03.489755Z",
            "yes_price": 26,
            "no_price": 74,
            "taker_side": "yes"
        },
        {
            "trade_id": "8ccfe86c-c9cd-4b76-9b21-a91f3c7b5bc8",
            "ticker": "HIGHMIA-24SEP20-B88.5",
            "count": 18,
            "created_time": "2024-09-20T01:58:56.277893Z",
            "yes_price": 25,
            "no_price": 75,
            "taker_side": "yes"
        },
        {
            "trade_id": "6fe537c7-6456-48a8-96c6-b821233f68f7",
            "ticker": "HIGHMIA-24SEP20-B88.5",
            "count": 38,
            "created_time": "2024-09-20T01:58:56.277893Z",
            "yes_price": 27,
            "no_price": 73,
            "taker_side": "yes"
        },
        {
            "trade_id": "3f99c8ed-b78a-4a5d-b46d-69fe5a962b50",
            "ticker": "HIGHMIA-24SEP20-B88.5",
            "count": 90,
            "created_time": "2024-09-20T01:58:56.277893Z",
            "yes_price": 25,
            "no_price": 75,
            "taker_side": "yes"
        },
        {
            "trade_id": "3727d329-2141-495e-a69b-0ba3bdf07808",
            "ticker": "HIGHMIA-24SEP20-B88.5",
            "count": 40,
            "created_time": "2024-09-20T01:58:56.277893Z",
            "yes_price": 25,
            "no_price": 75,
            "taker_side": "yes"
        },
        {
            "trade_id": "971adc90-205f-46ad-b768-3e7b3e941b8f",
            "ticker": "HIGHMIA-24SEP20-B88.5",
            "count": 54,
            "created_time": "2024-09-19T23:16:41.913709Z",
            "yes_price": 20,
            "no_price": 80,
            "taker_side": "no"
        },
        {
            "trade_id": "492991b1-f691-4892-b48e-4157b4bd1fdc",
            "ticker": "HIGHMIA-24SEP20-B88.5",
            "count": 74,
            "created_time": "2024-09-19T23:04:36.44006Z",
            "yes_price": 21,
            "no_price": 79,
            "taker_side": "no"
        },
        {
            "trade_id": "06bd2900-8623-4054-918c-582d46484867",
            "ticker": "HIGHMIA-24SEP20-B88.5",
            "count": 54,
            "created_time": "2024-09-19T23:04:36.40314Z",
            "yes_price": 21,
            "no_price": 79,
            "taker_side": "no"
        },
        {
            "trade_id": "6e8fcd15-e920-4d87-a9f1-6daf296f0161",
            "ticker": "HIGHMIA-24SEP20-B88.5",
            "count": 72,
            "created_time": "2024-09-19T22:52:43.131161Z",
            "yes_price": 21,
            "no_price": 79,
            "taker_side": "no"
        },
        {
            "trade_id": "26f16c55-eafb-47c3-9472-6a8f7da13218",
            "ticker": "HIGHMIA-24SEP20-B88.5",
            "count": 5,
            "created_time": "2024-09-19T21:24:32.065063Z",
            "yes_price": 22,
            "no_price": 78,
            "taker_side": "no"
        },
        {
            "trade_id": "b8fb239b-32f4-484f-8e11-c297b93787e4",
            "ticker": "HIGHMIA-24SEP20-B88.5",
            "count": 72,
            "created_time": "2024-09-19T18:40:41.628316Z",
            "yes_price": 33,
            "no_price": 67,
            "taker_side": "yes"
        },
        {
            "trade_id": "b19d47f7-3889-436c-8107-406c4610843c",
            "ticker": "HIGHMIA-24SEP20-B88.5",
            "count": 1,
            "created_time": "2024-09-19T18:35:19.940605Z",
            "yes_price": 28,
            "no_price": 72,
            "taker_side": "no"
        },
        {
            "trade_id": "9136a6c1-a998-471a-b9a6-4b2941c34a78",
            "ticker": "HIGHMIA-24SEP20-B88.5",
            "count": 77,
            "created_time": "2024-09-19T17:52:38.438426Z",
            "yes_price": 26,
            "no_price": 74,
            "taker_side": "yes"
        },
        {
            "trade_id": "4fa5fe4f-6c1f-4fb3-8c80-91e3700a32df",
            "ticker": "HIGHMIA-24SEP20-B88.5",
            "count": 1,
            "created_time": "2024-09-19T17:30:26.486271Z",
            "yes_price": 24,
            "no_price": 76,
            "taker_side": "no"
        },
        {
            "trade_id": "ea02443d-d137-475f-9423-9abfd4336bac",
            "ticker": "HIGHMIA-24SEP20-B88.5",
            "count": 36,
            "created_time": "2024-09-19T15:00:06.317665Z",
            "yes_price": 20,
            "no_price": 80,
            "taker_side": "yes"
        },
        {
            "trade_id": "7d75fcd1-3b31-4e64-91a4-c1cd53f8d185",
            "ticker": "HIGHMIA-24SEP20-B88.5",
            "count": 52,
            "created_time": "2024-09-19T15:00:06.317665Z",
            "yes_price": 22,
            "no_price": 78,
            "taker_side": "yes"
        },
        {
            "trade_id": "3fabf7f6-d8ff-4788-932a-9823d8e9b19f",
            "ticker": "HIGHMIA-24SEP20-B88.5",
            "count": 2,
            "created_time": "2024-09-19T15:00:06.317665Z",
            "yes_price": 20,
            "no_price": 80,
            "taker_side": "yes"
        },
        {
            "trade_id": "89010ff2-0f65-4925-8333-cb7862ac564c",
            "ticker": "HIGHMIA-24SEP20-B88.5",
            "count": 9,
            "created_time": "2024-09-19T14:30:02.064407Z",
            "yes_price": 22,
            "no_price": 78,
            "taker_side": "yes"
        },
        {
            "trade_id": "0d09488a-bdfa-41e0-a32b-5728932d8dbf",
            "ticker": "HIGHMIA-24SEP20-B88.5",
            "count": 108,
            "created_time": "2024-09-19T14:30:02.064407Z",
            "yes_price": 20,
            "no_price": 80,
            "taker_side": "yes"
        },
        {
            "trade_id": "3f1114c7-a97a-43ee-a9ca-ec7c0afe54dc",
            "ticker": "HIGHMIA-24SEP20-B88.5",
            "count": 126,
            "created_time": "2024-09-19T14:20:53.185867Z",
            "yes_price": 17,
            "no_price": 83,
            "taker_side": "yes"
        },
        {
            "trade_id": "199b5e3d-9d15-4ca0-8e69-0231557451c6",
            "ticker": "HIGHMIA-24SEP20-B88.5",
            "count": 180,
            "created_time": "2024-09-19T14:20:53.185867Z",
            "yes_price": 19,
            "no_price": 81,
            "taker_side": "yes"
        }
    ],
    "HIGHMIA-24SEP20-B90.5": [
        {
            "trade_id": "fe3c95c7-74cf-4149-ae20-45b49898d5bc",
            "ticker": "HIGHMIA-24SEP20-B90.5",
            "count": 50,
            "created_time": "2024-09-21T01:27:10.041955Z",
            "yes_price": 1,
            "no_price": 99,
            "taker_side": "yes"
        },
        {
            "trade_id": "e0c39769-ab28-4178-b802-6b829c2f3c06",
            "ticker": "HIGHMIA-24SEP20-B90.5",
            "count": 101,
            "created_time": "2024-09-21T01:27:10.041955Z",
            "yes_price": 1,
            "no_price": 99,
            "taker_side": "yes"
        },
        {
            "trade_id": "a094f844-5d72-4515-9b17-cde2a3fb5579",
            "ticker": "HIGHMIA-24SEP20-B90.5",
            "count": 101,
            "created_time": "2024-09-21T01:27:10.041955Z",
            "yes_price": 1,
            "no_price": 99,
            "taker_side": "yes"
        },
        {
            "trade_id": "9687cf87-7a5f-4d90-9cb1-8c5655f11069",
            "ticker": "HIGHMIA-24SEP20-B90.5",
            "count": 10,
            "created_time": "2024-09-21T01:27:10.041955Z",
            "yes_price": 1,
            "no_price": 99,
            "taker_side": "yes"
        },
        {
            "trade_id": "7b16d90a-8ee8-4dc0-aeba-f30a1f7326e7",
            "ticker": "HIGHMIA-24SEP20-B90.5",
            "count": 50,
            "created_time": "2024-09-20T20:25:43.572525Z",
            "yes_price": 1,
            "no_price": 99,
            "taker_side": "no"
        },
        {
            "trade_id": "4510c9f8-8a55-4cbb-8808-c3b7cd777410",
            "ticker": "HIGHMIA-24SEP20-B90.5",
            "count": 127,
            "created_time": "2024-09-20T20:12:03.92718Z",
            "yes_price": 3,
            "no_price": 97,
            "taker_side": "yes"
        },
        {
            "trade_id": "9eea1d76-24dd-4cd5-8aec-a668e69f5bde",
            "ticker": "HIGHMIA-24SEP20-B90.5",
            "count": 125,
            "created_time": "2024-09-20T20:12:03.813338Z",
            "yes_price": 50,
            "no_price": 50,
            "taker_side": "no"
        },
        {
            "trade_id": "31566ad3-2054-4566-a4df-868cef69b236",
            "ticker": "HIGHMIA-24SEP20-B90.5",
            "count": 10,
            "created_time": "2024-09-20T20:12:03.813338Z",
            "yes_price": 35,
            "no_price": 65,
            "taker_side": "no"
        },
        {
            "trade_id": "01b44599-54db-4105-9a3f-cef1cfa9ae86",
            "ticker": "HIGHMIA-24SEP20-B90.5",
            "count": 22,
            "created_time": "2024-09-20T13:55:05.784716Z",
            "yes_price": 60,
            "no_price": 40,
            "taker_side": "yes"
        },
        {
            "trade_id": "fafe3d4f-0850-4ce6-a747-a73b99467c7c",
            "ticker": "HIGHMIA-24SEP20-B90.5",
            "count": 44,
            "created_time": "2024-09-20T12:49:04.832993Z",
            "yes_price": 41,
            "no_price": 59,
            "taker_side": "yes"
        },
        {
            "trade_id": "027e4d9e-bd5b-475e-9515-9cb6f8ff608a",
            "ticker": "HIGHMIA-24SEP20-B90.5",
            "count": 78,
            "created_time": "2024-09-20T12:12:47.909512Z",
            "yes_price": 40,
            "no_price": 60,
            "taker_side": "no"
        },
        {
            "trade_id": "5671b9f8-8673-45a9-828a-7c2a41a89bb2",
            "ticker": "HIGHMIA-24SEP20-B90.5",
            "count": 4,
            "created_time": "2024-09-20T12:10:36.138915Z",
            "yes_price": 40,
            "no_price": 60,
            "taker_side": "yes"
        },
        {
            "trade_id": "412b5c8f-cb05-44d3-b0e8-47e478acb31b",
            "ticker": "HIGHMIA-24SEP20-B90.5",
            "count": 18,
            "created_time": "2024-09-20T12:10:36.138915Z",
            "yes_price": 40,
            "no_price": 60,
            "taker_side": "yes"
        },
        {
            "trade_id": "363f915a-3ba8-42f9-8446-11310fa4d554",
            "ticker": "HIGHMIA-24SEP20-B90.5",
            "count": 15,
            "created_time": "2024-09-20T01:59:03.662517Z",
            "yes_price": 41,
            "no_price": 59,
            "taker_side": "no"
        },
        {
            "trade_id": "55c1d55d-dd54-430b-bc96-8d2d0766408c",
            "ticker": "HIGHMIA-24SEP20-B90.5",
            "count": 18,
            "created_time": "2024-09-20T01:58:56.443419Z",
            "yes_price": 43,
            "no_price": 57,
            "taker_side": "no"
        },
        {
            "trade_id": "403ebdc6-beb3-4eeb-9ba3-9cab2a9c1808",
            "ticker": "HIGHMIA-24SEP20-B90.5",
            "count": 54,
            "created_time": "2024-09-20T00:52:22.944752Z",
            "yes_price": 54,
            "no_price": 46,
            "taker_side": "yes"
        },
        {
            "trade_id": "1c4b3eb2-f1c3-4cca-b9df-4407bed4891f",
            "ticker": "HIGHMIA-24SEP20-B90.5",
            "count": 18,
            "created_time": "2024-09-20T00:52:22.944752Z",
            "yes_price": 51,
            "no_price": 49,
            "taker_side": "yes"
        },
        {
            "trade_id": "2b83222b-3508-4a96-9da0-9c540ac5c4d3",
            "ticker": "HIGHMIA-24SEP20-B90.5",
            "count": 5,
            "created_time": "2024-09-19T22:08:42.984089Z",
            "yes_price": 46,
            "no_price": 54,
            "taker_side": "no"
        },
        {
            "trade_id": "4c10e1f0-f949-45fd-b770-b20bb7a72990",
            "ticker": "HIGHMIA-24SEP20-B90.5",
            "count": 1,
            "created_time": "2024-09-19T19:37:26.990961Z",
            "yes_price": 49,
            "no_price": 51,
            "taker_side": "yes"
        },
        {
            "trade_id": "24ba1427-2fda-4958-a984-4ee73206a706",
            "ticker": "HIGHMIA-24SEP20-B90.5",
            "count": 18,
            "created_time": "2024-09-19T19:37:26.990961Z",
            "yes_price": 51,
            "no_price": 49,
            "taker_side": "yes"
        },
        {
            "trade_id": "c79855e6-1877-4672-907e-b2964fd2a300",
            "ticker": "HIGHMIA-24SEP20-B90.5",
            "count": 1,
            "created_time": "2024-09-19T18:35:20.316839Z",
            "yes_price": 43,
            "no_price": 57,
            "taker_side": "no"
        },
        {
            "trade_id": "f2b3c309-25c5-4be8-a3a6-4d5241cad7f2",
            "ticker": "HIGHMIA-24SEP20-B90.5",
            "count": 1,
            "created_time": "2024-09-19T17:30:26.734658Z",
            "yes_price": 43,
            "no_price": 57,
            "taker_side": "no"
        }
    ],
    "HIGHMIA-24SEP20-T91": [
        {
            "trade_id": "fcfdcf14-eecb-4de3-bf10-6b7aee2949d9",
            "ticker": "HIGHMIA-24SEP20-T91",
            "count": 2,
            "created_time": "2024-09-20T20:25:46.624554Z",
            "yes_price": 99,
            "no_price": 1,
            "taker_side": "yes"
        },
        {
            "trade_id": "14f8526c-7f08-49b7-b4ed-0bb53933d0e9",
            "ticker": "HIGHMIA-24SEP20-T91",
            "count": 50,
            "created_time": "2024-09-20T20:25:46.624554Z",
            "yes_price": 99,
            "no_price": 1,
            "taker_side": "yes"
        },
        {
            "trade_id": "6ddc1a4b-f077-4709-a846-663067c85f49",
            "ticker": "HIGHMIA-24SEP20-T91",
            "count": 25,
            "created_time": "2024-09-20T20:12:03.998763Z",
            "yes_price": 97,
            "no_price": 3,
            "taker_side": "yes"
        },
        {
            "trade_id": "3e411094-328e-4e3a-9290-6b228f7a53d5",
            "ticker": "HIGHMIA-24SEP20-T91",
            "count": 2,
            "created_time": "2024-09-20T20:12:03.899925Z",
            "yes_price": 95,
            "no_price": 5,
            "taker_side": "yes"
        },
        {
            "trade_id": "a7957054-6562-4c23-9389-6b964be56203",
            "ticker": "HIGHMIA-24SEP20-T91",
            "count": 10,
            "created_time": "2024-09-20T16:35:42.387819Z",
            "yes_price": 3,
            "no_price": 97,
            "taker_side": "no"
        },
        {
            "trade_id": "cbdb4c63-f791-4f65-ab1b-e1894733b8b7",
            "ticker": "HIGHMIA-24SEP20-T91",
            "count": 10,
            "created_time": "2024-09-20T15:02:16.471498Z",
            "yes_price": 4,
            "no_price": 96,
            "taker_side": "no"
        },
        {
            "trade_id": "e9d1c337-f404-4ff9-8124-ed05b16d9a5e",
            "ticker": "HIGHMIA-24SEP20-T91",
            "count": 2,
            "created_time": "2024-09-20T12:10:36.262946Z",
            "yes_price": 6,
            "no_price": 94,
            "taker_side": "no"
        },
        {
            "trade_id": "e6e5847b-7c9c-4ad4-921d-ba83f276f074",
            "ticker": "HIGHMIA-24SEP20-T91",
            "count": 2,
            "created_time": "2024-09-20T12:10:36.262946Z",
            "yes_price": 6,
            "no_price": 94,
            "taker_side": "no"
        },
        {
            "trade_id": "eecb2fd4-c758-449f-ba3e-2862b92652bf",
            "ticker": "HIGHMIA-24SEP20-T91",
            "count": 15,
            "created_time": "2024-09-20T01:59:03.637784Z",
            "yes_price": 33,
            "no_price": 67,
            "taker_side": "no"
        },
        {
            "trade_id": "5e32d9d5-8a2e-4d0b-b6aa-6bfd16df4119",
            "ticker": "HIGHMIA-24SEP20-T91",
            "count": 18,
            "created_time": "2024-09-20T01:58:56.442453Z",
            "yes_price": 33,
            "no_price": 67,
            "taker_side": "no"
        },
        {
            "trade_id": "73fdebf6-53bd-46f5-b59a-5c2335ffe686",
            "ticker": "HIGHMIA-24SEP20-T91",
            "count": 42,
            "created_time": "2024-09-20T01:53:56.42437Z",
            "yes_price": 34,
            "no_price": 66,
            "taker_side": "no"
        },
        {
            "trade_id": "24e30d39-59f6-448f-8e18-936e7d8de8dd",
            "ticker": "HIGHMIA-24SEP20-T91",
            "count": 2,
            "created_time": "2024-09-20T01:53:56.42437Z",
            "yes_price": 34,
            "no_price": 66,
            "taker_side": "no"
        },
        {
            "trade_id": "fd80ae22-47c1-471c-b60c-07fffc8125da",
            "ticker": "HIGHMIA-24SEP20-T91",
            "count": 108,
            "created_time": "2024-09-20T01:41:34.706518Z",
            "yes_price": 34,
            "no_price": 66,
            "taker_side": "no"
        },
        {
            "trade_id": "9b8a9dc9-9851-49ca-9215-e085022ad909",
            "ticker": "HIGHMIA-24SEP20-T91",
            "count": 90,
            "created_time": "2024-09-20T01:41:24.525792Z",
            "yes_price": 33,
            "no_price": 67,
            "taker_side": "no"
        },
        {
            "trade_id": "d9b4b2ae-6a46-4ff9-a791-ccbe2a7139d3",
            "ticker": "HIGHMIA-24SEP20-T91",
            "count": 72,
            "created_time": "2024-09-20T01:41:13.649636Z",
            "yes_price": 32,
            "no_price": 68,
            "taker_side": "yes"
        },
        {
            "trade_id": "50eec21e-81a0-4f93-992f-c65de8809b36",
            "ticker": "HIGHMIA-24SEP20-T91",
            "count": 40,
            "created_time": "2024-09-20T01:41:13.649636Z",
            "yes_price": 31,
            "no_price": 69,
            "taker_side": "yes"
        },
        {
            "trade_id": "0f733cc6-ca83-4c94-bdd4-54dd517aeb8c",
            "ticker": "HIGHMIA-24SEP20-T91",
            "count": 2,
            "created_time": "2024-09-20T01:41:13.649636Z",
            "yes_price": 31,
            "no_price": 69,
            "taker_side": "yes"
        },
        {
            "trade_id": "46b927b3-0150-46c9-9027-83e077bae507",
            "ticker": "HIGHMIA-24SEP20-T91",
            "count": 61,
            "created_time": "2024-09-19T23:16:41.666273Z",
            "yes_price": 34,
            "no_price": 66,
            "taker_side": "yes"
        },
        {
            "trade_id": "7245373b-ed35-4fd0-b1db-552bf314cb3c",
            "ticker": "HIGHMIA-24SEP20-T91",
            "count": 90,
            "created_time": "2024-09-19T23:16:41.634146Z",
            "yes_price": 34,
            "no_price": 66,
            "taker_side": "yes"
        },
        {
            "trade_id": "9574bb6b-32f1-4dc0-8f05-5e697a675e46",
            "ticker": "HIGHMIA-24SEP20-T91",
            "count": 59,
            "created_time": "2024-09-19T22:08:56.922469Z",
            "yes_price": 41,
            "no_price": 59,
            "taker_side": "yes"
        },
        {
            "trade_id": "5e0ed139-0703-47bd-b325-5b69c3473969",
            "ticker": "HIGHMIA-24SEP20-T91",
            "count": 18,
            "created_time": "2024-09-19T22:08:43.04392Z",
            "yes_price": 41,
            "no_price": 59,
            "taker_side": "yes"
        },
        {
            "trade_id": "2896d3fb-04ee-4727-9263-7d2de9703b24",
            "ticker": "HIGHMIA-24SEP20-T91",
            "count": 1,
            "created_time": "2024-09-19T18:35:20.687185Z",
            "yes_price": 23,
            "no_price": 77,
            "taker_side": "yes"
        },
        {
            "trade_id": "2eb8b3b2-3601-401b-a69c-ecdaef8e4226",
            "ticker": "HIGHMIA-24SEP20-T91",
            "count": 1,
            "created_time": "2024-09-19T17:30:26.972112Z",
            "yes_price": 28,
            "no_price": 72,
            "taker_side": "yes"
        },
        {
            "trade_id": "ad5e3b26-d9a3-4814-8735-71290c9636b9",
            "ticker": "HIGHMIA-24SEP20-T91",
            "count": 22,
            "created_time": "2024-09-19T14:39:05.820533Z",
            "yes_price": 36,
            "no_price": 64,
            "taker_side": "no"
        },
        {
            "trade_id": "145fd2c7-d786-4530-8fb9-faa37e836d22",
            "ticker": "HIGHMIA-24SEP20-T91",
            "count": 59,
            "created_time": "2024-09-19T14:16:44.567256Z",
            "yes_price": 31,
            "no_price": 69,
            "taker_side": "yes"
        },
        {
            "trade_id": "ad9007f4-5ecf-4215-82fd-0d38b14e9d63",
            "ticker": "HIGHMIA-24SEP20-T91",
            "count": 18,
            "created_time": "2024-09-19T14:16:44.550431Z",
            "yes_price": 31,
            "no_price": 69,
            "taker_side": "yes"
        }
    ]
}