{
    "HIGHMIA-24MAY30-T87": [
        {
            "trade_id": "865452d7-8e9d-41bb-8e4c-9f934ff6b5a3",
            "ticker": "HIGHMIA-24MAY30-T87",
            "count": 1,
            "created_time": "2024-05-30T01:39:30.910274Z",
            "yes_price": 1,
            "no_price": 99,
            "taker_side": "no"
        },
        {
            "trade_id": "b1ab94b0-f57a-471c-beb6-4364da7fffc3",
            "ticker": "HIGHMIA-24MAY30-T87",
            "count": 19,
            "created_time": "2024-05-30T00:44:26.084545Z",
            "yes_price": 1,
            "no_price": 99,
            "taker_side": "no"
        },
        {
            "trade_id": "45b898f1-7ea3-456e-b78f-9cea30b70867",
            "ticker": "HIGHMIA-24MAY30-T87",
            "count": 17,
            "created_time": "2024-05-29T23:42:16.436778Z",
            "yes_price": 1,
            "no_price": 99,
            "taker_side": "no"
        },
        {
            "trade_id": "6fbfd6ae-4ef2-4256-b71b-1b7b474ae985",
            "ticker": "HIGHMIA-24MAY30-T87",
            "count": 40,
            "created_time": "2024-05-29T23:42:16.229339Z",
            "yes_price": 1,
            "no_price": 99,
            "taker_side": "no"
        },
        {
            "trade_id": "17de749e-308e-466d-b384-e03e41e2011b",
            "ticker": "HIGHMIA-24MAY30-T87",
            "count": 17,
            "created_time": "2024-05-29T23:42:16.225204Z",
            "yes_price": 1,
            "no_price": 99,
            "taker_side": "no"
        },
        {
            "trade_id": "733a5b62-1058-485c-b8d0-951c79fe6dfb",
            "ticker": "HIGHMIA-24MAY30-T87",
            "count": 16,
            "created_time": "2024-05-29T21:36:00.778826Z",
            "yes_price": 1,
            "no_price": 99,
            "taker_side": "no"
        },
        {
            "trade_id": "71765e86-7100-4fb7-be90-aa9db4608f04",
            "ticker": "HIGHMIA-24MAY30-T87",
            "count": 4,
            "created_time": "2024-05-29T21:35:31.419212Z",
            "yes_price": 1,
            "no_price": 99,
            "taker_side": "no"
        },
        {
            "trade_id": "43ca5fc3-ad7c-4bb2-b0cb-3cf90ef91ad5",
            "ticker": "HIGHMIA-24MAY30-T87",
            "count": 4,
            "created_time": "2024-05-29T16:44:29.579167Z",
            "yes_price": 11,
            "no_price": 89,
            "taker_side": "yes"
        },
        {
            "trade_id": "c4a61395-0cb6-476c-9d02-f64b23e03129",
            "ticker": "HIGHMIA-24MAY30-T87",
            "count": 1,
            "created_time": "2024-05-29T16:44:29.549882Z",
            "yes_price": 11,
            "no_price": 89,
            "taker_side": "yes"
        },
        {
            "trade_id": "beb679aa-5c6e-4854-a284-e8359226039e",
            "ticker": "HIGHMIA-24MAY30-T87",
            "count": 33,
            "created_time": "2024-05-29T16:44:29.549882Z",
            "yes_price": 5,
            "no_price": 95,
            "taker_side": "yes"
        },
        {
            "trade_id": "5b414986-61bd-4a5f-b09c-ab957067f45b",
            "ticker": "HIGHMIA-24MAY30-T87",
            "count": 5,
            "created_time": "2024-05-29T16:44:29.549882Z",
            "yes_price": 10,
            "no_price": 90,
            "taker_side": "yes"
        },
        {
            "trade_id": "188fbce5-73b2-429d-8ce9-ae482b085bd9",
            "ticker": "HIGHMIA-24MAY30-T87",
            "count": 39,
            "created_time": "2024-05-29T16:44:25.218721Z",
            "yes_price": 5,
            "no_price": 95,
            "taker_side": "yes"
        },
        {
            "trade_id": "c3552d31-284c-4f1c-8af4-d59da623dc61",
            "ticker": "HIGHMIA-24MAY30-T87",
            "count": 23,
            "created_time": "2024-05-29T16:44:25.189759Z",
            "yes_price": 5,
            "no_price": 95,
            "taker_side": "yes"
        },
        {
            "trade_id": "fbba6bbf-a11a-4ca4-84a0-8103f6897c03",
            "ticker": "HIGHMIA-24MAY30-T87",
            "count": 10,
            "created_time": "2024-05-29T16:44:25.159883Z",
            "yes_price": 1,
            "no_price": 99,
            "taker_side": "yes"
        },
        {
            "trade_id": "b9220581-1836-4adc-9eda-6b961a3e1895",
            "ticker": "HIGHMIA-24MAY30-T87",
            "count": 14,
            "created_time": "2024-05-29T16:44:25.159883Z",
            "yes_price": 5,
            "no_price": 95,
            "taker_side": "yes"
        },
        {
            "trade_id": "4f7d25e6-2544-4352-940f-a0f628cd7f38",
            "ticker": "HIGHMIA-24MAY30-T87",
            "count": 5,
            "created_time": "2024-05-29T16:44:25.159883Z",
            "yes_price": 3,
            "no_price": 97,
            "taker_side": "yes"
        },
        {
            "trade_id": "4b59272d-b190-4760-8666-4354c4796e97",
            "ticker": "HIGHMIA-24MAY30-T87",
            "count": 5,
            "created_time": "2024-05-29T16:44:25.159883Z",
            "yes_price": 4,
            "no_price": 96,
            "taker_side": "yes"
        },
        {
            "trade_id": "4456a3e2-1fc5-43b8-93f2-c88541aead62",
            "ticker": "HIGHMIA-24MAY30-T87",
            "count": 5,
            "created_time": "2024-05-29T16:44:25.159883Z",
            "yes_price": 2,
            "no_price": 98,
            "taker_side": "yes"
        }
    ],
    "HIGHMIA-24MAY30-B87.5": [
        {
            "trade_id": "ced68071-9a11-4c50-9f4c-a4ee0a94f673",
            "ticker": "HIGHMIA-24MAY30-B87.5",
            "count": 20,
            "created_time": "2024-05-30T14:37:15.585218Z",
            "yes_price": 1,
            "no_price": 99,
            "taker_side": "no"
        },
        {
            "trade_id": "d4a7a38d-661b-4412-b4b7-0b4fb54e1e09",
            "ticker": "HIGHMIA-24MAY30-B87.5",
            "count": 1,
            "created_time": "2024-05-30T01:39:30.908024Z",
            "yes_price": 4,
            "no_price": 96,
            "taker_side": "no"
        },
        {
            "trade_id": "2865a719-514e-4cb2-97ef-25928d367475",
            "ticker": "HIGHMIA-24MAY30-B87.5",
            "count": 19,
            "created_time": "2024-05-30T00:44:26.064934Z",
            "yes_price": 4,
            "no_price": 96,
            "taker_side": "no"
        },
        {
            "trade_id": "23d9398f-a290-4672-be52-306d3e5e4020",
            "ticker": "HIGHMIA-24MAY30-B87.5",
            "count": 17,
            "created_time": "2024-05-29T23:42:16.438665Z",
            "yes_price": 4,
            "no_price": 96,
            "taker_side": "no"
        },
        {
            "trade_id": "dcb8f256-558c-436d-9b20-dcae2b3ca800",
            "ticker": "HIGHMIA-24MAY30-B87.5",
            "count": 40,
            "created_time": "2024-05-29T23:42:16.227545Z",
            "yes_price": 4,
            "no_price": 96,
            "taker_side": "no"
        },
        {
            "trade_id": "02fe03ea-a66d-4822-95a2-10bf6eaa7181",
            "ticker": "HIGHMIA-24MAY30-B87.5",
            "count": 17,
            "created_time": "2024-05-29T23:42:16.189056Z",
            "yes_price": 4,
            "no_price": 96,
            "taker_side": "no"
        },
        {
            "trade_id": "e4618021-7827-4a4b-b4ff-d1c1aff26e33",
            "ticker": "HIGHMIA-24MAY30-B87.5",
            "count": 16,
            "created_time": "2024-05-29T21:36:00.78063Z",
            "yes_price": 4,
            "no_price": 96,
            "taker_side": "no"
        },
        {
            "trade_id": "f7361e8f-6ee6-4457-9bfc-b2fb4f3aaa8d",
            "ticker": "HIGHMIA-24MAY30-B87.5",
            "count": 4,
            "created_time": "2024-05-29T21:35:31.415987Z",
            "yes_price": 4,
            "no_price": 96,
            "taker_side": "no"
        },
        {
            "trade_id": "62363291-5999-40b1-a4f4-fcf723536cd1",
            "ticker": "HIGHMIA-24MAY30-B87.5",
            "count": 5,
            "created_time": "2024-05-29T16:44:25.005433Z",
            "yes_price": 12,
            "no_price": 88,
            "taker_side": "yes"
        },
        {
            "trade_id": "8fa82d1b-af5c-4d5d-bb89-16e92c4ce5c7",
            "ticker": "HIGHMIA-24MAY30-B87.5",
            "count": 1,
            "created_time": "2024-05-29T16:44:24.975122Z",
            "yes_price": 10,
            "no_price": 90,
            "taker_side": "yes"
        },
        {
            "trade_id": "7108ad15-c141-4e10-b391-13190fef1b11",
            "ticker": "HIGHMIA-24MAY30-B87.5",
            "count": 1,
            "created_time": "2024-05-29T16:44:24.975122Z",
            "yes_price": 11,
            "no_price": 89,
            "taker_side": "yes"
        },
        {
            "trade_id": "91556495-8832-4ee0-a639-75fbf2e41ccd",
            "ticker": "HIGHMIA-24MAY30-B87.5",
            "count": 20,
            "created_time": "2024-05-29T14:24:57.073795Z",
            "yes_price": 4,
            "no_price": 96,
            "taker_side": "yes"
        },
        {
            "trade_id": "02fc0d54-5aaa-45f5-a12e-1d8bbf26243e",
            "ticker": "HIGHMIA-24MAY30-B87.5",
            "count": 109,
            "created_time": "2024-05-29T14:23:13.694782Z",
            "yes_price": 5,
            "no_price": 95,
            "taker_side": "yes"
        }
    ],
    "HIGHMIA-24MAY30-B89.5": [
        {
            "trade_id": "690285fb-5961-43dd-9d64-4e4273094a06",
            "ticker": "HIGHMIA-24MAY30-B89.5",
            "count": 30,
            "created_time": "2024-05-30T19:42:08.440359Z",
            "yes_price": 50,
            "no_price": 50,
            "taker_side": "no"
        },
        {
            "trade_id": "769dcbb1-2efb-4b45-ad23-e0ebab572f2e",
            "ticker": "HIGHMIA-24MAY30-B89.5",
            "count": 14,
            "created_time": "2024-05-30T15:22:03.674064Z",
            "yes_price": 16,
            "no_price": 84,
            "taker_side": "no"
        },
        {
            "trade_id": "6d86bf89-7650-4216-a308-295b69053d79",
            "ticker": "HIGHMIA-24MAY30-B89.5",
            "count": 1,
            "created_time": "2024-05-30T15:20:28.568762Z",
            "yes_price": 16,
            "no_price": 84,
            "taker_side": "yes"
        },
        {
            "trade_id": "334beced-285e-46c8-b530-16d341331563",
            "ticker": "HIGHMIA-24MAY30-B89.5",
            "count": 1,
            "created_time": "2024-05-30T15:11:53.052934Z",
            "yes_price": 10,
            "no_price": 90,
            "taker_side": "no"
        },
        {
            "trade_id": "c17af24a-fc8b-46cb-aa6a-145bad2e330e",
            "ticker": "HIGHMIA-24MAY30-B89.5",
            "count": 4,
            "created_time": "2024-05-30T15:11:53.027207Z",
            "yes_price": 11,
            "no_price": 89,
            "taker_side": "no"
        },
        {
            "trade_id": "91430ef4-990e-477a-9540-61c0d910ea49",
            "ticker": "HIGHMIA-24MAY30-B89.5",
            "count": 45,
            "created_time": "2024-05-30T14:57:39.085131Z",
            "yes_price": 9,
            "no_price": 91,
            "taker_side": "no"
        },
        {
            "trade_id": "3c3bdfbc-5673-4c83-a144-9b521668840a",
            "ticker": "HIGHMIA-24MAY30-B89.5",
            "count": 18,
            "created_time": "2024-05-30T14:57:39.085131Z",
            "yes_price": 10,
            "no_price": 90,
            "taker_side": "no"
        },
        {
            "trade_id": "e38e460b-8312-4669-97ce-ac3239f5beef",
            "ticker": "HIGHMIA-24MAY30-B89.5",
            "count": 45,
            "created_time": "2024-05-30T14:57:17.68304Z",
            "yes_price": 11,
            "no_price": 89,
            "taker_side": "no"
        },
        {
            "trade_id": "2ad69f28-dd5c-4039-bf77-a1a936f25645",
            "ticker": "HIGHMIA-24MAY30-B89.5",
            "count": 45,
            "created_time": "2024-05-30T14:57:17.68304Z",
            "yes_price": 10,
            "no_price": 90,
            "taker_side": "no"
        },
        {
            "trade_id": "b97aaac6-2e2a-4bbe-9e43-3be1df57ab48",
            "ticker": "HIGHMIA-24MAY30-B89.5",
            "count": 41,
            "created_time": "2024-05-30T14:57:05.572118Z",
            "yes_price": 13,
            "no_price": 87,
            "taker_side": "no"
        },
        {
            "trade_id": "9c121679-c75a-4af6-8d95-1b01311bb923",
            "ticker": "HIGHMIA-24MAY30-B89.5",
            "count": 45,
            "created_time": "2024-05-30T14:57:05.572118Z",
            "yes_price": 12,
            "no_price": 88,
            "taker_side": "no"
        },
        {
            "trade_id": "affac9bd-68cf-480c-9340-ec5c64c16ec6",
            "ticker": "HIGHMIA-24MAY30-B89.5",
            "count": 4,
            "created_time": "2024-05-30T14:56:31.708479Z",
            "yes_price": 13,
            "no_price": 87,
            "taker_side": "yes"
        },
        {
            "trade_id": "6209abd9-fac0-4002-a796-c9152dbff36f",
            "ticker": "HIGHMIA-24MAY30-B89.5",
            "count": 1,
            "created_time": "2024-05-30T14:20:33.132863Z",
            "yes_price": 14,
            "no_price": 86,
            "taker_side": "no"
        },
        {
            "trade_id": "286d9bf2-3227-4c40-8da5-a5c31bf19804",
            "ticker": "HIGHMIA-24MAY30-B89.5",
            "count": 26,
            "created_time": "2024-05-30T13:56:23.428881Z",
            "yes_price": 17,
            "no_price": 83,
            "taker_side": "no"
        },
        {
            "trade_id": "a0ac1851-f63c-4f67-b170-0142cbab7a5a",
            "ticker": "HIGHMIA-24MAY30-B89.5",
            "count": 67,
            "created_time": "2024-05-30T13:56:12.792023Z",
            "yes_price": 18,
            "no_price": 82,
            "taker_side": "no"
        },
        {
            "trade_id": "924724ec-be59-404c-9f0e-3bc1021d75fc",
            "ticker": "HIGHMIA-24MAY30-B89.5",
            "count": 4,
            "created_time": "2024-05-30T13:56:12.792023Z",
            "yes_price": 21,
            "no_price": 79,
            "taker_side": "no"
        },
        {
            "trade_id": "72424b55-bb9b-4b4c-81f0-ae330351e51b",
            "ticker": "HIGHMIA-24MAY30-B89.5",
            "count": 13,
            "created_time": "2024-05-30T13:56:12.792023Z",
            "yes_price": 20,
            "no_price": 80,
            "taker_side": "no"
        },
        {
            "trade_id": "492efc69-6063-4f96-b6c2-2817895914dc",
            "ticker": "HIGHMIA-24MAY30-B89.5",
            "count": 67,
            "created_time": "2024-05-30T13:56:12.792023Z",
            "yes_price": 17,
            "no_price": 83,
            "taker_side": "no"
        },
        {
            "trade_id": "4c99c903-f739-47f8-8c88-ae4fd59571e2",
            "ticker": "HIGHMIA-24MAY30-B89.5",
            "count": 1,
            "created_time": "2024-05-30T13:45:58.714802Z",
            "yes_price": 20,
            "no_price": 80,
            "taker_side": "yes"
        },
        {
            "trade_id": "d97167d8-fa6e-41a7-b64b-cf88e1076d37",
            "ticker": "HIGHMIA-24MAY30-B89.5",
            "count": 41,
            "created_time": "2024-05-30T13:35:45.166215Z",
            "yes_price": 18,
            "no_price": 82,
            "taker_side": "no"
        },
        {
            "trade_id": "7e2e6e79-d6fd-46fd-9090-6b92356ecd6b",
            "ticker": "HIGHMIA-24MAY30-B89.5",
            "count": 90,
            "created_time": "2024-05-30T13:35:45.166215Z",
            "yes_price": 16,
            "no_price": 84,
            "taker_side": "no"
        },
        {
            "trade_id": "a335b4d3-6242-4ff8-ac3a-0648ce48aad1",
            "ticker": "HIGHMIA-24MAY30-B89.5",
            "count": 1,
            "created_time": "2024-05-30T13:12:26.342244Z",
            "yes_price": 12,
            "no_price": 88,
            "taker_side": "yes"
        },
        {
            "trade_id": "e60d6181-c386-4959-a55c-80636cd4de98",
            "ticker": "HIGHMIA-24MAY30-B89.5",
            "count": 1,
            "created_time": "2024-05-30T03:02:29.877796Z",
            "yes_price": 38,
            "no_price": 62,
            "taker_side": "no"
        },
        {
            "trade_id": "4baad9a0-8ee3-4551-9ae3-f9ea52b7263a",
            "ticker": "HIGHMIA-24MAY30-B89.5",
            "count": 4,
            "created_time": "2024-05-30T02:45:09.107685Z",
            "yes_price": 44,
            "no_price": 56,
            "taker_side": "no"
        },
        {
            "trade_id": "7b1573e0-eb82-4527-953d-957efd04be4b",
            "ticker": "HIGHMIA-24MAY30-B89.5",
            "count": 1,
            "created_time": "2024-05-30T01:39:30.876601Z",
            "yes_price": 25,
            "no_price": 75,
            "taker_side": "no"
        },
        {
            "trade_id": "5943ff23-06d7-4e32-9d30-9580310ff0bd",
            "ticker": "HIGHMIA-24MAY30-B89.5",
            "count": 1,
            "created_time": "2024-05-30T01:19:12.055714Z",
            "yes_price": 28,
            "no_price": 72,
            "taker_side": "no"
        },
        {
            "trade_id": "36590fb4-1e77-4061-a5a6-c94b39192411",
            "ticker": "HIGHMIA-24MAY30-B89.5",
            "count": 19,
            "created_time": "2024-05-30T00:44:26.067149Z",
            "yes_price": 23,
            "no_price": 77,
            "taker_side": "no"
        },
        {
            "trade_id": "7451c2c0-2724-44cc-9ef5-c7e9e88c9122",
            "ticker": "HIGHMIA-24MAY30-B89.5",
            "count": 17,
            "created_time": "2024-05-30T00:12:26.579382Z",
            "yes_price": 19,
            "no_price": 81,
            "taker_side": "yes"
        },
        {
            "trade_id": "63d8c9bd-ccc1-4328-88e9-f63e4b9988ee",
            "ticker": "HIGHMIA-24MAY30-B89.5",
            "count": 17,
            "created_time": "2024-05-29T23:42:16.416601Z",
            "yes_price": 17,
            "no_price": 83,
            "taker_side": "no"
        },
        {
            "trade_id": "fd5437d3-1f27-4647-b144-cd5081e56e65",
            "ticker": "HIGHMIA-24MAY30-B89.5",
            "count": 23,
            "created_time": "2024-05-29T23:42:16.231135Z",
            "yes_price": 19,
            "no_price": 81,
            "taker_side": "no"
        },
        {
            "trade_id": "d4da519a-a25e-4c50-8953-bab2338348b9",
            "ticker": "HIGHMIA-24MAY30-B89.5",
            "count": 17,
            "created_time": "2024-05-29T23:42:16.164587Z",
            "yes_price": 19,
            "no_price": 81,
            "taker_side": "no"
        },
        {
            "trade_id": "da5e3b6e-80fc-4e20-9dd4-a5b04cd10ce9",
            "ticker": "HIGHMIA-24MAY30-B89.5",
            "count": 16,
            "created_time": "2024-05-29T21:36:00.757716Z",
            "yes_price": 19,
            "no_price": 81,
            "taker_side": "no"
        },
        {
            "trade_id": "d401c292-6e07-4a88-9530-ed43b34d96cc",
            "ticker": "HIGHMIA-24MAY30-B89.5",
            "count": 4,
            "created_time": "2024-05-29T21:35:31.4082Z",
            "yes_price": 23,
            "no_price": 77,
            "taker_side": "no"
        },
        {
            "trade_id": "589f3c9b-b690-4525-a280-1adfe5acc284",
            "ticker": "HIGHMIA-24MAY30-B89.5",
            "count": 15,
            "created_time": "2024-05-29T21:13:10.696048Z",
            "yes_price": 27,
            "no_price": 73,
            "taker_side": "yes"
        },
        {
            "trade_id": "35cf0983-d4da-45c6-927e-181b9a5362c1",
            "ticker": "HIGHMIA-24MAY30-B89.5",
            "count": 1,
            "created_time": "2024-05-29T18:35:21.394012Z",
            "yes_price": 6,
            "no_price": 94,
            "taker_side": "no"
        },
        {
            "trade_id": "fdc192de-b76a-42bf-a78a-ef73aa748905",
            "ticker": "HIGHMIA-24MAY30-B89.5",
            "count": 1,
            "created_time": "2024-05-29T17:30:30.808269Z",
            "yes_price": 6,
            "no_price": 94,
            "taker_side": "no"
        },
        {
            "trade_id": "66a5b186-7e5c-4ed2-bb2a-4a8e9e4597a3",
            "ticker": "HIGHMIA-24MAY30-B89.5",
            "count": 5,
            "created_time": "2024-05-29T16:10:45.385007Z",
            "yes_price": 26,
            "no_price": 74,
            "taker_side": "yes"
        },
        {
            "trade_id": "0361836e-8a59-462b-b0e0-a28c10e0ac30",
            "ticker": "HIGHMIA-24MAY30-B89.5",
            "count": 20,
            "created_time": "2024-05-29T14:24:18.312267Z",
            "yes_price": 6,
            "no_price": 94,
            "taker_side": "no"
        },
        {
            "trade_id": "f954f87d-8e00-43be-8a07-53a556315d7e",
            "ticker": "HIGHMIA-24MAY30-B89.5",
            "count": 109,
            "created_time": "2024-05-29T14:23:08.904356Z",
            "yes_price": 5,
            "no_price": 95,
            "taker_side": "yes"
        }
    ],
    "HIGHMIA-24MAY30-B91.5": [
        {
            "trade_id": "ffd70a3e-7e3c-4c92-be8c-831386beef4f",
            "ticker": "HIGHMIA-24MAY30-B91.5",
            "count": 3,
            "created_time": "2024-05-31T00:57:16.580967Z",
            "yes_price": 3,
            "no_price": 97,
            "taker_side": "yes"
        },
        {
            "trade_id": "80414b61-231f-4e20-a940-6a33e6baded1",
            "ticker": "HIGHMIA-24MAY30-B91.5",
            "count": 30,
            "created_time": "2024-05-30T19:42:08.388237Z",
            "yes_price": 65,
            "no_price": 35,
            "taker_side": "yes"
        },
        {
            "trade_id": "0a32388e-0b4d-41dd-b041-eefca14392f2",
            "ticker": "HIGHMIA-24MAY30-B91.5",
            "count": 13,
            "created_time": "2024-05-30T14:57:47.581523Z",
            "yes_price": 66,
            "no_price": 34,
            "taker_side": "yes"
        },
        {
            "trade_id": "c31585f3-c010-4fe6-9c25-158a6f9c376c",
            "ticker": "HIGHMIA-24MAY30-B91.5",
            "count": 3,
            "created_time": "2024-05-30T14:31:06.700843Z",
            "yes_price": 62,
            "no_price": 38,
            "taker_side": "no"
        },
        {
            "trade_id": "ef102c92-32b8-4dc3-aeba-c09660546898",
            "ticker": "HIGHMIA-24MAY30-B91.5",
            "count": 29,
            "created_time": "2024-05-30T13:19:59.108175Z",
            "yes_price": 61,
            "no_price": 39,
            "taker_side": "no"
        },
        {
            "trade_id": "2051061e-b9cc-4bd7-9e24-4948ac1957b2",
            "ticker": "HIGHMIA-24MAY30-B91.5",
            "count": 42,
            "created_time": "2024-05-30T13:19:59.108175Z",
            "yes_price": 59,
            "no_price": 41,
            "taker_side": "no"
        },
        {
            "trade_id": "34844668-afbd-4440-9209-755dbfe457ea",
            "ticker": "HIGHMIA-24MAY30-B91.5",
            "count": 2,
            "created_time": "2024-05-30T13:14:54.596426Z",
            "yes_price": 65,
            "no_price": 35,
            "taker_side": "yes"
        },
        {
            "trade_id": "a054ff8d-72f1-4fd5-b770-ed22509f2f7d",
            "ticker": "HIGHMIA-24MAY30-B91.5",
            "count": 17,
            "created_time": "2024-05-30T12:52:48.434828Z",
            "yes_price": 57,
            "no_price": 43,
            "taker_side": "yes"
        },
        {
            "trade_id": "6d7cddeb-50b9-4d8c-8b36-cce06e1ffefd",
            "ticker": "HIGHMIA-24MAY30-B91.5",
            "count": 1,
            "created_time": "2024-05-30T01:39:30.892333Z",
            "yes_price": 52,
            "no_price": 48,
            "taker_side": "no"
        },
        {
            "trade_id": "7df91d7a-598c-4ebd-bec7-970845c9c2bc",
            "ticker": "HIGHMIA-24MAY30-B91.5",
            "count": 1,
            "created_time": "2024-05-30T01:20:48.520025Z",
            "yes_price": 52,
            "no_price": 48,
            "taker_side": "yes"
        },
        {
            "trade_id": "7c7fa439-99a8-44d8-85b6-25b11d078a74",
            "ticker": "HIGHMIA-24MAY30-B91.5",
            "count": 19,
            "created_time": "2024-05-30T00:44:26.086514Z",
            "yes_price": 53,
            "no_price": 47,
            "taker_side": "no"
        },
        {
            "trade_id": "60e9d7eb-e68f-4fe6-95d7-65ec3c902162",
            "ticker": "HIGHMIA-24MAY30-B91.5",
            "count": 17,
            "created_time": "2024-05-29T23:42:16.188383Z",
            "yes_price": 57,
            "no_price": 43,
            "taker_side": "no"
        },
        {
            "trade_id": "ba34308b-740f-40a6-8661-ef6b4ccca1f9",
            "ticker": "HIGHMIA-24MAY30-B91.5",
            "count": 1,
            "created_time": "2024-05-29T23:42:16.07582Z",
            "yes_price": 55,
            "no_price": 45,
            "taker_side": "yes"
        },
        {
            "trade_id": "a9431c26-d3cb-473a-b499-da21756c336d",
            "ticker": "HIGHMIA-24MAY30-B91.5",
            "count": 40,
            "created_time": "2024-05-29T23:42:16.07582Z",
            "yes_price": 55,
            "no_price": 45,
            "taker_side": "yes"
        },
        {
            "trade_id": "2ac0cdab-c8e9-4860-89c8-534c5478c875",
            "ticker": "HIGHMIA-24MAY30-B91.5",
            "count": 32,
            "created_time": "2024-05-29T23:42:16.07582Z",
            "yes_price": 57,
            "no_price": 43,
            "taker_side": "yes"
        },
        {
            "trade_id": "075c41dc-bae4-4dbe-b939-aa99160587fb",
            "ticker": "HIGHMIA-24MAY30-B91.5",
            "count": 16,
            "created_time": "2024-05-29T21:36:00.739574Z",
            "yes_price": 51,
            "no_price": 49,
            "taker_side": "no"
        },
        {
            "trade_id": "6bf0bddf-141a-47f8-8730-4dd35d97b4f9",
            "ticker": "HIGHMIA-24MAY30-B91.5",
            "count": 4,
            "created_time": "2024-05-29T21:35:31.379087Z",
            "yes_price": 51,
            "no_price": 49,
            "taker_side": "no"
        },
        {
            "trade_id": "83a22478-f34d-447c-8ff4-7c707ba1be1b",
            "ticker": "HIGHMIA-24MAY30-B91.5",
            "count": 15,
            "created_time": "2024-05-29T21:12:30.973924Z",
            "yes_price": 46,
            "no_price": 54,
            "taker_side": "yes"
        },
        {
            "trade_id": "5cb329f9-a513-408a-9500-4977deba10c3",
            "ticker": "HIGHMIA-24MAY30-B91.5",
            "count": 1,
            "created_time": "2024-05-29T21:12:30.947078Z",
            "yes_price": 45,
            "no_price": 55,
            "taker_side": "yes"
        },
        {
            "trade_id": "507ecdfa-992d-4f29-b900-a2bf6a80c735",
            "ticker": "HIGHMIA-24MAY30-B91.5",
            "count": 76,
            "created_time": "2024-05-29T21:12:30.947078Z",
            "yes_price": 46,
            "no_price": 54,
            "taker_side": "yes"
        }
    ],
    "HIGHMIA-24MAY30-B93.5": [
        {
            "trade_id": "3a525ac5-3307-4f34-92a1-cab902d8012d",
            "ticker": "HIGHMIA-24MAY30-B93.5",
            "count": 10,
            "created_time": "2024-05-30T17:09:44.231924Z",
            "yes_price": 3,
            "no_price": 97,
            "taker_side": "no"
        },
        {
            "trade_id": "abf1d6be-7d4e-4475-a173-541d013a7172",
            "ticker": "HIGHMIA-24MAY30-B93.5",
            "count": 117,
            "created_time": "2024-05-30T12:50:44.224549Z",
            "yes_price": 30,
            "no_price": 70,
            "taker_side": "no"
        },
        {
            "trade_id": "9ceb879a-080b-4e0b-be77-38ef2ef39219",
            "ticker": "HIGHMIA-24MAY30-B93.5",
            "count": 11,
            "created_time": "2024-05-30T12:50:44.224549Z",
            "yes_price": 28,
            "no_price": 72,
            "taker_side": "no"
        },
        {
            "trade_id": "76743ffa-63ae-4a5b-9135-7d19e687ff64",
            "ticker": "HIGHMIA-24MAY30-B93.5",
            "count": 11,
            "created_time": "2024-05-30T12:50:44.224549Z",
            "yes_price": 32,
            "no_price": 68,
            "taker_side": "no"
        },
        {
            "trade_id": "8976c1d2-76ee-49d8-a07f-99d8e4e20884",
            "ticker": "HIGHMIA-24MAY30-B93.5",
            "count": 40,
            "created_time": "2024-05-30T03:28:15.661225Z",
            "yes_price": 13,
            "no_price": 87,
            "taker_side": "yes"
        },
        {
            "trade_id": "78beab1f-c5eb-4ec6-9cd5-9bde53a8a208",
            "ticker": "HIGHMIA-24MAY30-B93.5",
            "count": 1,
            "created_time": "2024-05-30T01:39:30.80978Z",
            "yes_price": 18,
            "no_price": 82,
            "taker_side": "yes"
        },
        {
            "trade_id": "33b5ffba-ee82-4938-9152-e70f452218e0",
            "ticker": "HIGHMIA-24MAY30-B93.5",
            "count": 5,
            "created_time": "2024-05-30T01:17:55.701064Z",
            "yes_price": 17,
            "no_price": 83,
            "taker_side": "yes"
        },
        {
            "trade_id": "402a2e78-4dfe-4159-9bf1-3d73b38d4bcb",
            "ticker": "HIGHMIA-24MAY30-B93.5",
            "count": 19,
            "created_time": "2024-05-30T00:44:26.082519Z",
            "yes_price": 21,
            "no_price": 79,
            "taker_side": "no"
        },
        {
            "trade_id": "68604397-d565-4a5c-8023-378e85a05b09",
            "ticker": "HIGHMIA-24MAY30-B93.5",
            "count": 57,
            "created_time": "2024-05-30T00:44:25.95467Z",
            "yes_price": 21,
            "no_price": 79,
            "taker_side": "no"
        },
        {
            "trade_id": "5a27082d-855b-4db4-8829-1d0d19436e3f",
            "ticker": "HIGHMIA-24MAY30-B93.5",
            "count": 15,
            "created_time": "2024-05-30T00:16:31.305602Z",
            "yes_price": 21,
            "no_price": 79,
            "taker_side": "no"
        },
        {
            "trade_id": "32742b54-fd7a-4b8e-9025-c06eeb730a90",
            "ticker": "HIGHMIA-24MAY30-B93.5",
            "count": 1,
            "created_time": "2024-05-30T00:13:04.719207Z",
            "yes_price": 21,
            "no_price": 79,
            "taker_side": "no"
        },
        {
            "trade_id": "e2513ee4-5193-439a-a6d0-1e1bf825ab30",
            "ticker": "HIGHMIA-24MAY30-B93.5",
            "count": 8,
            "created_time": "2024-05-29T23:43:20.012398Z",
            "yes_price": 21,
            "no_price": 79,
            "taker_side": "yes"
        },
        {
            "trade_id": "b4cb4d2c-f0d2-4cfd-8c4d-23ceb960903e",
            "ticker": "HIGHMIA-24MAY30-B93.5",
            "count": 17,
            "created_time": "2024-05-29T23:42:16.394475Z",
            "yes_price": 19,
            "no_price": 81,
            "taker_side": "no"
        },
        {
            "trade_id": "0a76828f-6ead-446e-97f3-dbafec423a4c",
            "ticker": "HIGHMIA-24MAY30-B93.5",
            "count": 9,
            "created_time": "2024-05-29T23:42:16.208926Z",
            "yes_price": 21,
            "no_price": 79,
            "taker_side": "no"
        },
        {
            "trade_id": "7209c443-967c-4302-ae70-9a7037fb5e93",
            "ticker": "HIGHMIA-24MAY30-B93.5",
            "count": 40,
            "created_time": "2024-05-29T23:42:16.193005Z",
            "yes_price": 21,
            "no_price": 79,
            "taker_side": "no"
        },
        {
            "trade_id": "b8a412d7-ffbb-43c6-8bfe-9df5215d6336",
            "ticker": "HIGHMIA-24MAY30-B93.5",
            "count": 49,
            "created_time": "2024-05-29T21:36:00.672812Z",
            "yes_price": 26,
            "no_price": 74,
            "taker_side": "yes"
        },
        {
            "trade_id": "a7ef27f9-16f3-43e6-873b-b0aa70a5c9b2",
            "ticker": "HIGHMIA-24MAY30-B93.5",
            "count": 16,
            "created_time": "2024-05-29T21:36:00.672812Z",
            "yes_price": 26,
            "no_price": 74,
            "taker_side": "yes"
        },
        {
            "trade_id": "de20bae3-bafd-4c72-aa69-1b445ae05bcd",
            "ticker": "HIGHMIA-24MAY30-B93.5",
            "count": 83,
            "created_time": "2024-05-29T21:35:31.294049Z",
            "yes_price": 24,
            "no_price": 76,
            "taker_side": "yes"
        },
        {
            "trade_id": "0f64ded6-4e79-4e4c-8c46-8557583a0430",
            "ticker": "HIGHMIA-24MAY30-B93.5",
            "count": 49,
            "created_time": "2024-05-29T21:35:31.294049Z",
            "yes_price": 22,
            "no_price": 78,
            "taker_side": "yes"
        },
        {
            "trade_id": "0d64fd95-885b-42fc-ae0f-dc42527f825f",
            "ticker": "HIGHMIA-24MAY30-B93.5",
            "count": 83,
            "created_time": "2024-05-29T21:35:31.294049Z",
            "yes_price": 25,
            "no_price": 75,
            "taker_side": "yes"
        },
        {
            "trade_id": "0894c418-f916-44ff-866a-0096da65aad9",
            "ticker": "HIGHMIA-24MAY30-B93.5",
            "count": 4,
            "created_time": "2024-05-29T21:35:31.294049Z",
            "yes_price": 22,
            "no_price": 78,
            "taker_side": "yes"
        },
        {
            "trade_id": "b7279e96-afc3-4342-9859-96ce21bb5da9",
            "ticker": "HIGHMIA-24MAY30-B93.5",
            "count": 5,
            "created_time": "2024-05-29T16:44:25.095788Z",
            "yes_price": 20,
            "no_price": 80,
            "taker_side": "yes"
        }
    ],
    "HIGHMIA-24MAY30-T94": [
        {
            "trade_id": "01ad0dc7-683f-42fa-a396-c980e89db258",
            "ticker": "HIGHMIA-24MAY30-T94",
            "count": 20,
            "created_time": "2024-05-30T17:09:59.030361Z",
            "yes_price": 1,
            "no_price": 99,
            "taker_side": "no"
        },
        {
            "trade_id": "b19cb4ea-510f-4222-b9d5-6fdb14d63d80",
            "ticker": "HIGHMIA-24MAY30-T94",
            "count": 1,
            "created_time": "2024-05-30T01:39:30.912197Z",
            "yes_price": 1,
            "no_price": 99,
            "taker_side": "no"
        },
        {
            "trade_id": "c0f710e6-509c-491e-9a9f-c45c6210bda7",
            "ticker": "HIGHMIA-24MAY30-T94",
            "count": 19,
            "created_time": "2024-05-30T00:44:26.102954Z",
            "yes_price": 1,
            "no_price": 99,
            "taker_side": "no"
        },
        {
            "trade_id": "01d924d6-0d60-4910-a314-33c39fecd783",
            "ticker": "HIGHMIA-24MAY30-T94",
            "count": 17,
            "created_time": "2024-05-29T23:42:16.39089Z",
            "yes_price": 1,
            "no_price": 99,
            "taker_side": "no"
        },
        {
            "trade_id": "d444c491-127f-4ea7-b00e-cf992081937b",
            "ticker": "HIGHMIA-24MAY30-T94",
            "count": 40,
            "created_time": "2024-05-29T23:42:16.191317Z",
            "yes_price": 1,
            "no_price": 99,
            "taker_side": "no"
        },
        {
            "trade_id": "b27ad387-9281-489a-b8bc-00b4a7345bc1",
            "ticker": "HIGHMIA-24MAY30-T94",
            "count": 17,
            "created_time": "2024-05-29T23:42:16.160224Z",
            "yes_price": 1,
            "no_price": 99,
            "taker_side": "no"
        },
        {
            "trade_id": "f9745949-4d6d-4ffc-9f38-221fb797e331",
            "ticker": "HIGHMIA-24MAY30-T94",
            "count": 15,
            "created_time": "2024-05-29T21:36:00.782586Z",
            "yes_price": 1,
            "no_price": 99,
            "taker_side": "no"
        },
        {
            "trade_id": "dc27e2db-c9b3-4221-b04b-3f2fbf953214",
            "ticker": "HIGHMIA-24MAY30-T94",
            "count": 1,
            "created_time": "2024-05-29T21:36:00.782586Z",
            "yes_price": 1,
            "no_price": 99,
            "taker_side": "no"
        },
        {
            "trade_id": "065d21ed-ab6c-4e0a-8e1a-2a826fcea9e1",
            "ticker": "HIGHMIA-24MAY30-T94",
            "count": 4,
            "created_time": "2024-05-29T21:35:31.376968Z",
            "yes_price": 1,
            "no_price": 99,
            "taker_side": "no"
        },
        {
            "trade_id": "68c20785-cb2c-43ca-81ca-e3517f386ec2",
            "ticker": "HIGHMIA-24MAY30-T94",
            "count": 5,
            "created_time": "2024-05-29T16:44:25.275019Z",
            "yes_price": 13,
            "no_price": 87,
            "taker_side": "yes"
        },
        {
            "trade_id": "3a652124-aa2b-4131-8850-4c3da8073868",
            "ticker": "HIGHMIA-24MAY30-T94",
            "count": 5,
            "created_time": "2024-05-29T16:44:25.275019Z",
            "yes_price": 15,
            "no_price": 85,
            "taker_side": "yes"
        }
    ]
}