{
    "HIGHMIA-24AUG29-T85": [
        {
            "trade_id": "fa68dad7-aff6-4d1c-8048-8159c9d11ea5",
            "ticker": "HIGHMIA-24AUG29-T85",
            "count": 50,
            "created_time": "2024-08-28T16:05:39.161234Z",
            "yes_price": 1,
            "no_price": 99,
            "taker_side": "no"
        }
    ],
    "HIGHMIA-24AUG29-B85.5": [
        {
            "trade_id": "3cc53b89-c3af-45c7-b909-1ad4b37a8927",
            "ticker": "HIGHMIA-24AUG29-B85.5",
            "count": 54,
            "created_time": "2024-08-29T03:39:04.535684Z",
            "yes_price": 1,
            "no_price": 99,
            "taker_side": "no"
        },
        {
            "trade_id": "c2ecb173-4512-4a33-96c8-d516713ad120",
            "ticker": "HIGHMIA-24AUG29-B85.5",
            "count": 54,
            "created_time": "2024-08-29T03:30:39.6528Z",
            "yes_price": 1,
            "no_price": 99,
            "taker_side": "no"
        },
        {
            "trade_id": "4d6fbfb0-25c6-4cf5-8ccd-fef3c926b5cc",
            "ticker": "HIGHMIA-24AUG29-B85.5",
            "count": 18,
            "created_time": "2024-08-29T03:30:39.6528Z",
            "yes_price": 1,
            "no_price": 99,
            "taker_side": "no"
        },
        {
            "trade_id": "83276697-d964-4240-9207-8e278ec85562",
            "ticker": "HIGHMIA-24AUG29-B85.5",
            "count": 32,
            "created_time": "2024-08-29T00:15:28.965746Z",
            "yes_price": 1,
            "no_price": 99,
            "taker_side": "no"
        },
        {
            "trade_id": "c5b5ce8b-fbc7-40f2-ba34-4bab52388ba2",
            "ticker": "HIGHMIA-24AUG29-B85.5",
            "count": 75,
            "created_time": "2024-08-28T19:51:58.051449Z",
            "yes_price": 6,
            "no_price": 94,
            "taker_side": "yes"
        }
    ],
    "HIGHMIA-24AUG29-B87.5": [
        {
            "trade_id": "1ecc9bac-0bbc-4d46-99da-750f9f2697e2",
            "ticker": "HIGHMIA-24AUG29-B87.5",
            "count": 467,
            "created_time": "2024-08-29T16:08:32.541068Z",
            "yes_price": 1,
            "no_price": 99,
            "taker_side": "yes"
        },
        {
            "trade_id": "a2ad8265-0946-4389-992d-9b8daaaf2241",
            "ticker": "HIGHMIA-24AUG29-B87.5",
            "count": 30,
            "created_time": "2024-08-29T15:05:47.704654Z",
            "yes_price": 1,
            "no_price": 99,
            "taker_side": "no"
        },
        {
            "trade_id": "77dcedb0-6e21-4e6b-8919-d428d5ab0500",
            "ticker": "HIGHMIA-24AUG29-B87.5",
            "count": 18,
            "created_time": "2024-08-29T12:52:48.513517Z",
            "yes_price": 20,
            "no_price": 80,
            "taker_side": "no"
        },
        {
            "trade_id": "751c6a47-a099-4846-b54c-85ad086e3d53",
            "ticker": "HIGHMIA-24AUG29-B87.5",
            "count": 36,
            "created_time": "2024-08-29T12:52:48.495426Z",
            "yes_price": 20,
            "no_price": 80,
            "taker_side": "no"
        },
        {
            "trade_id": "cbdbab45-e5d3-4ff0-b3e2-cb587ba78c41",
            "ticker": "HIGHMIA-24AUG29-B87.5",
            "count": 62,
            "created_time": "2024-08-29T12:52:37.430102Z",
            "yes_price": 21,
            "no_price": 79,
            "taker_side": "no"
        },
        {
            "trade_id": "7eb78ad9-5b64-4b5a-bf2d-aeca6e6b2e0b",
            "ticker": "HIGHMIA-24AUG29-B87.5",
            "count": 100,
            "created_time": "2024-08-29T12:52:37.304951Z",
            "yes_price": 21,
            "no_price": 79,
            "taker_side": "no"
        },
        {
            "trade_id": "f9960e13-579a-4163-8597-8a3dd23ada58",
            "ticker": "HIGHMIA-24AUG29-B87.5",
            "count": 180,
            "created_time": "2024-08-29T12:52:37.232261Z",
            "yes_price": 22,
            "no_price": 78,
            "taker_side": "no"
        },
        {
            "trade_id": "c93f43ec-aefe-4461-a92f-9c75026d53ad",
            "ticker": "HIGHMIA-24AUG29-B87.5",
            "count": 18,
            "created_time": "2024-08-29T12:52:37.177282Z",
            "yes_price": 24,
            "no_price": 76,
            "taker_side": "no"
        },
        {
            "trade_id": "c1828ac4-b36a-4d15-a373-12741e02fa18",
            "ticker": "HIGHMIA-24AUG29-B87.5",
            "count": 44,
            "created_time": "2024-08-29T12:40:48.346647Z",
            "yes_price": 23,
            "no_price": 77,
            "taker_side": "no"
        },
        {
            "trade_id": "da763113-28fd-45d7-8960-56b3b1e6b370",
            "ticker": "HIGHMIA-24AUG29-B87.5",
            "count": 19,
            "created_time": "2024-08-29T12:40:48.247829Z",
            "yes_price": 23,
            "no_price": 77,
            "taker_side": "no"
        },
        {
            "trade_id": "8d5a77a8-44cc-44e6-af02-771e9b1a4b3e",
            "ticker": "HIGHMIA-24AUG29-B87.5",
            "count": 81,
            "created_time": "2024-08-29T12:40:48.243109Z",
            "yes_price": 23,
            "no_price": 77,
            "taker_side": "no"
        },
        {
            "trade_id": "c46073a5-9dc4-4e50-be60-18c772450bf5",
            "ticker": "HIGHMIA-24AUG29-B87.5",
            "count": 144,
            "created_time": "2024-08-29T12:40:48.210359Z",
            "yes_price": 24,
            "no_price": 76,
            "taker_side": "no"
        },
        {
            "trade_id": "69cad5f0-521d-4fed-add2-71a20375aefd",
            "ticker": "HIGHMIA-24AUG29-B87.5",
            "count": 36,
            "created_time": "2024-08-29T12:40:48.210359Z",
            "yes_price": 23,
            "no_price": 77,
            "taker_side": "no"
        },
        {
            "trade_id": "4c19e7cf-e286-4afe-a917-756240e3c7a2",
            "ticker": "HIGHMIA-24AUG29-B87.5",
            "count": 54,
            "created_time": "2024-08-29T12:40:48.14325Z",
            "yes_price": 26,
            "no_price": 74,
            "taker_side": "no"
        },
        {
            "trade_id": "f1385b6f-932c-4e42-b346-d6fdd3e7037c",
            "ticker": "HIGHMIA-24AUG29-B87.5",
            "count": 36,
            "created_time": "2024-08-29T12:40:48.025035Z",
            "yes_price": 24,
            "no_price": 76,
            "taker_side": "yes"
        },
        {
            "trade_id": "870956df-2c69-4316-8092-eb402f6b5265",
            "ticker": "HIGHMIA-24AUG29-B87.5",
            "count": 74,
            "created_time": "2024-08-29T12:40:39.993633Z",
            "yes_price": 24,
            "no_price": 76,
            "taker_side": "no"
        },
        {
            "trade_id": "0279fc0a-83b0-43ac-9770-439ff2b77936",
            "ticker": "HIGHMIA-24AUG29-B87.5",
            "count": 70,
            "created_time": "2024-08-29T12:40:39.993633Z",
            "yes_price": 26,
            "no_price": 74,
            "taker_side": "no"
        },
        {
            "trade_id": "2939d1f1-31e2-4d00-acff-acc826690a9b",
            "ticker": "HIGHMIA-24AUG29-B87.5",
            "count": 110,
            "created_time": "2024-08-29T12:40:39.979755Z",
            "yes_price": 26,
            "no_price": 74,
            "taker_side": "no"
        },
        {
            "trade_id": "5367949f-6475-4183-9014-481f82b7ed2a",
            "ticker": "HIGHMIA-24AUG29-B87.5",
            "count": 75,
            "created_time": "2024-08-29T12:40:39.861005Z",
            "yes_price": 20,
            "no_price": 80,
            "taker_side": "yes"
        },
        {
            "trade_id": "3eb3798b-72b0-46e1-b754-4aa6b6d00a91",
            "ticker": "HIGHMIA-24AUG29-B87.5",
            "count": 31,
            "created_time": "2024-08-29T12:40:39.861005Z",
            "yes_price": 16,
            "no_price": 84,
            "taker_side": "yes"
        },
        {
            "trade_id": "08eb481c-5549-4e37-af56-3a27a66e0fc9",
            "ticker": "HIGHMIA-24AUG29-B87.5",
            "count": 54,
            "created_time": "2024-08-29T12:40:39.839439Z",
            "yes_price": 16,
            "no_price": 84,
            "taker_side": "yes"
        },
        {
            "trade_id": "4abfcece-1606-4d8a-a694-bbe0e5f01c47",
            "ticker": "HIGHMIA-24AUG29-B87.5",
            "count": 20,
            "created_time": "2024-08-29T12:30:19.047895Z",
            "yes_price": 1,
            "no_price": 99,
            "taker_side": "no"
        },
        {
            "trade_id": "61db4d66-3037-4b46-acd1-ad8cfd41f9bf",
            "ticker": "HIGHMIA-24AUG29-B87.5",
            "count": 54,
            "created_time": "2024-08-29T03:39:04.53392Z",
            "yes_price": 3,
            "no_price": 97,
            "taker_side": "no"
        },
        {
            "trade_id": "aae81a48-f62a-4c27-aace-5fd1b75397dc",
            "ticker": "HIGHMIA-24AUG29-B87.5",
            "count": 72,
            "created_time": "2024-08-29T03:30:39.675097Z",
            "yes_price": 3,
            "no_price": 97,
            "taker_side": "no"
        },
        {
            "trade_id": "952e11e0-6d28-4e46-80de-57ec03927b50",
            "ticker": "HIGHMIA-24AUG29-B87.5",
            "count": 90,
            "created_time": "2024-08-29T00:40:14.472642Z",
            "yes_price": 14,
            "no_price": 86,
            "taker_side": "yes"
        },
        {
            "trade_id": "3cc95ed2-1a59-43cf-98c5-ace597642637",
            "ticker": "HIGHMIA-24AUG29-B87.5",
            "count": 41,
            "created_time": "2024-08-29T00:40:14.472642Z",
            "yes_price": 15,
            "no_price": 85,
            "taker_side": "yes"
        },
        {
            "trade_id": "546d73e8-0b5a-47ed-b751-c20419a17d82",
            "ticker": "HIGHMIA-24AUG29-B87.5",
            "count": 32,
            "created_time": "2024-08-29T00:15:28.987421Z",
            "yes_price": 8,
            "no_price": 92,
            "taker_side": "no"
        }
    ],
    "HIGHMIA-24AUG29-B89.5": [
        {
            "trade_id": "d6595fca-8618-4ce0-89dc-811168a5970a",
            "ticker": "HIGHMIA-24AUG29-B89.5",
            "count": 1051,
            "created_time": "2024-08-29T21:11:35.052904Z",
            "yes_price": 99,
            "no_price": 1,
            "taker_side": "yes"
        },
        {
            "trade_id": "0340f299-77e5-4e39-b00f-7bbb8f058616",
            "ticker": "HIGHMIA-24AUG29-B89.5",
            "count": 10,
            "created_time": "2024-08-29T21:11:35.052904Z",
            "yes_price": 99,
            "no_price": 1,
            "taker_side": "yes"
        },
        {
            "trade_id": "7607a233-5836-431a-b224-581af5f938f7",
            "ticker": "HIGHMIA-24AUG29-B89.5",
            "count": 200,
            "created_time": "2024-08-29T21:10:28.593528Z",
            "yes_price": 99,
            "no_price": 1,
            "taker_side": "yes"
        },
        {
            "trade_id": "dafd0285-58c4-4b48-821b-51a15181c104",
            "ticker": "HIGHMIA-24AUG29-B89.5",
            "count": 350,
            "created_time": "2024-08-29T21:10:18.330269Z",
            "yes_price": 99,
            "no_price": 1,
            "taker_side": "yes"
        },
        {
            "trade_id": "d73a4a37-04b5-4ee5-ab4a-86893193db3c",
            "ticker": "HIGHMIA-24AUG29-B89.5",
            "count": 50,
            "created_time": "2024-08-29T21:10:18.330269Z",
            "yes_price": 99,
            "no_price": 1,
            "taker_side": "yes"
        },
        {
            "trade_id": "f04809ba-89ab-4745-8608-93acd7cbf29d",
            "ticker": "HIGHMIA-24AUG29-B89.5",
            "count": 4,
            "created_time": "2024-08-29T20:56:52.426762Z",
            "yes_price": 83,
            "no_price": 17,
            "taker_side": "no"
        },
        {
            "trade_id": "e62e9ec3-a429-4c2d-8705-d15cd891f6a5",
            "ticker": "HIGHMIA-24AUG29-B89.5",
            "count": 16,
            "created_time": "2024-08-29T20:56:13.254004Z",
            "yes_price": 83,
            "no_price": 17,
            "taker_side": "no"
        },
        {
            "trade_id": "fe82c448-50ff-4e6c-acca-dc5c51d16201",
            "ticker": "HIGHMIA-24AUG29-B89.5",
            "count": 75,
            "created_time": "2024-08-29T20:04:00.103698Z",
            "yes_price": 96,
            "no_price": 4,
            "taker_side": "yes"
        },
        {
            "trade_id": "e520262d-3b9e-49ef-8b24-0e4eaf4dae3c",
            "ticker": "HIGHMIA-24AUG29-B89.5",
            "count": 20,
            "created_time": "2024-08-29T20:04:00.103698Z",
            "yes_price": 98,
            "no_price": 2,
            "taker_side": "yes"
        },
        {
            "trade_id": "cb14c185-899b-4db3-9e9c-d47af993ea45",
            "ticker": "HIGHMIA-24AUG29-B89.5",
            "count": 25,
            "created_time": "2024-08-29T20:04:00.103698Z",
            "yes_price": 97,
            "no_price": 3,
            "taker_side": "yes"
        },
        {
            "trade_id": "8456ac79-3b06-4098-b693-95b9053346b6",
            "ticker": "HIGHMIA-24AUG29-B89.5",
            "count": 2,
            "created_time": "2024-08-29T19:12:05.528762Z",
            "yes_price": 65,
            "no_price": 35,
            "taker_side": "no"
        },
        {
            "trade_id": "5a6cbd75-ca50-4a70-8f2c-79c42b22bd2f",
            "ticker": "HIGHMIA-24AUG29-B89.5",
            "count": 8,
            "created_time": "2024-08-29T19:11:46.642142Z",
            "yes_price": 65,
            "no_price": 35,
            "taker_side": "no"
        },
        {
            "trade_id": "530eaea4-ddb0-4a28-b176-eb76e656748e",
            "ticker": "HIGHMIA-24AUG29-B89.5",
            "count": 1,
            "created_time": "2024-08-29T16:35:52.225282Z",
            "yes_price": 66,
            "no_price": 34,
            "taker_side": "yes"
        },
        {
            "trade_id": "44c0d58a-a166-48de-b1eb-7c5afd760dee",
            "ticker": "HIGHMIA-24AUG29-B89.5",
            "count": 1,
            "created_time": "2024-08-29T16:35:52.225282Z",
            "yes_price": 63,
            "no_price": 37,
            "taker_side": "yes"
        },
        {
            "trade_id": "cfee3401-c257-4c6f-92ca-b111eb767696",
            "ticker": "HIGHMIA-24AUG29-B89.5",
            "count": 4,
            "created_time": "2024-08-29T16:14:33.476757Z",
            "yes_price": 59,
            "no_price": 41,
            "taker_side": "yes"
        },
        {
            "trade_id": "9048b09c-0c23-402d-b1d0-e12a5a358da6",
            "ticker": "HIGHMIA-24AUG29-B89.5",
            "count": 4,
            "created_time": "2024-08-29T16:14:33.476757Z",
            "yes_price": 66,
            "no_price": 34,
            "taker_side": "yes"
        },
        {
            "trade_id": "8cc782a3-08c6-4b00-b0da-dba742782c56",
            "ticker": "HIGHMIA-24AUG29-B89.5",
            "count": 5,
            "created_time": "2024-08-29T16:14:33.476757Z",
            "yes_price": 63,
            "no_price": 37,
            "taker_side": "yes"
        },
        {
            "trade_id": "df421924-c195-4a48-a43d-edc13e9e7295",
            "ticker": "HIGHMIA-24AUG29-B89.5",
            "count": 6,
            "created_time": "2024-08-29T16:10:46.702304Z",
            "yes_price": 59,
            "no_price": 41,
            "taker_side": "yes"
        },
        {
            "trade_id": "1b374bfe-ffbb-4e0b-894e-c666cdedf1ef",
            "ticker": "HIGHMIA-24AUG29-B89.5",
            "count": 8,
            "created_time": "2024-08-29T16:08:45.959654Z",
            "yes_price": 59,
            "no_price": 41,
            "taker_side": "yes"
        },
        {
            "trade_id": "791d2994-8fec-48ad-83d9-cbfab2870a61",
            "ticker": "HIGHMIA-24AUG29-B89.5",
            "count": 54,
            "created_time": "2024-08-29T12:52:48.54233Z",
            "yes_price": 53,
            "no_price": 47,
            "taker_side": "no"
        },
        {
            "trade_id": "adadcd34-1c10-4b83-baf9-47cf0044a3d2",
            "ticker": "HIGHMIA-24AUG29-B89.5",
            "count": 36,
            "created_time": "2024-08-29T12:52:48.504254Z",
            "yes_price": 55,
            "no_price": 45,
            "taker_side": "no"
        },
        {
            "trade_id": "388e095d-2441-40c8-b78b-80665a6a2b8c",
            "ticker": "HIGHMIA-24AUG29-B89.5",
            "count": 62,
            "created_time": "2024-08-29T12:52:37.437547Z",
            "yes_price": 56,
            "no_price": 44,
            "taker_side": "no"
        },
        {
            "trade_id": "1e6ce6f7-a379-499e-b472-4a83a19f84b9",
            "ticker": "HIGHMIA-24AUG29-B89.5",
            "count": 100,
            "created_time": "2024-08-29T12:52:37.345055Z",
            "yes_price": 56,
            "no_price": 44,
            "taker_side": "no"
        },
        {
            "trade_id": "71122b70-2e66-46d1-81de-3a23bb720c20",
            "ticker": "HIGHMIA-24AUG29-B89.5",
            "count": 162,
            "created_time": "2024-08-29T12:52:37.225516Z",
            "yes_price": 57,
            "no_price": 43,
            "taker_side": "no"
        },
        {
            "trade_id": "2d5c7ec5-ea48-45ee-8bd6-2d6411fc39f6",
            "ticker": "HIGHMIA-24AUG29-B89.5",
            "count": 18,
            "created_time": "2024-08-29T12:52:37.225516Z",
            "yes_price": 56,
            "no_price": 44,
            "taker_side": "no"
        },
        {
            "trade_id": "978c6817-2436-4f95-872d-ad331571163d",
            "ticker": "HIGHMIA-24AUG29-B89.5",
            "count": 18,
            "created_time": "2024-08-29T12:52:37.184353Z",
            "yes_price": 57,
            "no_price": 43,
            "taker_side": "no"
        },
        {
            "trade_id": "b41d8751-a36c-45b3-ac50-8fdb59a8d83f",
            "ticker": "HIGHMIA-24AUG29-B89.5",
            "count": 36,
            "created_time": "2024-08-29T12:52:37.129548Z",
            "yes_price": 59,
            "no_price": 41,
            "taker_side": "yes"
        },
        {
            "trade_id": "d636319b-62f4-49ba-b598-aa46bdc54fc6",
            "ticker": "HIGHMIA-24AUG29-B89.5",
            "count": 44,
            "created_time": "2024-08-29T12:40:48.352605Z",
            "yes_price": 55,
            "no_price": 45,
            "taker_side": "no"
        },
        {
            "trade_id": "768dda08-ebd7-49d2-87b5-c28c984bdf52",
            "ticker": "HIGHMIA-24AUG29-B89.5",
            "count": 19,
            "created_time": "2024-08-29T12:40:48.268781Z",
            "yes_price": 55,
            "no_price": 45,
            "taker_side": "no"
        },
        {
            "trade_id": "6e2e829b-af20-42c2-a45b-a07884835113",
            "ticker": "HIGHMIA-24AUG29-B89.5",
            "count": 180,
            "created_time": "2024-08-29T12:40:48.15731Z",
            "yes_price": 56,
            "no_price": 44,
            "taker_side": "no"
        },
        {
            "trade_id": "80506c43-a927-4752-894f-1ec9c4fb981d",
            "ticker": "HIGHMIA-24AUG29-B89.5",
            "count": 81,
            "created_time": "2024-08-29T12:40:48.118865Z",
            "yes_price": 59,
            "no_price": 41,
            "taker_side": "no"
        },
        {
            "trade_id": "cd35f08c-845b-47b9-b9c9-0e08327e2cec",
            "ticker": "HIGHMIA-24AUG29-B89.5",
            "count": 9,
            "created_time": "2024-08-29T12:40:48.069048Z",
            "yes_price": 59,
            "no_price": 41,
            "taker_side": "yes"
        },
        {
            "trade_id": "7486baae-d02e-4181-a9f0-df459115f99c",
            "ticker": "HIGHMIA-24AUG29-B89.5",
            "count": 88,
            "created_time": "2024-08-29T12:40:39.988975Z",
            "yes_price": 56,
            "no_price": 44,
            "taker_side": "no"
        },
        {
            "trade_id": "36d27d9f-9fdd-435e-b3cc-de471cd843b8",
            "ticker": "HIGHMIA-24AUG29-B89.5",
            "count": 92,
            "created_time": "2024-08-29T12:40:39.988975Z",
            "yes_price": 54,
            "no_price": 46,
            "taker_side": "no"
        },
        {
            "trade_id": "dae7aaca-b738-44fa-86ca-48d5538f4d22",
            "ticker": "HIGHMIA-24AUG29-B89.5",
            "count": 18,
            "created_time": "2024-08-29T12:40:39.974181Z",
            "yes_price": 57,
            "no_price": 43,
            "taker_side": "no"
        },
        {
            "trade_id": "639588ad-1222-429f-9560-022bf48840ea",
            "ticker": "HIGHMIA-24AUG29-B89.5",
            "count": 92,
            "created_time": "2024-08-29T12:40:39.974181Z",
            "yes_price": 56,
            "no_price": 44,
            "taker_side": "no"
        },
        {
            "trade_id": "e43b4b3d-3a53-4423-b3f2-d9b6b917415e",
            "ticker": "HIGHMIA-24AUG29-B89.5",
            "count": 20,
            "created_time": "2024-08-29T12:30:19.046765Z",
            "yes_price": 53,
            "no_price": 47,
            "taker_side": "no"
        },
        {
            "trade_id": "98dbb650-4983-4c49-bbf1-3320338b8b15",
            "ticker": "HIGHMIA-24AUG29-B89.5",
            "count": 18,
            "created_time": "2024-08-29T03:48:39.659659Z",
            "yes_price": 34,
            "no_price": 66,
            "taker_side": "yes"
        },
        {
            "trade_id": "46b9e824-47b7-4e1e-947f-3042a283f9d8",
            "ticker": "HIGHMIA-24AUG29-B89.5",
            "count": 90,
            "created_time": "2024-08-29T03:48:33.534846Z",
            "yes_price": 35,
            "no_price": 65,
            "taker_side": "yes"
        },
        {
            "trade_id": "561b123d-7350-438b-9656-57f6dfb1fcfa",
            "ticker": "HIGHMIA-24AUG29-B89.5",
            "count": 108,
            "created_time": "2024-08-29T03:48:15.343484Z",
            "yes_price": 34,
            "no_price": 66,
            "taker_side": "yes"
        },
        {
            "trade_id": "74d9efb3-fb19-44af-8a69-db2c5050096c",
            "ticker": "HIGHMIA-24AUG29-B89.5",
            "count": 13,
            "created_time": "2024-08-29T03:47:52.14322Z",
            "yes_price": 33,
            "no_price": 67,
            "taker_side": "yes"
        },
        {
            "trade_id": "febe178b-1788-4984-8798-82510351a77d",
            "ticker": "HIGHMIA-24AUG29-B89.5",
            "count": 54,
            "created_time": "2024-08-29T03:45:15.547805Z",
            "yes_price": 32,
            "no_price": 68,
            "taker_side": "yes"
        },
        {
            "trade_id": "69d57fec-23f2-465f-a8fc-768cb900493a",
            "ticker": "HIGHMIA-24AUG29-B89.5",
            "count": 61,
            "created_time": "2024-08-29T03:45:15.547805Z",
            "yes_price": 34,
            "no_price": 66,
            "taker_side": "yes"
        },
        {
            "trade_id": "703b801e-3189-4c00-b89b-1ecb9d911390",
            "ticker": "HIGHMIA-24AUG29-B89.5",
            "count": 54,
            "created_time": "2024-08-29T03:39:04.435213Z",
            "yes_price": 31,
            "no_price": 69,
            "taker_side": "yes"
        },
        {
            "trade_id": "104367dc-4780-4581-9307-4d0133e4a240",
            "ticker": "HIGHMIA-24AUG29-B89.5",
            "count": 18,
            "created_time": "2024-08-29T03:30:39.5483Z",
            "yes_price": 34,
            "no_price": 66,
            "taker_side": "yes"
        },
        {
            "trade_id": "0cdbf1f7-5298-4a91-bffe-259c394c81c9",
            "ticker": "HIGHMIA-24AUG29-B89.5",
            "count": 72,
            "created_time": "2024-08-29T03:30:39.5483Z",
            "yes_price": 34,
            "no_price": 66,
            "taker_side": "yes"
        },
        {
            "trade_id": "b4d6a64a-16e3-4a7e-8fb9-2f6a09c1f7fd",
            "ticker": "HIGHMIA-24AUG29-B89.5",
            "count": 180,
            "created_time": "2024-08-29T01:52:11.468325Z",
            "yes_price": 38,
            "no_price": 62,
            "taker_side": "yes"
        },
        {
            "trade_id": "8dd450ee-98c5-4513-9ce5-48397ca92585",
            "ticker": "HIGHMIA-24AUG29-B89.5",
            "count": 90,
            "created_time": "2024-08-29T01:52:11.468325Z",
            "yes_price": 36,
            "no_price": 64,
            "taker_side": "yes"
        },
        {
            "trade_id": "4454931c-11ea-4b78-8b50-5d20adc30b96",
            "ticker": "HIGHMIA-24AUG29-B89.5",
            "count": 180,
            "created_time": "2024-08-29T01:52:11.468325Z",
            "yes_price": 40,
            "no_price": 60,
            "taker_side": "yes"
        },
        {
            "trade_id": "0db11147-9100-41ce-890a-583fbeff0a11",
            "ticker": "HIGHMIA-24AUG29-B89.5",
            "count": 26,
            "created_time": "2024-08-29T01:47:23.604389Z",
            "yes_price": 36,
            "no_price": 64,
            "taker_side": "yes"
        },
        {
            "trade_id": "4d01cd51-9a4c-42e7-9b50-ba147c0f9336",
            "ticker": "HIGHMIA-24AUG29-B89.5",
            "count": 27,
            "created_time": "2024-08-29T01:47:00.602024Z",
            "yes_price": 35,
            "no_price": 65,
            "taker_side": "yes"
        },
        {
            "trade_id": "6c4c0d62-d37a-4ad5-9985-fc8340e57a72",
            "ticker": "HIGHMIA-24AUG29-B89.5",
            "count": 27,
            "created_time": "2024-08-29T01:46:43.773594Z",
            "yes_price": 35,
            "no_price": 65,
            "taker_side": "yes"
        },
        {
            "trade_id": "7aefa58e-f15f-45cc-90bf-fdf66abaaba8",
            "ticker": "HIGHMIA-24AUG29-B89.5",
            "count": 10,
            "created_time": "2024-08-29T01:05:50.972221Z",
            "yes_price": 40,
            "no_price": 60,
            "taker_side": "yes"
        },
        {
            "trade_id": "25424d02-7bc0-48a0-bc6c-cc99030136ca",
            "ticker": "HIGHMIA-24AUG29-B89.5",
            "count": 72,
            "created_time": "2024-08-29T00:29:29.262849Z",
            "yes_price": 41,
            "no_price": 59,
            "taker_side": "no"
        },
        {
            "trade_id": "a18ee794-5ac2-4260-9591-b7a55884ef04",
            "ticker": "HIGHMIA-24AUG29-B89.5",
            "count": 54,
            "created_time": "2024-08-29T00:18:40.634886Z",
            "yes_price": 50,
            "no_price": 50,
            "taker_side": "no"
        },
        {
            "trade_id": "85c7435a-275f-4d6f-9eea-908532ecd0cb",
            "ticker": "HIGHMIA-24AUG29-B89.5",
            "count": 18,
            "created_time": "2024-08-29T00:18:23.679904Z",
            "yes_price": 53,
            "no_price": 47,
            "taker_side": "no"
        },
        {
            "trade_id": "05b04ede-7bb2-4d7b-91b0-ba19b2c7e893",
            "ticker": "HIGHMIA-24AUG29-B89.5",
            "count": 180,
            "created_time": "2024-08-29T00:18:23.679904Z",
            "yes_price": 50,
            "no_price": 50,
            "taker_side": "no"
        },
        {
            "trade_id": "0f5a723f-8461-4801-9600-ae866463519d",
            "ticker": "HIGHMIA-24AUG29-B89.5",
            "count": 32,
            "created_time": "2024-08-29T00:15:28.849479Z",
            "yes_price": 60,
            "no_price": 40,
            "taker_side": "yes"
        },
        {
            "trade_id": "7915091b-0958-42b3-83ac-c0741233f78f",
            "ticker": "HIGHMIA-24AUG29-B89.5",
            "count": 3,
            "created_time": "2024-08-29T00:12:39.390225Z",
            "yes_price": 52,
            "no_price": 48,
            "taker_side": "yes"
        },
        {
            "trade_id": "7fa81323-77f3-4563-85a1-de4490d11364",
            "ticker": "HIGHMIA-24AUG29-B89.5",
            "count": 72,
            "created_time": "2024-08-28T23:48:35.505074Z",
            "yes_price": 52,
            "no_price": 48,
            "taker_side": "yes"
        },
        {
            "trade_id": "e13f1fd1-7152-4421-8199-d966dd34551d",
            "ticker": "HIGHMIA-24AUG29-B89.5",
            "count": 50,
            "created_time": "2024-08-28T23:48:35.489123Z",
            "yes_price": 50,
            "no_price": 50,
            "taker_side": "yes"
        },
        {
            "trade_id": "f66fb385-9917-4b36-a9c5-15ef5eef8e1b",
            "ticker": "HIGHMIA-24AUG29-B89.5",
            "count": 80,
            "created_time": "2024-08-28T23:05:32.028756Z",
            "yes_price": 49,
            "no_price": 51,
            "taker_side": "no"
        },
        {
            "trade_id": "d43d426f-6eaf-4eb2-9685-b4c9a6e3d1fa",
            "ticker": "HIGHMIA-24AUG29-B89.5",
            "count": 200,
            "created_time": "2024-08-28T23:05:32.028756Z",
            "yes_price": 46,
            "no_price": 54,
            "taker_side": "no"
        },
        {
            "trade_id": "f4bcc495-e465-4abd-a302-53728754a6d5",
            "ticker": "HIGHMIA-24AUG29-B89.5",
            "count": 200,
            "created_time": "2024-08-28T22:01:55.345139Z",
            "yes_price": 36,
            "no_price": 64,
            "taker_side": "yes"
        },
        {
            "trade_id": "e664517c-9c48-44e5-aeb4-e3e1bd370a9c",
            "ticker": "HIGHMIA-24AUG29-B89.5",
            "count": 200,
            "created_time": "2024-08-28T22:01:55.345139Z",
            "yes_price": 38,
            "no_price": 62,
            "taker_side": "yes"
        },
        {
            "trade_id": "6be002ee-4e98-4e38-a8ff-509f70efd8f7",
            "ticker": "HIGHMIA-24AUG29-B89.5",
            "count": 60,
            "created_time": "2024-08-28T22:01:55.345139Z",
            "yes_price": 34,
            "no_price": 66,
            "taker_side": "yes"
        },
        {
            "trade_id": "37747ddd-8071-4897-9cd6-951985032274",
            "ticker": "HIGHMIA-24AUG29-B89.5",
            "count": 50,
            "created_time": "2024-08-28T21:48:34.339681Z",
            "yes_price": 40,
            "no_price": 60,
            "taker_side": "no"
        },
        {
            "trade_id": "2c1938b0-6d58-4462-8ebc-16fd540e9392",
            "ticker": "HIGHMIA-24AUG29-B89.5",
            "count": 85,
            "created_time": "2024-08-28T21:02:29.243109Z",
            "yes_price": 44,
            "no_price": 56,
            "taker_side": "yes"
        },
        {
            "trade_id": "977c87d9-87f5-482d-ab0e-ee21d69683ed",
            "ticker": "HIGHMIA-24AUG29-B89.5",
            "count": 15,
            "created_time": "2024-08-28T18:48:34.240784Z",
            "yes_price": 42,
            "no_price": 58,
            "taker_side": "yes"
        },
        {
            "trade_id": "f773388f-b5f7-4a4a-9414-4993d00b2d48",
            "ticker": "HIGHMIA-24AUG29-B89.5",
            "count": 60,
            "created_time": "2024-08-28T18:44:44.301122Z",
            "yes_price": 42,
            "no_price": 58,
            "taker_side": "yes"
        },
        {
            "trade_id": "8aca874f-271f-4eec-b384-3b5da00c661f",
            "ticker": "HIGHMIA-24AUG29-B89.5",
            "count": 20,
            "created_time": "2024-08-28T18:44:38.455184Z",
            "yes_price": 38,
            "no_price": 62,
            "taker_side": "yes"
        },
        {
            "trade_id": "d3578b83-7a5d-4081-9caf-266cc7ca4a6c",
            "ticker": "HIGHMIA-24AUG29-B89.5",
            "count": 100,
            "created_time": "2024-08-28T18:44:38.439856Z",
            "yes_price": 38,
            "no_price": 62,
            "taker_side": "yes"
        },
        {
            "trade_id": "15177be9-55d5-4db1-8fc9-476bba375ac3",
            "ticker": "HIGHMIA-24AUG29-B89.5",
            "count": 1,
            "created_time": "2024-08-28T18:35:21.468391Z",
            "yes_price": 33,
            "no_price": 67,
            "taker_side": "no"
        },
        {
            "trade_id": "af76f04f-0ebb-44be-9b9b-2ddd08760386",
            "ticker": "HIGHMIA-24AUG29-B89.5",
            "count": 200,
            "created_time": "2024-08-28T17:57:46.7833Z",
            "yes_price": 37,
            "no_price": 63,
            "taker_side": "yes"
        },
        {
            "trade_id": "87201a7c-0859-4b2f-bc3d-fb787111ef99",
            "ticker": "HIGHMIA-24AUG29-B89.5",
            "count": 80,
            "created_time": "2024-08-28T17:57:46.7833Z",
            "yes_price": 33,
            "no_price": 67,
            "taker_side": "yes"
        },
        {
            "trade_id": "1e9a8edd-106e-4796-a80c-b10bb6209a3d",
            "ticker": "HIGHMIA-24AUG29-B89.5",
            "count": 200,
            "created_time": "2024-08-28T17:57:46.7833Z",
            "yes_price": 35,
            "no_price": 65,
            "taker_side": "yes"
        },
        {
            "trade_id": "6123ce32-05e4-45e2-8737-042bb8060c65",
            "ticker": "HIGHMIA-24AUG29-B89.5",
            "count": 200,
            "created_time": "2024-08-28T17:26:51.302652Z",
            "yes_price": 35,
            "no_price": 65,
            "taker_side": "no"
        },
        {
            "trade_id": "0e793ce7-4e08-4cb6-bd08-31f51b599912",
            "ticker": "HIGHMIA-24AUG29-B89.5",
            "count": 20,
            "created_time": "2024-08-28T17:26:51.302652Z",
            "yes_price": 37,
            "no_price": 63,
            "taker_side": "no"
        },
        {
            "trade_id": "fff4a30f-e24a-4cc7-a9fe-a502398b538e",
            "ticker": "HIGHMIA-24AUG29-B89.5",
            "count": 15,
            "created_time": "2024-08-28T17:08:44.71338Z",
            "yes_price": 37,
            "no_price": 63,
            "taker_side": "yes"
        },
        {
            "trade_id": "bd27d8d0-493d-4db5-aa92-0f65b3fff962",
            "ticker": "HIGHMIA-24AUG29-B89.5",
            "count": 60,
            "created_time": "2024-08-28T17:08:38.856148Z",
            "yes_price": 37,
            "no_price": 63,
            "taker_side": "yes"
        },
        {
            "trade_id": "6e02178c-f2e2-48ce-9ed2-0b64566a8d34",
            "ticker": "HIGHMIA-24AUG29-B89.5",
            "count": 100,
            "created_time": "2024-08-28T16:05:20.579778Z",
            "yes_price": 24,
            "no_price": 76,
            "taker_side": "yes"
        },
        {
            "trade_id": "ffb41cf8-b4e0-4ff8-ad5a-6b0cfe8c07ce",
            "ticker": "HIGHMIA-24AUG29-B89.5",
            "count": 160,
            "created_time": "2024-08-28T16:04:34.904363Z",
            "yes_price": 22,
            "no_price": 78,
            "taker_side": "no"
        },
        {
            "trade_id": "803d7fc6-d345-4cf5-af49-bf20491476e4",
            "ticker": "HIGHMIA-24AUG29-B89.5",
            "count": 120,
            "created_time": "2024-08-28T16:04:30.357121Z",
            "yes_price": 23,
            "no_price": 77,
            "taker_side": "yes"
        },
        {
            "trade_id": "2d1c235d-195f-49db-bf7c-9cde75ff37e2",
            "ticker": "HIGHMIA-24AUG29-B89.5",
            "count": 120,
            "created_time": "2024-08-28T16:01:01.900815Z",
            "yes_price": 22,
            "no_price": 78,
            "taker_side": "no"
        },
        {
            "trade_id": "f2b2a266-8433-4cff-9188-ac93d7519d17",
            "ticker": "HIGHMIA-24AUG29-B89.5",
            "count": 40,
            "created_time": "2024-08-28T15:22:52.370791Z",
            "yes_price": 28,
            "no_price": 72,
            "taker_side": "no"
        },
        {
            "trade_id": "b402ccb8-c845-4f1f-8b37-32bb11dc1fa4",
            "ticker": "HIGHMIA-24AUG29-B89.5",
            "count": 200,
            "created_time": "2024-08-28T15:22:44.696352Z",
            "yes_price": 26,
            "no_price": 74,
            "taker_side": "no"
        },
        {
            "trade_id": "08b51758-a953-4dd5-b52e-71fed20ae142",
            "ticker": "HIGHMIA-24AUG29-B89.5",
            "count": 100,
            "created_time": "2024-08-28T15:22:44.696352Z",
            "yes_price": 28,
            "no_price": 72,
            "taker_side": "no"
        }
    ],
    "HIGHMIA-24AUG29-B91.5": [
        {
            "trade_id": "2754eeee-c775-4a76-a115-528266f00b01",
            "ticker": "HIGHMIA-24AUG29-B91.5",
            "count": 50,
            "created_time": "2024-08-29T21:11:40.666832Z",
            "yes_price": 1,
            "no_price": 99,
            "taker_side": "no"
        },
        {
            "trade_id": "450c019b-80db-4187-89f7-82f52715a1ca",
            "ticker": "HIGHMIA-24AUG29-B91.5",
            "count": 4,
            "created_time": "2024-08-29T20:56:52.314922Z",
            "yes_price": 18,
            "no_price": 82,
            "taker_side": "yes"
        },
        {
            "trade_id": "3be831f8-48ce-4ba6-a82e-9010400f9a43",
            "ticker": "HIGHMIA-24AUG29-B91.5",
            "count": 1,
            "created_time": "2024-08-29T20:56:52.314922Z",
            "yes_price": 18,
            "no_price": 82,
            "taker_side": "yes"
        },
        {
            "trade_id": "9bed0f30-2c15-4ca3-afee-12c2f6280bd5",
            "ticker": "HIGHMIA-24AUG29-B91.5",
            "count": 2,
            "created_time": "2024-08-29T19:12:05.464157Z",
            "yes_price": 44,
            "no_price": 56,
            "taker_side": "yes"
        },
        {
            "trade_id": "b3ed85b0-2dd5-4120-a7e5-14c785d0ace0",
            "ticker": "HIGHMIA-24AUG29-B91.5",
            "count": 5,
            "created_time": "2024-08-29T13:55:40.412968Z",
            "yes_price": 31,
            "no_price": 69,
            "taker_side": "yes"
        },
        {
            "trade_id": "bb0d3b72-6ced-4033-89d0-9afbb75e01ce",
            "ticker": "HIGHMIA-24AUG29-B91.5",
            "count": 13,
            "created_time": "2024-08-29T13:17:45.584617Z",
            "yes_price": 27,
            "no_price": 73,
            "taker_side": "no"
        },
        {
            "trade_id": "7d0283ef-a2c0-47a8-ba45-00844110b59e",
            "ticker": "HIGHMIA-24AUG29-B91.5",
            "count": 3,
            "created_time": "2024-08-29T13:04:15.181453Z",
            "yes_price": 31,
            "no_price": 69,
            "taker_side": "yes"
        },
        {
            "trade_id": "aef298ae-c84a-4907-a284-9112d0e5d893",
            "ticker": "HIGHMIA-24AUG29-B91.5",
            "count": 46,
            "created_time": "2024-08-29T12:52:48.511647Z",
            "yes_price": 31,
            "no_price": 69,
            "taker_side": "no"
        },
        {
            "trade_id": "dabd678a-f9eb-4897-9bf7-c202f16a633a",
            "ticker": "HIGHMIA-24AUG29-B91.5",
            "count": 36,
            "created_time": "2024-08-29T12:52:48.50388Z",
            "yes_price": 31,
            "no_price": 69,
            "taker_side": "no"
        },
        {
            "trade_id": "61914760-7cee-4c18-aa28-c0891906b623",
            "ticker": "HIGHMIA-24AUG29-B91.5",
            "count": 62,
            "created_time": "2024-08-29T12:52:37.428553Z",
            "yes_price": 31,
            "no_price": 69,
            "taker_side": "no"
        },
        {
            "trade_id": "1978d231-9855-4a8c-88d3-d22a41456743",
            "ticker": "HIGHMIA-24AUG29-B91.5",
            "count": 100,
            "created_time": "2024-08-29T12:52:37.313073Z",
            "yes_price": 31,
            "no_price": 69,
            "taker_side": "no"
        },
        {
            "trade_id": "f87a7afc-d2ed-4d9b-8b13-2c57aa6f3303",
            "ticker": "HIGHMIA-24AUG29-B91.5",
            "count": 180,
            "created_time": "2024-08-29T12:52:37.232001Z",
            "yes_price": 31,
            "no_price": 69,
            "taker_side": "no"
        },
        {
            "trade_id": "c0b3cbf7-2cdb-4155-9409-678a9449a029",
            "ticker": "HIGHMIA-24AUG29-B91.5",
            "count": 18,
            "created_time": "2024-08-29T12:52:37.189836Z",
            "yes_price": 31,
            "no_price": 69,
            "taker_side": "no"
        },
        {
            "trade_id": "eb802150-a902-4bdb-889a-5e5688d8918e",
            "ticker": "HIGHMIA-24AUG29-B91.5",
            "count": 44,
            "created_time": "2024-08-29T12:40:48.346179Z",
            "yes_price": 31,
            "no_price": 69,
            "taker_side": "no"
        },
        {
            "trade_id": "3f42438d-8dc4-4e5d-af69-b38168e8d3c1",
            "ticker": "HIGHMIA-24AUG29-B91.5",
            "count": 19,
            "created_time": "2024-08-29T12:40:48.272924Z",
            "yes_price": 31,
            "no_price": 69,
            "taker_side": "no"
        },
        {
            "trade_id": "9905790e-ff4c-47cc-9b1d-eb1c3f6213ce",
            "ticker": "HIGHMIA-24AUG29-B91.5",
            "count": 81,
            "created_time": "2024-08-29T12:40:48.24744Z",
            "yes_price": 31,
            "no_price": 69,
            "taker_side": "no"
        },
        {
            "trade_id": "1c48469d-eeb8-40ab-b645-459703e63d4c",
            "ticker": "HIGHMIA-24AUG29-B91.5",
            "count": 180,
            "created_time": "2024-08-29T12:40:48.214947Z",
            "yes_price": 31,
            "no_price": 69,
            "taker_side": "no"
        },
        {
            "trade_id": "90567a37-bd14-4204-8238-4401d1ea33be",
            "ticker": "HIGHMIA-24AUG29-B91.5",
            "count": 54,
            "created_time": "2024-08-29T12:40:48.142877Z",
            "yes_price": 31,
            "no_price": 69,
            "taker_side": "no"
        },
        {
            "trade_id": "9c7afefc-9384-4c2d-ab75-adf482b82296",
            "ticker": "HIGHMIA-24AUG29-B91.5",
            "count": 180,
            "created_time": "2024-08-29T12:40:39.997684Z",
            "yes_price": 31,
            "no_price": 69,
            "taker_side": "no"
        },
        {
            "trade_id": "88bb70d7-d81a-4627-860f-f76fda75f900",
            "ticker": "HIGHMIA-24AUG29-B91.5",
            "count": 110,
            "created_time": "2024-08-29T12:40:39.984869Z",
            "yes_price": 32,
            "no_price": 68,
            "taker_side": "no"
        },
        {
            "trade_id": "20b18812-18fd-48db-9b7c-6d4a2c4cc8d1",
            "ticker": "HIGHMIA-24AUG29-B91.5",
            "count": 1,
            "created_time": "2024-08-29T12:40:27.049746Z",
            "yes_price": 32,
            "no_price": 68,
            "taker_side": "no"
        },
        {
            "trade_id": "afb44f31-d126-40c9-83bd-3a7668866af6",
            "ticker": "HIGHMIA-24AUG29-B91.5",
            "count": 287,
            "created_time": "2024-08-29T12:32:14.425197Z",
            "yes_price": 32,
            "no_price": 68,
            "taker_side": "no"
        },
        {
            "trade_id": "6c42d73a-0161-4519-ade7-ca1efc87acdd",
            "ticker": "HIGHMIA-24AUG29-B91.5",
            "count": 20,
            "created_time": "2024-08-29T12:30:18.969652Z",
            "yes_price": 69,
            "no_price": 31,
            "taker_side": "yes"
        },
        {
            "trade_id": "1db1789a-72d6-443e-9085-a250540c400c",
            "ticker": "HIGHMIA-24AUG29-B91.5",
            "count": 2,
            "created_time": "2024-08-29T12:17:20.670311Z",
            "yes_price": 32,
            "no_price": 68,
            "taker_side": "no"
        },
        {
            "trade_id": "3fc27478-0a80-496d-9306-217c1a09291a",
            "ticker": "HIGHMIA-24AUG29-B91.5",
            "count": 90,
            "created_time": "2024-08-29T03:39:37.095201Z",
            "yes_price": 61,
            "no_price": 39,
            "taker_side": "no"
        },
        {
            "trade_id": "2fac5588-0356-4553-b7e9-2bdbfc22d155",
            "ticker": "HIGHMIA-24AUG29-B91.5",
            "count": 54,
            "created_time": "2024-08-29T03:39:04.537732Z",
            "yes_price": 62,
            "no_price": 38,
            "taker_side": "no"
        },
        {
            "trade_id": "31d5580a-5218-41da-bd10-367c7f94861f",
            "ticker": "HIGHMIA-24AUG29-B91.5",
            "count": 72,
            "created_time": "2024-08-29T03:30:39.677032Z",
            "yes_price": 59,
            "no_price": 41,
            "taker_side": "no"
        },
        {
            "trade_id": "a906a4ae-6700-4e59-b39d-5b4487c47146",
            "ticker": "HIGHMIA-24AUG29-B91.5",
            "count": 74,
            "created_time": "2024-08-29T03:18:21.157123Z",
            "yes_price": 62,
            "no_price": 38,
            "taker_side": "no"
        },
        {
            "trade_id": "3d2d8841-79bb-4677-96b0-c2c1b8d5cfed",
            "ticker": "HIGHMIA-24AUG29-B91.5",
            "count": 54,
            "created_time": "2024-08-29T03:18:21.157123Z",
            "yes_price": 64,
            "no_price": 36,
            "taker_side": "no"
        },
        {
            "trade_id": "b34b0e01-a24d-4d77-8612-010122f1b147",
            "ticker": "HIGHMIA-24AUG29-B91.5",
            "count": 10,
            "created_time": "2024-08-29T01:13:23.560507Z",
            "yes_price": 54,
            "no_price": 46,
            "taker_side": "yes"
        },
        {
            "trade_id": "7d0c3498-861f-4b2a-825a-fef4fa699a17",
            "ticker": "HIGHMIA-24AUG29-B91.5",
            "count": 18,
            "created_time": "2024-08-29T00:18:29.024932Z",
            "yes_price": 34,
            "no_price": 66,
            "taker_side": "yes"
        },
        {
            "trade_id": "7b4e920e-3364-4b9a-aecf-3cebc4849543",
            "ticker": "HIGHMIA-24AUG29-B91.5",
            "count": 180,
            "created_time": "2024-08-29T00:18:29.024932Z",
            "yes_price": 37,
            "no_price": 63,
            "taker_side": "yes"
        },
        {
            "trade_id": "2c735779-0f98-4ed4-998d-cffe0cb5f624",
            "ticker": "HIGHMIA-24AUG29-B91.5",
            "count": 180,
            "created_time": "2024-08-29T00:18:29.024932Z",
            "yes_price": 35,
            "no_price": 65,
            "taker_side": "yes"
        },
        {
            "trade_id": "2e3907a6-59df-4f4f-8fc5-fcb113ce9e20",
            "ticker": "HIGHMIA-24AUG29-B91.5",
            "count": 100,
            "created_time": "2024-08-29T00:16:38.294436Z",
            "yes_price": 35,
            "no_price": 65,
            "taker_side": "no"
        },
        {
            "trade_id": "9c564ee4-aa73-4cec-8346-3257b146128b",
            "ticker": "HIGHMIA-24AUG29-B91.5",
            "count": 32,
            "created_time": "2024-08-29T00:15:28.996002Z",
            "yes_price": 35,
            "no_price": 65,
            "taker_side": "no"
        },
        {
            "trade_id": "9e16a304-8798-4b32-a8d4-ba61f9ecb4e0",
            "ticker": "HIGHMIA-24AUG29-B91.5",
            "count": 60,
            "created_time": "2024-08-28T23:24:22.049577Z",
            "yes_price": 58,
            "no_price": 42,
            "taker_side": "yes"
        },
        {
            "trade_id": "cb5573ee-0b62-4d7b-9037-613970c159d5",
            "ticker": "HIGHMIA-24AUG29-B91.5",
            "count": 125,
            "created_time": "2024-08-28T22:00:58.994002Z",
            "yes_price": 54,
            "no_price": 46,
            "taker_side": "no"
        },
        {
            "trade_id": "54b4da76-fc0e-401c-b685-5359810184af",
            "ticker": "HIGHMIA-24AUG29-B91.5",
            "count": 200,
            "created_time": "2024-08-28T22:00:58.994002Z",
            "yes_price": 56,
            "no_price": 44,
            "taker_side": "no"
        },
        {
            "trade_id": "0f3f38cc-aca9-42fc-ab9e-9e4aa5a6e3df",
            "ticker": "HIGHMIA-24AUG29-B91.5",
            "count": 20,
            "created_time": "2024-08-28T22:00:58.994002Z",
            "yes_price": 59,
            "no_price": 41,
            "taker_side": "no"
        },
        {
            "trade_id": "d6e90cdb-2e41-437e-aa02-c4635de3b82f",
            "ticker": "HIGHMIA-24AUG29-B91.5",
            "count": 60,
            "created_time": "2024-08-28T17:56:20.17219Z",
            "yes_price": 56,
            "no_price": 44,
            "taker_side": "no"
        },
        {
            "trade_id": "c936ab6a-1fc3-4db8-9b63-9d4d2b8e5828",
            "ticker": "HIGHMIA-24AUG29-B91.5",
            "count": 200,
            "created_time": "2024-08-28T17:34:07.166724Z",
            "yes_price": 57,
            "no_price": 43,
            "taker_side": "yes"
        },
        {
            "trade_id": "8e8aadf7-2a65-4382-8772-cf54126e448d",
            "ticker": "HIGHMIA-24AUG29-B91.5",
            "count": 40,
            "created_time": "2024-08-28T17:34:07.166724Z",
            "yes_price": 54,
            "no_price": 46,
            "taker_side": "yes"
        },
        {
            "trade_id": "6e61b212-9a88-4a4f-ab4d-a7095873fd5c",
            "ticker": "HIGHMIA-24AUG29-B91.5",
            "count": 60,
            "created_time": "2024-08-28T16:43:42.595887Z",
            "yes_price": 63,
            "no_price": 37,
            "taker_side": "yes"
        },
        {
            "trade_id": "1876911d-df4e-4fcc-9d18-af49dfed28af",
            "ticker": "HIGHMIA-24AUG29-B91.5",
            "count": 20,
            "created_time": "2024-08-28T16:43:42.595887Z",
            "yes_price": 61,
            "no_price": 39,
            "taker_side": "yes"
        },
        {
            "trade_id": "93386360-60cf-435a-bbec-a34298db5877",
            "ticker": "HIGHMIA-24AUG29-B91.5",
            "count": 100,
            "created_time": "2024-08-28T16:43:18.659093Z",
            "yes_price": 54,
            "no_price": 46,
            "taker_side": "no"
        },
        {
            "trade_id": "b4dd4f72-4a8b-4029-9809-9455053b04fd",
            "ticker": "HIGHMIA-24AUG29-B91.5",
            "count": 80,
            "created_time": "2024-08-28T16:42:53.989962Z",
            "yes_price": 55,
            "no_price": 45,
            "taker_side": "no"
        },
        {
            "trade_id": "b95580d4-d156-47fd-9744-427549ad4d7b",
            "ticker": "HIGHMIA-24AUG29-B91.5",
            "count": 100,
            "created_time": "2024-08-28T16:42:34.994465Z",
            "yes_price": 56,
            "no_price": 44,
            "taker_side": "no"
        },
        {
            "trade_id": "77c721b2-8084-41b9-ae30-8ded254bd5a0",
            "ticker": "HIGHMIA-24AUG29-B91.5",
            "count": 75,
            "created_time": "2024-08-28T15:23:11.69049Z",
            "yes_price": 61,
            "no_price": 39,
            "taker_side": "yes"
        },
        {
            "trade_id": "ba121fe8-8f73-4344-9e3e-03ab38142318",
            "ticker": "HIGHMIA-24AUG29-B91.5",
            "count": 80,
            "created_time": "2024-08-28T15:22:31.387376Z",
            "yes_price": 58,
            "no_price": 42,
            "taker_side": "yes"
        },
        {
            "trade_id": "345a9255-d8d5-49bf-b46f-19510a0f3e3c",
            "ticker": "HIGHMIA-24AUG29-B91.5",
            "count": 200,
            "created_time": "2024-08-28T15:22:19.676006Z",
            "yes_price": 60,
            "no_price": 40,
            "taker_side": "yes"
        },
        {
            "trade_id": "4aed0131-ed8a-4066-8e87-046332987967",
            "ticker": "HIGHMIA-24AUG29-B91.5",
            "count": 100,
            "created_time": "2024-08-28T15:22:12.357162Z",
            "yes_price": 57,
            "no_price": 43,
            "taker_side": "yes"
        },
        {
            "trade_id": "e6657f8e-5b08-4708-a295-95782959058e",
            "ticker": "HIGHMIA-24AUG29-B91.5",
            "count": 20,
            "created_time": "2024-08-28T15:21:56.814631Z",
            "yes_price": 56,
            "no_price": 44,
            "taker_side": "yes"
        },
        {
            "trade_id": "75e1334e-2031-4964-9151-7def9e9d7c50",
            "ticker": "HIGHMIA-24AUG29-B91.5",
            "count": 100,
            "created_time": "2024-08-28T14:39:34.797051Z",
            "yes_price": 54,
            "no_price": 46,
            "taker_side": "yes"
        },
        {
            "trade_id": "a5d3f178-89b3-4903-bb49-173cfb52ec99",
            "ticker": "HIGHMIA-24AUG29-B91.5",
            "count": 100,
            "created_time": "2024-08-28T14:39:07.440808Z",
            "yes_price": 53,
            "no_price": 47,
            "taker_side": "yes"
        },
        {
            "trade_id": "e6d1bb5a-26e3-4aa4-abd0-0f55eafe2179",
            "ticker": "HIGHMIA-24AUG29-B91.5",
            "count": 80,
            "created_time": "2024-08-28T14:23:42.727729Z",
            "yes_price": 54,
            "no_price": 46,
            "taker_side": "yes"
        },
        {
            "trade_id": "1c021b1e-11ce-4c6c-a1a4-cc3d48947282",
            "ticker": "HIGHMIA-24AUG29-B91.5",
            "count": 100,
            "created_time": "2024-08-28T14:21:19.642797Z",
            "yes_price": 53,
            "no_price": 47,
            "taker_side": "yes"
        },
        {
            "trade_id": "c51e1e16-7101-4730-906e-92061524a96f",
            "ticker": "HIGHMIA-24AUG29-B91.5",
            "count": 75,
            "created_time": "2024-08-28T14:20:46.651804Z",
            "yes_price": 51,
            "no_price": 49,
            "taker_side": "yes"
        },
        {
            "trade_id": "f880ed6d-183d-4f80-a019-96d77ca42ae5",
            "ticker": "HIGHMIA-24AUG29-B91.5",
            "count": 75,
            "created_time": "2024-08-28T14:07:41.531308Z",
            "yes_price": 41,
            "no_price": 59,
            "taker_side": "yes"
        },
        {
            "trade_id": "dc2c40a5-110c-4922-b826-5c3243ec7727",
            "ticker": "HIGHMIA-24AUG29-B91.5",
            "count": 75,
            "created_time": "2024-08-28T14:04:51.868548Z",
            "yes_price": 36,
            "no_price": 64,
            "taker_side": "yes"
        }
    ],
    "HIGHMIA-24AUG29-T92": [
        {
            "trade_id": "b26ddd35-7861-4c47-8901-2f9bb121323e",
            "ticker": "HIGHMIA-24AUG29-T92",
            "count": 54,
            "created_time": "2024-08-29T12:52:48.546591Z",
            "yes_price": 1,
            "no_price": 99,
            "taker_side": "no"
        },
        {
            "trade_id": "e7fb74c5-35dd-4981-858e-5d665ec76dc6",
            "ticker": "HIGHMIA-24AUG29-T92",
            "count": 36,
            "created_time": "2024-08-29T12:52:48.509612Z",
            "yes_price": 1,
            "no_price": 99,
            "taker_side": "no"
        },
        {
            "trade_id": "9a9859ec-824c-49bb-829e-3f04c1c763f1",
            "ticker": "HIGHMIA-24AUG29-T92",
            "count": 62,
            "created_time": "2024-08-29T12:52:37.443021Z",
            "yes_price": 1,
            "no_price": 99,
            "taker_side": "no"
        },
        {
            "trade_id": "d5d4baaf-7a61-4c92-86d0-95f40b7a5059",
            "ticker": "HIGHMIA-24AUG29-T92",
            "count": 100,
            "created_time": "2024-08-29T12:52:37.352646Z",
            "yes_price": 1,
            "no_price": 99,
            "taker_side": "no"
        },
        {
            "trade_id": "5e80b4a5-dc63-4c74-8def-3e5dc0cb583c",
            "ticker": "HIGHMIA-24AUG29-T92",
            "count": 180,
            "created_time": "2024-08-29T12:52:37.191386Z",
            "yes_price": 1,
            "no_price": 99,
            "taker_side": "no"
        },
        {
            "trade_id": "ead77ff9-6e1c-4a2c-9977-8137e7208f38",
            "ticker": "HIGHMIA-24AUG29-T92",
            "count": 18,
            "created_time": "2024-08-29T12:52:37.190179Z",
            "yes_price": 1,
            "no_price": 99,
            "taker_side": "no"
        },
        {
            "trade_id": "1ff45269-a39f-422c-9877-038de1cb76a0",
            "ticker": "HIGHMIA-24AUG29-T92",
            "count": 75,
            "created_time": "2024-08-29T12:41:01.476517Z",
            "yes_price": 1,
            "no_price": 99,
            "taker_side": "yes"
        },
        {
            "trade_id": "0ac8e84c-0816-4f8c-a5c5-1788d7d5758b",
            "ticker": "HIGHMIA-24AUG29-T92",
            "count": 6,
            "created_time": "2024-08-29T12:40:48.227011Z",
            "yes_price": 1,
            "no_price": 99,
            "taker_side": "no"
        },
        {
            "trade_id": "9211f02d-f52c-4373-b12b-7a5f50eb08df",
            "ticker": "HIGHMIA-24AUG29-T92",
            "count": 44,
            "created_time": "2024-08-29T12:40:48.190523Z",
            "yes_price": 1,
            "no_price": 99,
            "taker_side": "no"
        },
        {
            "trade_id": "59901ae6-453a-4d27-90da-7c95a9c06a8e",
            "ticker": "HIGHMIA-24AUG29-T92",
            "count": 136,
            "created_time": "2024-08-29T12:40:48.190523Z",
            "yes_price": 3,
            "no_price": 97,
            "taker_side": "no"
        },
        {
            "trade_id": "1e532e9d-6a50-422c-a8b8-ad57e111493c",
            "ticker": "HIGHMIA-24AUG29-T92",
            "count": 54,
            "created_time": "2024-08-29T12:40:48.142114Z",
            "yes_price": 3,
            "no_price": 97,
            "taker_side": "no"
        },
        {
            "trade_id": "5badecc9-ad8c-4a44-be81-5744922f79cb",
            "ticker": "HIGHMIA-24AUG29-T92",
            "count": 180,
            "created_time": "2024-08-29T12:40:39.993103Z",
            "yes_price": 3,
            "no_price": 97,
            "taker_side": "no"
        },
        {
            "trade_id": "e57bd303-ecb0-4b94-99e9-b80f371fcbf1",
            "ticker": "HIGHMIA-24AUG29-T92",
            "count": 110,
            "created_time": "2024-08-29T12:40:39.984335Z",
            "yes_price": 3,
            "no_price": 97,
            "taker_side": "no"
        },
        {
            "trade_id": "9ede5e7a-765f-46c7-bc99-ad8996068d80",
            "ticker": "HIGHMIA-24AUG29-T92",
            "count": 20,
            "created_time": "2024-08-29T12:30:19.047224Z",
            "yes_price": 3,
            "no_price": 97,
            "taker_side": "no"
        },
        {
            "trade_id": "b5c06753-cc2f-435c-9f2c-157d345b3eb1",
            "ticker": "HIGHMIA-24AUG29-T92",
            "count": 54,
            "created_time": "2024-08-29T03:39:04.551844Z",
            "yes_price": 3,
            "no_price": 97,
            "taker_side": "no"
        },
        {
            "trade_id": "90e9e3d4-78c7-468a-80eb-bb763a79f1c8",
            "ticker": "HIGHMIA-24AUG29-T92",
            "count": 72,
            "created_time": "2024-08-29T03:30:39.676225Z",
            "yes_price": 3,
            "no_price": 97,
            "taker_side": "no"
        },
        {
            "trade_id": "aa63629b-9dc4-4ca2-97b9-36cc657a8848",
            "ticker": "HIGHMIA-24AUG29-T92",
            "count": 32,
            "created_time": "2024-08-29T00:15:28.995032Z",
            "yes_price": 3,
            "no_price": 97,
            "taker_side": "no"
        },
        {
            "trade_id": "1c34e67f-9b6f-401e-a2ef-a6572f26fbea",
            "ticker": "HIGHMIA-24AUG29-T92",
            "count": 35,
            "created_time": "2024-08-28T20:37:19.916313Z",
            "yes_price": 8,
            "no_price": 92,
            "taker_side": "yes"
        },
        {
            "trade_id": "2c625e2f-d573-44f7-9713-e51a9f83944b",
            "ticker": "HIGHMIA-24AUG29-T92",
            "count": 1,
            "created_time": "2024-08-28T18:35:21.902286Z",
            "yes_price": 9,
            "no_price": 91,
            "taker_side": "yes"
        },
        {
            "trade_id": "b179f9d6-a4c1-42fe-ad50-e03a71874b2a",
            "ticker": "HIGHMIA-24AUG29-T92",
            "count": 180,
            "created_time": "2024-08-28T18:16:42.79769Z",
            "yes_price": 3,
            "no_price": 97,
            "taker_side": "no"
        },
        {
            "trade_id": "e2ab7126-3188-4f54-b796-f6aa8721dc73",
            "ticker": "HIGHMIA-24AUG29-T92",
            "count": 1,
            "created_time": "2024-08-28T17:30:27.229371Z",
            "yes_price": 9,
            "no_price": 91,
            "taker_side": "yes"
        }
    ]
}