{
    "HIGHMIA-24FEB28-T75": [],
    "HIGHMIA-24FEB28-B75.5": [],
    "HIGHMIA-24FEB28-B77.5": [
        {
            "trade_id": "9a13126f-f2c4-4759-8546-a6dade0a62d7",
            "ticker": "HIGHMIA-24FEB28-B77.5",
            "count": 38,
            "created_time": "2024-02-28T20:50:02.7479Z",
            "yes_price": 1,
            "no_price": 99,
            "taker_side": "yes"
        },
        {
            "trade_id": "5d26a574-ef46-44b2-b69b-7d3e0069db84",
            "ticker": "HIGHMIA-24FEB28-B77.5",
            "count": 4,
            "created_time": "2024-02-28T01:29:37.626601Z",
            "yes_price": 9,
            "no_price": 91,
            "taker_side": "no"
        },
        {
            "trade_id": "d52bb237-f1fc-438c-92d2-879613b6e0ef",
            "ticker": "HIGHMIA-24FEB28-B77.5",
            "count": 6,
            "created_time": "2024-02-28T01:28:33.74562Z",
            "yes_price": 10,
            "no_price": 90,
            "taker_side": "no"
        },
        {
            "trade_id": "8f92cf21-83c2-4541-aace-9c263996340a",
            "ticker": "HIGHMIA-24FEB28-B77.5",
            "count": 10,
            "created_time": "2024-02-28T01:28:33.74562Z",
            "yes_price": 10,
            "no_price": 90,
            "taker_side": "no"
        },
        {
            "trade_id": "bb7f33e6-c2b0-409e-92b6-350584833fe4",
            "ticker": "HIGHMIA-24FEB28-B77.5",
            "count": 4,
            "created_time": "2024-02-27T23:56:50.160941Z",
            "yes_price": 10,
            "no_price": 90,
            "taker_side": "no"
        },
        {
            "trade_id": "40aa199c-6acf-4f93-a951-24a08f52ab1f",
            "ticker": "HIGHMIA-24FEB28-B77.5",
            "count": 10,
            "created_time": "2024-02-27T23:40:13.567207Z",
            "yes_price": 11,
            "no_price": 89,
            "taker_side": "no"
        },
        {
            "trade_id": "8d4919c3-fb22-403b-be01-ae0380d9fa5d",
            "ticker": "HIGHMIA-24FEB28-B77.5",
            "count": 10,
            "created_time": "2024-02-27T23:39:31.402363Z",
            "yes_price": 13,
            "no_price": 87,
            "taker_side": "no"
        },
        {
            "trade_id": "6886d59b-9a1c-4ba5-a8ae-73646082b249",
            "ticker": "HIGHMIA-24FEB28-B77.5",
            "count": 10,
            "created_time": "2024-02-27T23:39:31.402363Z",
            "yes_price": 14,
            "no_price": 86,
            "taker_side": "no"
        },
        {
            "trade_id": "18216377-2575-431f-af2c-8dcdb9dd4c53",
            "ticker": "HIGHMIA-24FEB28-B77.5",
            "count": 10,
            "created_time": "2024-02-27T23:39:31.402363Z",
            "yes_price": 12,
            "no_price": 88,
            "taker_side": "no"
        },
        {
            "trade_id": "c018da9e-1e14-42ab-aa4e-de5300685f6c",
            "ticker": "HIGHMIA-24FEB28-B77.5",
            "count": 6,
            "created_time": "2024-02-27T21:15:25.175614Z",
            "yes_price": 16,
            "no_price": 84,
            "taker_side": "yes"
        },
        {
            "trade_id": "b639b513-8286-46e8-81d8-82056c1593aa",
            "ticker": "HIGHMIA-24FEB28-B77.5",
            "count": 1,
            "created_time": "2024-02-27T21:15:25.175614Z",
            "yes_price": 16,
            "no_price": 84,
            "taker_side": "yes"
        },
        {
            "trade_id": "59ce363d-c932-4ad3-9321-9dcf3976804a",
            "ticker": "HIGHMIA-24FEB28-B77.5",
            "count": 5,
            "created_time": "2024-02-27T15:56:20.655241Z",
            "yes_price": 15,
            "no_price": 85,
            "taker_side": "yes"
        }
    ],
    "HIGHMIA-24FEB28-B79.5": [
        {
            "trade_id": "d8d73db8-8c4f-4196-81a5-0c9524157196",
            "ticker": "HIGHMIA-24FEB28-B79.5",
            "count": 8,
            "created_time": "2024-02-28T01:30:05.414397Z",
            "yes_price": 57,
            "no_price": 43,
            "taker_side": "yes"
        },
        {
            "trade_id": "dfb10055-ccf1-439f-b774-f9ae07f0c769",
            "ticker": "HIGHMIA-24FEB28-B79.5",
            "count": 16,
            "created_time": "2024-02-28T01:28:33.691829Z",
            "yes_price": 55,
            "no_price": 45,
            "taker_side": "yes"
        },
        {
            "trade_id": "7b816413-6d0d-4b01-998d-be0fe6a2b5cb",
            "ticker": "HIGHMIA-24FEB28-B79.5",
            "count": 25,
            "created_time": "2024-02-28T01:26:15.150207Z",
            "yes_price": 55,
            "no_price": 45,
            "taker_side": "yes"
        },
        {
            "trade_id": "b316e612-fee0-4703-9d3c-6aa5f1917464",
            "ticker": "HIGHMIA-24FEB28-B79.5",
            "count": 87,
            "created_time": "2024-02-27T23:40:13.473358Z",
            "yes_price": 55,
            "no_price": 45,
            "taker_side": "yes"
        },
        {
            "trade_id": "6165bfdb-8450-4007-b13d-10d760406b86",
            "ticker": "HIGHMIA-24FEB28-B79.5",
            "count": 26,
            "created_time": "2024-02-27T23:40:13.473358Z",
            "yes_price": 52,
            "no_price": 48,
            "taker_side": "yes"
        },
        {
            "trade_id": "3ee057bc-dd49-431d-a633-5c959a93d716",
            "ticker": "HIGHMIA-24FEB28-B79.5",
            "count": 10,
            "created_time": "2024-02-27T23:40:13.473358Z",
            "yes_price": 52,
            "no_price": 48,
            "taker_side": "yes"
        },
        {
            "trade_id": "24d753b4-7fdd-421c-b055-d4b966eb4533",
            "ticker": "HIGHMIA-24FEB28-B79.5",
            "count": 6,
            "created_time": "2024-02-27T23:40:13.473358Z",
            "yes_price": 55,
            "no_price": 45,
            "taker_side": "yes"
        },
        {
            "trade_id": "f60219fb-d437-49e2-a8e6-7fe36b0492d4",
            "ticker": "HIGHMIA-24FEB28-B79.5",
            "count": 87,
            "created_time": "2024-02-27T23:39:35.967598Z",
            "yes_price": 50,
            "no_price": 50,
            "taker_side": "yes"
        },
        {
            "trade_id": "e8f64611-5035-4a80-b4dd-4e180784f47f",
            "ticker": "HIGHMIA-24FEB28-B79.5",
            "count": 17,
            "created_time": "2024-02-27T23:39:35.967598Z",
            "yes_price": 47,
            "no_price": 53,
            "taker_side": "yes"
        },
        {
            "trade_id": "daba561b-2746-45c0-bfa5-5671447432c9",
            "ticker": "HIGHMIA-24FEB28-B79.5",
            "count": 88,
            "created_time": "2024-02-27T23:39:35.967598Z",
            "yes_price": 52,
            "no_price": 48,
            "taker_side": "yes"
        },
        {
            "trade_id": "0e737a1d-bd39-45f1-98ca-abbda71c52c2",
            "ticker": "HIGHMIA-24FEB28-B79.5",
            "count": 5,
            "created_time": "2024-02-27T20:49:34.132292Z",
            "yes_price": 45,
            "no_price": 55,
            "taker_side": "yes"
        }
    ],
    "HIGHMIA-24FEB28-B81.5": [
        {
            "trade_id": "f853fe57-3dde-4518-9639-703bd09faafb",
            "ticker": "HIGHMIA-24FEB28-B81.5",
            "count": 31,
            "created_time": "2024-02-28T13:50:04.741956Z",
            "yes_price": 59,
            "no_price": 41,
            "taker_side": "no"
        },
        {
            "trade_id": "802aa5e2-2f75-49fd-b1a8-747458ca91f0",
            "ticker": "HIGHMIA-24FEB28-B81.5",
            "count": 2,
            "created_time": "2024-02-28T13:50:04.741956Z",
            "yes_price": 56,
            "no_price": 44,
            "taker_side": "no"
        },
        {
            "trade_id": "4dbd8e5e-56c5-4824-b11c-6987c3410ef5",
            "ticker": "HIGHMIA-24FEB28-B81.5",
            "count": 14,
            "created_time": "2024-02-28T13:50:04.741956Z",
            "yes_price": 61,
            "no_price": 39,
            "taker_side": "no"
        },
        {
            "trade_id": "a04df3a6-add1-497e-8725-28b7324fece9",
            "ticker": "HIGHMIA-24FEB28-B81.5",
            "count": 15,
            "created_time": "2024-02-28T13:38:47.946659Z",
            "yes_price": 63,
            "no_price": 37,
            "taker_side": "no"
        },
        {
            "trade_id": "523d6074-cb50-45dd-a37e-70a3f7b52d23",
            "ticker": "HIGHMIA-24FEB28-B81.5",
            "count": 17,
            "created_time": "2024-02-28T13:38:47.946659Z",
            "yes_price": 61,
            "no_price": 39,
            "taker_side": "no"
        },
        {
            "trade_id": "33d8cb1e-087f-4aae-afde-2c185f8ead0c",
            "ticker": "HIGHMIA-24FEB28-B81.5",
            "count": 6,
            "created_time": "2024-02-28T13:00:15.890002Z",
            "yes_price": 59,
            "no_price": 41,
            "taker_side": "yes"
        },
        {
            "trade_id": "4bf2b723-f657-4cbb-b668-efbd562b0ea1",
            "ticker": "HIGHMIA-24FEB28-B81.5",
            "count": 23,
            "created_time": "2024-02-28T04:58:51.432744Z",
            "yes_price": 44,
            "no_price": 56,
            "taker_side": "yes"
        },
        {
            "trade_id": "fcc9ec4d-622b-451d-8aa8-4e2142400e6f",
            "ticker": "HIGHMIA-24FEB28-B81.5",
            "count": 39,
            "created_time": "2024-02-28T04:53:16.916983Z",
            "yes_price": 44,
            "no_price": 56,
            "taker_side": "yes"
        },
        {
            "trade_id": "fb2ec55d-b085-409a-a13f-58a0f557360b",
            "ticker": "HIGHMIA-24FEB28-B81.5",
            "count": 39,
            "created_time": "2024-02-28T04:52:50.023987Z",
            "yes_price": 43,
            "no_price": 57,
            "taker_side": "yes"
        },
        {
            "trade_id": "7d927ad6-a417-4fb0-afd5-0200f5694a95",
            "ticker": "HIGHMIA-24FEB28-B81.5",
            "count": 39,
            "created_time": "2024-02-28T04:52:44.313638Z",
            "yes_price": 41,
            "no_price": 59,
            "taker_side": "yes"
        },
        {
            "trade_id": "f84b9358-0da0-4b72-b4eb-0845832c1370",
            "ticker": "HIGHMIA-24FEB28-B81.5",
            "count": 31,
            "created_time": "2024-02-28T04:52:31.072878Z",
            "yes_price": 40,
            "no_price": 60,
            "taker_side": "yes"
        },
        {
            "trade_id": "8dab76c3-0d35-40c2-b44c-2ce004110743",
            "ticker": "HIGHMIA-24FEB28-B81.5",
            "count": 16,
            "created_time": "2024-02-28T01:28:33.748924Z",
            "yes_price": 32,
            "no_price": 68,
            "taker_side": "no"
        },
        {
            "trade_id": "20747342-b739-4e04-a3a8-11c80e5ef0d0",
            "ticker": "HIGHMIA-24FEB28-B81.5",
            "count": 10,
            "created_time": "2024-02-27T23:40:13.569278Z",
            "yes_price": 34,
            "no_price": 66,
            "taker_side": "no"
        },
        {
            "trade_id": "b3e36f78-2d27-44f8-b3f8-8563dbaf4a00",
            "ticker": "HIGHMIA-24FEB28-B81.5",
            "count": 1,
            "created_time": "2024-02-27T23:35:56.22157Z",
            "yes_price": 37,
            "no_price": 63,
            "taker_side": "no"
        },
        {
            "trade_id": "344c3740-73fc-4f9a-a09b-35078a3c633c",
            "ticker": "HIGHMIA-24FEB28-B81.5",
            "count": 1,
            "created_time": "2024-02-27T20:35:55.50275Z",
            "yes_price": 33,
            "no_price": 67,
            "taker_side": "no"
        }
    ],
    "HIGHMIA-24FEB28-T82": [
        {
            "trade_id": "78c41f6a-3003-4e24-a79a-9121a096e3f3",
            "ticker": "HIGHMIA-24FEB28-T82",
            "count": 100,
            "created_time": "2024-02-28T17:34:32.530451Z",
            "yes_price": 4,
            "no_price": 96,
            "taker_side": "no"
        },
        {
            "trade_id": "afa186d3-4fe9-4494-b029-9063df3c4a35",
            "ticker": "HIGHMIA-24FEB28-T82",
            "count": 6,
            "created_time": "2024-02-28T13:22:36.32014Z",
            "yes_price": 16,
            "no_price": 84,
            "taker_side": "yes"
        },
        {
            "trade_id": "7b7ad272-b708-4372-9b70-0384b8411404",
            "ticker": "HIGHMIA-24FEB28-T82",
            "count": 16,
            "created_time": "2024-02-28T01:28:33.746551Z",
            "yes_price": 3,
            "no_price": 97,
            "taker_side": "no"
        },
        {
            "trade_id": "3aa4bbfb-4a11-4577-b101-f915d00425de",
            "ticker": "HIGHMIA-24FEB28-T82",
            "count": 10,
            "created_time": "2024-02-27T23:40:13.576846Z",
            "yes_price": 3,
            "no_price": 97,
            "taker_side": "no"
        }
    ]
}