{
    "HIGHMIA-24SEP11-T85": [
        {
            "trade_id": "e3b39893-dd42-4b85-9f17-52b80f15adc7",
            "ticker": "HIGHMIA-24SEP11-T85",
            "count": 93,
            "created_time": "2024-09-12T00:43:34.135846Z",
            "yes_price": 1,
            "no_price": 99,
            "taker_side": "yes"
        },
        {
            "trade_id": "bc9d2177-ae86-449c-b3b9-e6e9708f1273",
            "ticker": "HIGHMIA-24SEP11-T85",
            "count": 13,
            "created_time": "2024-09-10T18:30:02.461972Z",
            "yes_price": 1,
            "no_price": 99,
            "taker_side": "no"
        },
        {
            "trade_id": "5bf87557-157f-408c-b11f-c466edc3446f",
            "ticker": "HIGHMIA-24SEP11-T85",
            "count": 37,
            "created_time": "2024-09-10T14:21:35.557648Z",
            "yes_price": 1,
            "no_price": 99,
            "taker_side": "no"
        }
    ],
    "HIGHMIA-24SEP11-B85.5": [
        {
            "trade_id": "58a3363f-c8f7-45bf-93ab-dad873a54ceb",
            "ticker": "HIGHMIA-24SEP11-B85.5",
            "count": 93,
            "created_time": "2024-09-12T03:00:15.931286Z",
            "yes_price": 1,
            "no_price": 99,
            "taker_side": "yes"
        },
        {
            "trade_id": "945959f2-988a-49a6-8e5c-754060a0fdff",
            "ticker": "HIGHMIA-24SEP11-B85.5",
            "count": 19,
            "created_time": "2024-09-11T03:11:03.232639Z",
            "yes_price": 1,
            "no_price": 99,
            "taker_side": "yes"
        },
        {
            "trade_id": "0fa987a6-80c4-4b5b-8f65-5d5471d9d4df",
            "ticker": "HIGHMIA-24SEP11-B85.5",
            "count": 1,
            "created_time": "2024-09-11T02:08:18.460208Z",
            "yes_price": 1,
            "no_price": 99,
            "taker_side": "no"
        },
        {
            "trade_id": "3592ddc3-5c00-47e6-9780-b9afcfaf5e6a",
            "ticker": "HIGHMIA-24SEP11-B85.5",
            "count": 27,
            "created_time": "2024-09-11T00:42:13.016997Z",
            "yes_price": 1,
            "no_price": 99,
            "taker_side": "no"
        },
        {
            "trade_id": "ac02fd18-4841-4e96-bb2e-9c2fe6581000",
            "ticker": "HIGHMIA-24SEP11-B85.5",
            "count": 20,
            "created_time": "2024-09-11T00:41:36.085048Z",
            "yes_price": 1,
            "no_price": 99,
            "taker_side": "no"
        },
        {
            "trade_id": "7e877350-bf11-4925-a6b0-64a44c7fd8df",
            "ticker": "HIGHMIA-24SEP11-B85.5",
            "count": 1,
            "created_time": "2024-09-10T21:52:23.327638Z",
            "yes_price": 1,
            "no_price": 99,
            "taker_side": "no"
        },
        {
            "trade_id": "7aa76652-7a0a-45e2-bc10-48e9da0c01d0",
            "ticker": "HIGHMIA-24SEP11-B85.5",
            "count": 1,
            "created_time": "2024-09-10T18:32:09.72832Z",
            "yes_price": 1,
            "no_price": 99,
            "taker_side": "no"
        }
    ],
    "HIGHMIA-24SEP11-B87.5": [
        {
            "trade_id": "15071935-4dd0-4a00-a975-54dbc4f2ac7e",
            "ticker": "HIGHMIA-24SEP11-B87.5",
            "count": 50,
            "created_time": "2024-09-11T14:37:25.592882Z",
            "yes_price": 1,
            "no_price": 99,
            "taker_side": "no"
        },
        {
            "trade_id": "0e34b9f2-e27d-43ef-a901-d24f10722399",
            "ticker": "HIGHMIA-24SEP11-B87.5",
            "count": 1,
            "created_time": "2024-09-11T14:37:25.592882Z",
            "yes_price": 9,
            "no_price": 91,
            "taker_side": "no"
        },
        {
            "trade_id": "670601b3-eb49-41a3-9d0e-e029d171886d",
            "ticker": "HIGHMIA-24SEP11-B87.5",
            "count": 200,
            "created_time": "2024-09-11T03:58:14.310314Z",
            "yes_price": 11,
            "no_price": 89,
            "taker_side": "yes"
        },
        {
            "trade_id": "30c90e08-ace2-403d-9bd5-b9f5ebc4fea6",
            "ticker": "HIGHMIA-24SEP11-B87.5",
            "count": 20,
            "created_time": "2024-09-11T03:58:14.310314Z",
            "yes_price": 10,
            "no_price": 90,
            "taker_side": "yes"
        },
        {
            "trade_id": "e3405c0a-fc38-4899-a629-e2da20e27607",
            "ticker": "HIGHMIA-24SEP11-B87.5",
            "count": 200,
            "created_time": "2024-09-11T03:56:13.284568Z",
            "yes_price": 11,
            "no_price": 89,
            "taker_side": "yes"
        },
        {
            "trade_id": "ccbcc9b5-5b2c-45e2-bae7-d2337cc73a6e",
            "ticker": "HIGHMIA-24SEP11-B87.5",
            "count": 1,
            "created_time": "2024-09-11T03:56:13.284568Z",
            "yes_price": 9,
            "no_price": 91,
            "taker_side": "yes"
        },
        {
            "trade_id": "035f8ab9-12b5-4eea-a525-f259cc4361e5",
            "ticker": "HIGHMIA-24SEP11-B87.5",
            "count": 20,
            "created_time": "2024-09-11T03:56:13.284568Z",
            "yes_price": 10,
            "no_price": 90,
            "taker_side": "yes"
        },
        {
            "trade_id": "fc5e234a-f82f-48de-8efe-938510a07687",
            "ticker": "HIGHMIA-24SEP11-B87.5",
            "count": 20,
            "created_time": "2024-09-11T02:08:18.433686Z",
            "yes_price": 6,
            "no_price": 94,
            "taker_side": "no"
        },
        {
            "trade_id": "06fdbfb3-b35f-4107-ac65-3081e52c1174",
            "ticker": "HIGHMIA-24SEP11-B87.5",
            "count": 20,
            "created_time": "2024-09-11T01:12:35.171826Z",
            "yes_price": 6,
            "no_price": 94,
            "taker_side": "no"
        },
        {
            "trade_id": "4c91af08-645a-45d6-9005-581db4c6e0d4",
            "ticker": "HIGHMIA-24SEP11-B87.5",
            "count": 27,
            "created_time": "2024-09-11T00:42:13.007644Z",
            "yes_price": 6,
            "no_price": 94,
            "taker_side": "no"
        },
        {
            "trade_id": "da61f105-8fa2-4323-8ff2-2c32e5d0c3a0",
            "ticker": "HIGHMIA-24SEP11-B87.5",
            "count": 20,
            "created_time": "2024-09-11T00:41:36.121894Z",
            "yes_price": 6,
            "no_price": 94,
            "taker_side": "no"
        },
        {
            "trade_id": "a5cc6621-b478-40d5-b8a3-6d6e7fb8f957",
            "ticker": "HIGHMIA-24SEP11-B87.5",
            "count": 1,
            "created_time": "2024-09-10T21:52:23.325367Z",
            "yes_price": 3,
            "no_price": 97,
            "taker_side": "no"
        },
        {
            "trade_id": "747d4a37-b641-4f16-81bb-299c709f060d",
            "ticker": "HIGHMIA-24SEP11-B87.5",
            "count": 195,
            "created_time": "2024-09-10T18:32:09.6343Z",
            "yes_price": 12,
            "no_price": 88,
            "taker_side": "yes"
        },
        {
            "trade_id": "113d1dd5-d27c-4370-ac2e-bc8df28d4c18",
            "ticker": "HIGHMIA-24SEP11-B87.5",
            "count": 1,
            "created_time": "2024-09-10T18:32:09.6343Z",
            "yes_price": 10,
            "no_price": 90,
            "taker_side": "yes"
        },
        {
            "trade_id": "0b30f5ea-701d-41fc-acbc-e41c2a00e506",
            "ticker": "HIGHMIA-24SEP11-B87.5",
            "count": 120,
            "created_time": "2024-09-10T18:32:09.6343Z",
            "yes_price": 11,
            "no_price": 89,
            "taker_side": "yes"
        },
        {
            "trade_id": "eaf15e13-9461-4a22-8ab6-60a67a926e42",
            "ticker": "HIGHMIA-24SEP11-B87.5",
            "count": 1,
            "created_time": "2024-09-10T18:31:28.532065Z",
            "yes_price": 5,
            "no_price": 95,
            "taker_side": "yes"
        },
        {
            "trade_id": "d5a36da1-8fd1-4871-a87e-fdab7cd04a3f",
            "ticker": "HIGHMIA-24SEP11-B87.5",
            "count": 92,
            "created_time": "2024-09-10T18:31:28.532065Z",
            "yes_price": 11,
            "no_price": 89,
            "taker_side": "yes"
        },
        {
            "trade_id": "2380afd6-f7c0-4895-ab25-3c1f68729ba9",
            "ticker": "HIGHMIA-24SEP11-B87.5",
            "count": 7,
            "created_time": "2024-09-10T18:31:28.532065Z",
            "yes_price": 5,
            "no_price": 95,
            "taker_side": "yes"
        },
        {
            "trade_id": "1fc623a0-af86-4f4a-a8f6-ceff17cc5b2d",
            "ticker": "HIGHMIA-24SEP11-B87.5",
            "count": 20,
            "created_time": "2024-09-10T17:09:02.746892Z",
            "yes_price": 5,
            "no_price": 95,
            "taker_side": "yes"
        }
    ],
    "HIGHMIA-24SEP11-B89.5": [
        {
            "trade_id": "a1bef5eb-7e6c-4fcc-946d-723f1bcd4ec3",
            "ticker": "HIGHMIA-24SEP11-B89.5",
            "count": 93,
            "created_time": "2024-09-12T02:59:49.426971Z",
            "yes_price": 99,
            "no_price": 1,
            "taker_side": "no"
        },
        {
            "trade_id": "b1cb308d-385a-4e43-ab8c-a3ac98d9e262",
            "ticker": "HIGHMIA-24SEP11-B89.5",
            "count": 10,
            "created_time": "2024-09-12T01:53:08.690946Z",
            "yes_price": 99,
            "no_price": 1,
            "taker_side": "no"
        },
        {
            "trade_id": "e45648ed-b10e-4f3b-b445-3e5363e5666c",
            "ticker": "HIGHMIA-24SEP11-B89.5",
            "count": 89,
            "created_time": "2024-09-12T01:49:38.28922Z",
            "yes_price": 99,
            "no_price": 1,
            "taker_side": "no"
        },
        {
            "trade_id": "f032debf-4a77-4b3e-bbd2-f77670434fb7",
            "ticker": "HIGHMIA-24SEP11-B89.5",
            "count": 50,
            "created_time": "2024-09-11T21:38:15.917064Z",
            "yes_price": 99,
            "no_price": 1,
            "taker_side": "yes"
        },
        {
            "trade_id": "61dd4ed1-79df-4963-ac5c-cdcc352c50ed",
            "ticker": "HIGHMIA-24SEP11-B89.5",
            "count": 25,
            "created_time": "2024-09-11T20:29:24.413791Z",
            "yes_price": 97,
            "no_price": 3,
            "taker_side": "yes"
        },
        {
            "trade_id": "3d3a8dbe-d46f-4927-8f03-7280a8f3080b",
            "ticker": "HIGHMIA-24SEP11-B89.5",
            "count": 1,
            "created_time": "2024-09-11T20:12:13.071394Z",
            "yes_price": 85,
            "no_price": 15,
            "taker_side": "no"
        },
        {
            "trade_id": "3c4010ae-1cd5-4a1e-bf70-d7784cf893b1",
            "ticker": "HIGHMIA-24SEP11-B89.5",
            "count": 1,
            "created_time": "2024-09-11T20:12:13.016296Z",
            "yes_price": 85,
            "no_price": 15,
            "taker_side": "no"
        },
        {
            "trade_id": "747fae61-0a45-496c-bf89-7b0037b42327",
            "ticker": "HIGHMIA-24SEP11-B89.5",
            "count": 1,
            "created_time": "2024-09-11T19:40:32.929259Z",
            "yes_price": 40,
            "no_price": 60,
            "taker_side": "no"
        },
        {
            "trade_id": "edf58539-99a6-4dca-8421-2417c5ebeb87",
            "ticker": "HIGHMIA-24SEP11-B89.5",
            "count": 300,
            "created_time": "2024-09-11T19:39:17.395706Z",
            "yes_price": 50,
            "no_price": 50,
            "taker_side": "no"
        },
        {
            "trade_id": "2fc0e8cd-da4c-4f40-b8f9-0a1e96474446",
            "ticker": "HIGHMIA-24SEP11-B89.5",
            "count": 1,
            "created_time": "2024-09-11T02:44:35.79918Z",
            "yes_price": 48,
            "no_price": 52,
            "taker_side": "no"
        },
        {
            "trade_id": "851c65fe-c086-412b-95f0-129b34e649ad",
            "ticker": "HIGHMIA-24SEP11-B89.5",
            "count": 60,
            "created_time": "2024-09-11T02:08:18.356549Z",
            "yes_price": 54,
            "no_price": 46,
            "taker_side": "yes"
        },
        {
            "trade_id": "64869be7-facb-4b34-bbd5-27f57ff686e8",
            "ticker": "HIGHMIA-24SEP11-B89.5",
            "count": 20,
            "created_time": "2024-09-11T02:08:18.356549Z",
            "yes_price": 54,
            "no_price": 46,
            "taker_side": "yes"
        },
        {
            "trade_id": "06c87271-bbf6-485d-8480-82ab7134a1ed",
            "ticker": "HIGHMIA-24SEP11-B89.5",
            "count": 9,
            "created_time": "2024-09-11T02:08:18.356549Z",
            "yes_price": 57,
            "no_price": 43,
            "taker_side": "yes"
        },
        {
            "trade_id": "d175fbd2-1508-4622-b312-29812531cb88",
            "ticker": "HIGHMIA-24SEP11-B89.5",
            "count": 200,
            "created_time": "2024-09-11T01:51:23.774119Z",
            "yes_price": 48,
            "no_price": 52,
            "taker_side": "yes"
        },
        {
            "trade_id": "5ab25deb-a6cf-49ee-bc0b-c79a08062745",
            "ticker": "HIGHMIA-24SEP11-B89.5",
            "count": 200,
            "created_time": "2024-09-11T01:51:23.774119Z",
            "yes_price": 50,
            "no_price": 50,
            "taker_side": "yes"
        },
        {
            "trade_id": "5a8eb62b-a0ef-4699-989b-ad23beb1b0a3",
            "ticker": "HIGHMIA-24SEP11-B89.5",
            "count": 1,
            "created_time": "2024-09-11T01:51:23.774119Z",
            "yes_price": 50,
            "no_price": 50,
            "taker_side": "yes"
        },
        {
            "trade_id": "1fb0edd8-e347-43fe-b9fb-2729e5d7e345",
            "ticker": "HIGHMIA-24SEP11-B89.5",
            "count": 60,
            "created_time": "2024-09-11T01:51:23.774119Z",
            "yes_price": 45,
            "no_price": 55,
            "taker_side": "yes"
        },
        {
            "trade_id": "089d4add-103b-4f1d-8f0b-fee08c1392a6",
            "ticker": "HIGHMIA-24SEP11-B89.5",
            "count": 25,
            "created_time": "2024-09-11T01:51:23.774119Z",
            "yes_price": 70,
            "no_price": 30,
            "taker_side": "yes"
        },
        {
            "trade_id": "04a0d588-d754-4af6-b26d-cb5f3701c422",
            "ticker": "HIGHMIA-24SEP11-B89.5",
            "count": 20,
            "created_time": "2024-09-11T01:12:35.17151Z",
            "yes_price": 37,
            "no_price": 63,
            "taker_side": "no"
        },
        {
            "trade_id": "b1628f2d-5de1-42cb-8fbb-33c717f77716",
            "ticker": "HIGHMIA-24SEP11-B89.5",
            "count": 80,
            "created_time": "2024-09-11T01:12:34.984106Z",
            "yes_price": 37,
            "no_price": 63,
            "taker_side": "no"
        },
        {
            "trade_id": "e1acc7a2-bdce-4936-abab-926098e29268",
            "ticker": "HIGHMIA-24SEP11-B89.5",
            "count": 20,
            "created_time": "2024-09-11T00:42:12.904921Z",
            "yes_price": 40,
            "no_price": 60,
            "taker_side": "yes"
        },
        {
            "trade_id": "ab513c80-1064-4206-86e0-4104acf767cb",
            "ticker": "HIGHMIA-24SEP11-B89.5",
            "count": 27,
            "created_time": "2024-09-11T00:42:12.904921Z",
            "yes_price": 40,
            "no_price": 60,
            "taker_side": "yes"
        },
        {
            "trade_id": "c95afe44-6df8-4256-81ae-06af993a2e29",
            "ticker": "HIGHMIA-24SEP11-B89.5",
            "count": 4,
            "created_time": "2024-09-11T00:41:35.982366Z",
            "yes_price": 40,
            "no_price": 60,
            "taker_side": "yes"
        },
        {
            "trade_id": "59552f0f-9e2f-4ff1-b8c0-c20c00e56f22",
            "ticker": "HIGHMIA-24SEP11-B89.5",
            "count": 20,
            "created_time": "2024-09-11T00:41:35.982366Z",
            "yes_price": 39,
            "no_price": 61,
            "taker_side": "yes"
        },
        {
            "trade_id": "606cbbbc-b2a3-4073-9297-0d3e37bf1d12",
            "ticker": "HIGHMIA-24SEP11-B89.5",
            "count": 26,
            "created_time": "2024-09-11T00:40:36.339883Z",
            "yes_price": 36,
            "no_price": 64,
            "taker_side": "yes"
        },
        {
            "trade_id": "f636820e-7bdd-446b-9a3f-316539831e17",
            "ticker": "HIGHMIA-24SEP11-B89.5",
            "count": 9,
            "created_time": "2024-09-11T00:01:38.104586Z",
            "yes_price": 40,
            "no_price": 60,
            "taker_side": "yes"
        },
        {
            "trade_id": "acc2631d-8377-4864-bef8-4dd2a436b1c1",
            "ticker": "HIGHMIA-24SEP11-B89.5",
            "count": 1,
            "created_time": "2024-09-11T00:01:38.104586Z",
            "yes_price": 35,
            "no_price": 65,
            "taker_side": "yes"
        },
        {
            "trade_id": "9b74d981-cc4c-4e3a-b5d3-118bfc222643",
            "ticker": "HIGHMIA-24SEP11-B89.5",
            "count": 1,
            "created_time": "2024-09-10T21:52:23.324697Z",
            "yes_price": 33,
            "no_price": 67,
            "taker_side": "no"
        },
        {
            "trade_id": "b995563d-28b5-40cb-9f34-fb9a5e8de171",
            "ticker": "HIGHMIA-24SEP11-B89.5",
            "count": 39,
            "created_time": "2024-09-10T21:34:29.467875Z",
            "yes_price": 39,
            "no_price": 61,
            "taker_side": "yes"
        },
        {
            "trade_id": "b963c636-491f-4d91-ac0e-4008f113ca26",
            "ticker": "HIGHMIA-24SEP11-B89.5",
            "count": 1,
            "created_time": "2024-09-10T18:32:09.719252Z",
            "yes_price": 41,
            "no_price": 59,
            "taker_side": "no"
        },
        {
            "trade_id": "5a3d9860-b397-4893-b94c-f3db8f6e275e",
            "ticker": "HIGHMIA-24SEP11-B89.5",
            "count": 80,
            "created_time": "2024-09-10T18:31:11.375424Z",
            "yes_price": 50,
            "no_price": 50,
            "taker_side": "yes"
        },
        {
            "trade_id": "097691c1-c28c-48a0-a1fb-de2a37c94ad6",
            "ticker": "HIGHMIA-24SEP11-B89.5",
            "count": 20,
            "created_time": "2024-09-10T18:31:11.375424Z",
            "yes_price": 47,
            "no_price": 53,
            "taker_side": "yes"
        },
        {
            "trade_id": "c2d93cea-b946-4fbd-8fc1-b66311292b3c",
            "ticker": "HIGHMIA-24SEP11-B89.5",
            "count": 84,
            "created_time": "2024-09-10T17:08:50.981957Z",
            "yes_price": 60,
            "no_price": 40,
            "taker_side": "yes"
        },
        {
            "trade_id": "b0b4df2d-bc16-403f-a099-a142de58c230",
            "ticker": "HIGHMIA-24SEP11-B89.5",
            "count": 300,
            "created_time": "2024-09-10T15:37:23.405942Z",
            "yes_price": 45,
            "no_price": 55,
            "taker_side": "no"
        },
        {
            "trade_id": "79e6f39a-e997-4b0c-ad32-35531f47e881",
            "ticker": "HIGHMIA-24SEP11-B89.5",
            "count": 20,
            "created_time": "2024-09-10T15:37:23.405942Z",
            "yes_price": 30,
            "no_price": 70,
            "taker_side": "no"
        },
        {
            "trade_id": "4eaac031-d1ce-4527-b448-cef98c2b69c4",
            "ticker": "HIGHMIA-24SEP11-B89.5",
            "count": 1,
            "created_time": "2024-09-10T15:37:23.405942Z",
            "yes_price": 33,
            "no_price": 67,
            "taker_side": "no"
        },
        {
            "trade_id": "1fd3a9e0-4fdb-4acd-bad1-26c36c305587",
            "ticker": "HIGHMIA-24SEP11-B89.5",
            "count": 100,
            "created_time": "2024-09-10T15:37:23.405942Z",
            "yes_price": 35,
            "no_price": 65,
            "taker_side": "no"
        },
        {
            "trade_id": "eeddc80d-b59e-4589-8b2f-d7afc0cd9f53",
            "ticker": "HIGHMIA-24SEP11-B89.5",
            "count": 22,
            "created_time": "2024-09-10T15:08:05.87546Z",
            "yes_price": 53,
            "no_price": 47,
            "taker_side": "yes"
        },
        {
            "trade_id": "257620ea-a3c9-48bb-aba0-bdc2f4b523e9",
            "ticker": "HIGHMIA-24SEP11-B89.5",
            "count": 40,
            "created_time": "2024-09-10T15:08:05.87546Z",
            "yes_price": 53,
            "no_price": 47,
            "taker_side": "yes"
        },
        {
            "trade_id": "71754c95-9266-45f9-a523-e573848de688",
            "ticker": "HIGHMIA-24SEP11-B89.5",
            "count": 10,
            "created_time": "2024-09-10T14:21:29.66081Z",
            "yes_price": 45,
            "no_price": 55,
            "taker_side": "yes"
        },
        {
            "trade_id": "6dee7828-fdcb-48a8-9336-e1a8d566b815",
            "ticker": "HIGHMIA-24SEP11-B89.5",
            "count": 190,
            "created_time": "2024-09-10T14:21:20.891119Z",
            "yes_price": 45,
            "no_price": 55,
            "taker_side": "yes"
        },
        {
            "trade_id": "3810ea31-3042-4406-8fdc-efee2f4648c6",
            "ticker": "HIGHMIA-24SEP11-B89.5",
            "count": 60,
            "created_time": "2024-09-10T14:21:20.891119Z",
            "yes_price": 40,
            "no_price": 60,
            "taker_side": "yes"
        },
        {
            "trade_id": "1fe524b7-523b-443d-86c3-2d7a5fbec1eb",
            "ticker": "HIGHMIA-24SEP11-B89.5",
            "count": 200,
            "created_time": "2024-09-10T14:21:20.891119Z",
            "yes_price": 44,
            "no_price": 56,
            "taker_side": "yes"
        },
        {
            "trade_id": "f75227a9-c954-4f78-8586-0a45139ea3a4",
            "ticker": "HIGHMIA-24SEP11-B89.5",
            "count": 200,
            "created_time": "2024-09-10T14:18:42.078845Z",
            "yes_price": 38,
            "no_price": 62,
            "taker_side": "yes"
        },
        {
            "trade_id": "d893a969-b932-40da-9090-9e66e7798f52",
            "ticker": "HIGHMIA-24SEP11-B89.5",
            "count": 20,
            "created_time": "2024-09-10T14:18:42.078845Z",
            "yes_price": 34,
            "no_price": 66,
            "taker_side": "yes"
        },
        {
            "trade_id": "94740cbc-fa86-4bef-8779-d60c07c316cd",
            "ticker": "HIGHMIA-24SEP11-B89.5",
            "count": 1,
            "created_time": "2024-09-10T14:18:42.078845Z",
            "yes_price": 33,
            "no_price": 67,
            "taker_side": "yes"
        },
        {
            "trade_id": "51025745-dd6c-4b1e-a360-4a0d68b6c462",
            "ticker": "HIGHMIA-24SEP11-B89.5",
            "count": 200,
            "created_time": "2024-09-10T14:18:42.078845Z",
            "yes_price": 36,
            "no_price": 64,
            "taker_side": "yes"
        }
    ],
    "HIGHMIA-24SEP11-B91.5": [
        {
            "trade_id": "cf922dce-5cb3-4617-8e1d-2667cc4ef26f",
            "ticker": "HIGHMIA-24SEP11-B91.5",
            "count": 93,
            "created_time": "2024-09-12T02:59:32.779027Z",
            "yes_price": 1,
            "no_price": 99,
            "taker_side": "yes"
        },
        {
            "trade_id": "469cf75f-752e-4dfd-ba49-64726df93e1b",
            "ticker": "HIGHMIA-24SEP11-B91.5",
            "count": 9,
            "created_time": "2024-09-11T21:38:43.855301Z",
            "yes_price": 1,
            "no_price": 99,
            "taker_side": "no"
        },
        {
            "trade_id": "361ff3f6-e857-4e18-92ae-71947f9f958e",
            "ticker": "HIGHMIA-24SEP11-B91.5",
            "count": 41,
            "created_time": "2024-09-11T20:59:36.782028Z",
            "yes_price": 1,
            "no_price": 99,
            "taker_side": "no"
        },
        {
            "trade_id": "505de93a-e878-4de6-ba2b-04229cdcc7d9",
            "ticker": "HIGHMIA-24SEP11-B91.5",
            "count": 13,
            "created_time": "2024-09-11T20:15:16.336174Z",
            "yes_price": 10,
            "no_price": 90,
            "taker_side": "yes"
        },
        {
            "trade_id": "c95ba21e-641b-42f7-8953-3c60a1f110dc",
            "ticker": "HIGHMIA-24SEP11-B91.5",
            "count": 1,
            "created_time": "2024-09-11T20:12:13.014913Z",
            "yes_price": 50,
            "no_price": 50,
            "taker_side": "no"
        },
        {
            "trade_id": "68ba0942-764b-419c-a3ff-5193557098a0",
            "ticker": "HIGHMIA-24SEP11-B91.5",
            "count": 20,
            "created_time": "2024-09-11T20:05:46.983693Z",
            "yes_price": 50,
            "no_price": 50,
            "taker_side": "no"
        },
        {
            "trade_id": "dd7688b8-fc7e-45aa-968f-f1b25e60d6e4",
            "ticker": "HIGHMIA-24SEP11-B91.5",
            "count": 1,
            "created_time": "2024-09-11T19:45:17.507305Z",
            "yes_price": 42,
            "no_price": 58,
            "taker_side": "no"
        },
        {
            "trade_id": "11503e87-9ecc-4f32-907d-3a919034c8e8",
            "ticker": "HIGHMIA-24SEP11-B91.5",
            "count": 20,
            "created_time": "2024-09-11T19:19:36.247355Z",
            "yes_price": 40,
            "no_price": 60,
            "taker_side": "no"
        },
        {
            "trade_id": "098e5ccc-3ad4-46a2-accd-26d1b1439240",
            "ticker": "HIGHMIA-24SEP11-B91.5",
            "count": 781,
            "created_time": "2024-09-11T18:47:35.375043Z",
            "yes_price": 3,
            "no_price": 97,
            "taker_side": "no"
        },
        {
            "trade_id": "6f198921-668b-483f-a667-c97c5564cca2",
            "ticker": "HIGHMIA-24SEP11-B91.5",
            "count": 1,
            "created_time": "2024-09-11T18:36:20.073245Z",
            "yes_price": 3,
            "no_price": 97,
            "taker_side": "no"
        },
        {
            "trade_id": "5fe19cc2-b6d2-4820-8ce3-c97a90224f8c",
            "ticker": "HIGHMIA-24SEP11-B91.5",
            "count": 1,
            "created_time": "2024-09-11T16:56:47.272273Z",
            "yes_price": 42,
            "no_price": 58,
            "taker_side": "no"
        },
        {
            "trade_id": "b2afbbe4-b01f-4b51-ad48-73ca9cc3226f",
            "ticker": "HIGHMIA-24SEP11-B91.5",
            "count": 1,
            "created_time": "2024-09-11T14:04:09.676739Z",
            "yes_price": 44,
            "no_price": 56,
            "taker_side": "yes"
        },
        {
            "trade_id": "2748b664-9fa8-4e53-9370-e15d3f90e808",
            "ticker": "HIGHMIA-24SEP11-B91.5",
            "count": 200,
            "created_time": "2024-09-11T14:04:09.676739Z",
            "yes_price": 45,
            "no_price": 55,
            "taker_side": "yes"
        },
        {
            "trade_id": "a588dceb-879f-4bb3-9ae7-bf08b552efcf",
            "ticker": "HIGHMIA-24SEP11-B91.5",
            "count": 1,
            "created_time": "2024-09-11T12:00:12.361801Z",
            "yes_price": 33,
            "no_price": 67,
            "taker_side": "no"
        },
        {
            "trade_id": "ce8e6165-b016-4fbb-8e0a-b5a9350a765f",
            "ticker": "HIGHMIA-24SEP11-B91.5",
            "count": 20,
            "created_time": "2024-09-11T02:08:18.497369Z",
            "yes_price": 40,
            "no_price": 60,
            "taker_side": "no"
        },
        {
            "trade_id": "7360ce70-0ac8-4210-be54-00c620766cac",
            "ticker": "HIGHMIA-24SEP11-B91.5",
            "count": 20,
            "created_time": "2024-09-11T01:12:35.16289Z",
            "yes_price": 56,
            "no_price": 44,
            "taker_side": "no"
        },
        {
            "trade_id": "d7b903ce-c56a-4647-a2ce-ad2b18c994bb",
            "ticker": "HIGHMIA-24SEP11-B91.5",
            "count": 80,
            "created_time": "2024-09-11T00:48:10.050965Z",
            "yes_price": 57,
            "no_price": 43,
            "taker_side": "yes"
        },
        {
            "trade_id": "5c7b7db7-4a29-457a-9d80-1a3892843c2b",
            "ticker": "HIGHMIA-24SEP11-B91.5",
            "count": 27,
            "created_time": "2024-09-11T00:42:13.036689Z",
            "yes_price": 52,
            "no_price": 48,
            "taker_side": "no"
        },
        {
            "trade_id": "5a972cff-9312-4ca1-93b9-05f3acf3cbbd",
            "ticker": "HIGHMIA-24SEP11-B91.5",
            "count": 20,
            "created_time": "2024-09-11T00:41:36.115687Z",
            "yes_price": 53,
            "no_price": 47,
            "taker_side": "no"
        },
        {
            "trade_id": "c4eb59cb-fb59-403a-b1f0-56cc4ce6081e",
            "ticker": "HIGHMIA-24SEP11-B91.5",
            "count": 80,
            "created_time": "2024-09-10T23:12:20.575461Z",
            "yes_price": 48,
            "no_price": 52,
            "taker_side": "yes"
        },
        {
            "trade_id": "79b98723-3a11-4623-bcaf-b5497134d71d",
            "ticker": "HIGHMIA-24SEP11-B91.5",
            "count": 80,
            "created_time": "2024-09-10T23:12:11.183656Z",
            "yes_price": 49,
            "no_price": 51,
            "taker_side": "yes"
        },
        {
            "trade_id": "b2b86fee-a0a9-4221-acaf-ef27c597401f",
            "ticker": "HIGHMIA-24SEP11-B91.5",
            "count": 100,
            "created_time": "2024-09-10T23:12:01.069235Z",
            "yes_price": 50,
            "no_price": 50,
            "taker_side": "yes"
        },
        {
            "trade_id": "91924fd2-839f-42b9-8c76-902cf6a5efe0",
            "ticker": "HIGHMIA-24SEP11-B91.5",
            "count": 40,
            "created_time": "2024-09-10T23:11:52.697993Z",
            "yes_price": 52,
            "no_price": 48,
            "taker_side": "no"
        },
        {
            "trade_id": "d34b8dcf-2eed-41b2-aae5-f6cebeb6eab4",
            "ticker": "HIGHMIA-24SEP11-B91.5",
            "count": 200,
            "created_time": "2024-09-10T21:52:23.202574Z",
            "yes_price": 61,
            "no_price": 39,
            "taker_side": "yes"
        },
        {
            "trade_id": "8a0dcc4b-ba41-48d6-b736-511744d11f56",
            "ticker": "HIGHMIA-24SEP11-B91.5",
            "count": 20,
            "created_time": "2024-09-10T21:52:23.202574Z",
            "yes_price": 59,
            "no_price": 41,
            "taker_side": "yes"
        },
        {
            "trade_id": "7d2b0803-cd84-4ad9-9a3a-86c1af3da8e4",
            "ticker": "HIGHMIA-24SEP11-B91.5",
            "count": 22,
            "created_time": "2024-09-10T21:52:23.202574Z",
            "yes_price": 61,
            "no_price": 39,
            "taker_side": "yes"
        },
        {
            "trade_id": "3ebe9e14-4531-4995-9634-55f1b217b995",
            "ticker": "HIGHMIA-24SEP11-B91.5",
            "count": 84,
            "created_time": "2024-09-10T21:52:23.202574Z",
            "yes_price": 61,
            "no_price": 39,
            "taker_side": "yes"
        },
        {
            "trade_id": "33954ab1-f3fe-410c-ac2b-5ba6f25eea0a",
            "ticker": "HIGHMIA-24SEP11-B91.5",
            "count": 1,
            "created_time": "2024-09-10T21:52:23.202574Z",
            "yes_price": 59,
            "no_price": 41,
            "taker_side": "yes"
        },
        {
            "trade_id": "d3261457-fcdf-42cf-ac30-cf68881b0c54",
            "ticker": "HIGHMIA-24SEP11-B91.5",
            "count": 84,
            "created_time": "2024-09-10T21:08:44.597936Z",
            "yes_price": 51,
            "no_price": 49,
            "taker_side": "yes"
        },
        {
            "trade_id": "76e7c342-3638-418f-bafa-df32c924e479",
            "ticker": "HIGHMIA-24SEP11-B91.5",
            "count": 200,
            "created_time": "2024-09-10T21:08:44.597936Z",
            "yes_price": 57,
            "no_price": 43,
            "taker_side": "yes"
        },
        {
            "trade_id": "46788a02-7c56-430b-9b27-7a2dc6a5ea57",
            "ticker": "HIGHMIA-24SEP11-B91.5",
            "count": 60,
            "created_time": "2024-09-10T21:08:44.597936Z",
            "yes_price": 55,
            "no_price": 45,
            "taker_side": "yes"
        },
        {
            "trade_id": "cbb43bfa-1d01-44aa-900c-010410427579",
            "ticker": "HIGHMIA-24SEP11-B91.5",
            "count": 1,
            "created_time": "2024-09-10T18:32:09.749056Z",
            "yes_price": 43,
            "no_price": 57,
            "taker_side": "no"
        },
        {
            "trade_id": "af19cf81-840b-4e1d-a2c0-65d8a07e5ef8",
            "ticker": "HIGHMIA-24SEP11-B91.5",
            "count": 80,
            "created_time": "2024-09-10T17:32:12.766918Z",
            "yes_price": 39,
            "no_price": 61,
            "taker_side": "yes"
        },
        {
            "trade_id": "8bef65dd-8691-4e18-b4cc-0819732e954e",
            "ticker": "HIGHMIA-24SEP11-B91.5",
            "count": 200,
            "created_time": "2024-09-10T17:32:12.766918Z",
            "yes_price": 41,
            "no_price": 59,
            "taker_side": "yes"
        },
        {
            "trade_id": "55254f37-f540-44b7-8143-23273108c464",
            "ticker": "HIGHMIA-24SEP11-B91.5",
            "count": 200,
            "created_time": "2024-09-10T17:32:12.766918Z",
            "yes_price": 44,
            "no_price": 56,
            "taker_side": "yes"
        },
        {
            "trade_id": "c8c9838a-5137-445b-a485-5693c59f30cd",
            "ticker": "HIGHMIA-24SEP11-B91.5",
            "count": 200,
            "created_time": "2024-09-10T17:31:25.960286Z",
            "yes_price": 36,
            "no_price": 64,
            "taker_side": "yes"
        },
        {
            "trade_id": "598defb6-d7c2-4e71-a957-a6efda14266e",
            "ticker": "HIGHMIA-24SEP11-B91.5",
            "count": 100,
            "created_time": "2024-09-10T17:31:25.960286Z",
            "yes_price": 34,
            "no_price": 66,
            "taker_side": "yes"
        },
        {
            "trade_id": "58b5ce37-84ec-4e9c-8f66-e3ff6ffd1a76",
            "ticker": "HIGHMIA-24SEP11-B91.5",
            "count": 1,
            "created_time": "2024-09-10T17:31:25.960286Z",
            "yes_price": 33,
            "no_price": 67,
            "taker_side": "yes"
        },
        {
            "trade_id": "3c6aaef7-1642-4149-819b-9f5bbfdebfaa",
            "ticker": "HIGHMIA-24SEP11-B91.5",
            "count": 200,
            "created_time": "2024-09-10T17:31:25.960286Z",
            "yes_price": 38,
            "no_price": 62,
            "taker_side": "yes"
        },
        {
            "trade_id": "f253bc7c-0b1e-4b37-9e40-e222da063ef4",
            "ticker": "HIGHMIA-24SEP11-B91.5",
            "count": 1,
            "created_time": "2024-09-10T17:30:30.599367Z",
            "yes_price": 26,
            "no_price": 74,
            "taker_side": "no"
        },
        {
            "trade_id": "5a8d861a-1335-461e-84aa-fc2cfad56475",
            "ticker": "HIGHMIA-24SEP11-B91.5",
            "count": 4,
            "created_time": "2024-09-10T14:16:36.698755Z",
            "yes_price": 41,
            "no_price": 59,
            "taker_side": "yes"
        },
        {
            "trade_id": "03065a1f-f4d8-463a-985a-849e38dcfbd4",
            "ticker": "HIGHMIA-24SEP11-B91.5",
            "count": 80,
            "created_time": "2024-09-10T14:16:36.679782Z",
            "yes_price": 41,
            "no_price": 59,
            "taker_side": "yes"
        }
    ],
    "HIGHMIA-24SEP11-T92": [
        {
            "trade_id": "249e33fb-3c6a-41bf-bc47-8718cfd19bdb",
            "ticker": "HIGHMIA-24SEP11-T92",
            "count": 30,
            "created_time": "2024-09-11T16:56:51.162266Z",
            "yes_price": 1,
            "no_price": 99,
            "taker_side": "no"
        },
        {
            "trade_id": "baf4cadc-d2db-42cf-a158-a92736edb075",
            "ticker": "HIGHMIA-24SEP11-T92",
            "count": 20,
            "created_time": "2024-09-11T02:08:18.48089Z",
            "yes_price": 1,
            "no_price": 99,
            "taker_side": "no"
        },
        {
            "trade_id": "d9c5cca7-99f9-4505-b840-25b480fee56b",
            "ticker": "HIGHMIA-24SEP11-T92",
            "count": 20,
            "created_time": "2024-09-11T01:12:35.1727Z",
            "yes_price": 3,
            "no_price": 97,
            "taker_side": "no"
        },
        {
            "trade_id": "4a3ebab4-1c39-428d-a3e5-114651531d54",
            "ticker": "HIGHMIA-24SEP11-T92",
            "count": 27,
            "created_time": "2024-09-11T00:42:13.008665Z",
            "yes_price": 2,
            "no_price": 98,
            "taker_side": "no"
        },
        {
            "trade_id": "1cd4d60f-1522-4ac0-9409-239b3aa2aca4",
            "ticker": "HIGHMIA-24SEP11-T92",
            "count": 20,
            "created_time": "2024-09-11T00:41:36.106706Z",
            "yes_price": 2,
            "no_price": 98,
            "taker_side": "no"
        },
        {
            "trade_id": "7c94d96e-85e7-4347-a2b0-378e6cddd240",
            "ticker": "HIGHMIA-24SEP11-T92",
            "count": 1,
            "created_time": "2024-09-10T21:52:23.348738Z",
            "yes_price": 7,
            "no_price": 93,
            "taker_side": "no"
        },
        {
            "trade_id": "65fdfab9-cf01-4670-8601-f6438e685276",
            "ticker": "HIGHMIA-24SEP11-T92",
            "count": 1,
            "created_time": "2024-09-10T18:35:27.110858Z",
            "yes_price": 9,
            "no_price": 91,
            "taker_side": "yes"
        },
        {
            "trade_id": "323a79ed-57ef-4cd8-b924-ec81d44bfe47",
            "ticker": "HIGHMIA-24SEP11-T92",
            "count": 1,
            "created_time": "2024-09-10T18:32:09.756437Z",
            "yes_price": 9,
            "no_price": 91,
            "taker_side": "no"
        },
        {
            "trade_id": "8dff6123-5de4-4d3e-88d9-ad2e65a827bc",
            "ticker": "HIGHMIA-24SEP11-T92",
            "count": 84,
            "created_time": "2024-09-10T14:16:36.767221Z",
            "yes_price": 12,
            "no_price": 88,
            "taker_side": "yes"
        },
        {
            "trade_id": "3b08a75c-0cca-4a64-ac79-86cc8076f4ef",
            "ticker": "HIGHMIA-24SEP11-T92",
            "count": 1,
            "created_time": "2024-09-10T14:16:36.75261Z",
            "yes_price": 11,
            "no_price": 89,
            "taker_side": "yes"
        }
    ]
}