{
    "KXHIGHMIA-24NOV06-T81": [
        {
            "trade_id": "c6f4a559-3419-465b-a6cb-d09004ac0839",
            "ticker": "KXHIGHMIA-24NOV06-T81",
            "count": 1,
            "created_time": "2024-11-06T15:19:45.523773Z",
            "yes_price": 1,
            "no_price": 99,
            "taker_side": "yes"
        },
        {
            "trade_id": "e4af9290-08f5-4095-ac76-db48e1b5d112",
            "ticker": "KXHIGHMIA-24NOV06-T81",
            "count": 9,
            "created_time": "2024-11-06T12:05:07.211764Z",
            "yes_price": 3,
            "no_price": 97,
            "taker_side": "yes"
        },
        {
            "trade_id": "d4d15b32-a4f4-4113-a1c7-bf830d4d2ae9",
            "ticker": "KXHIGHMIA-24NOV06-T81",
            "count": 16,
            "created_time": "2024-11-06T12:05:07.211764Z",
            "yes_price": 4,
            "no_price": 96,
            "taker_side": "yes"
        },
        {
            "trade_id": "3de87c6d-bbd6-4851-a507-0f7f8beb683f",
            "ticker": "KXHIGHMIA-24NOV06-T81",
            "count": 21,
            "created_time": "2024-11-06T07:30:33.760715Z",
            "yes_price": 1,
            "no_price": 99,
            "taker_side": "no"
        },
        {
            "trade_id": "7082076b-106d-44f3-9b28-9324f8d946a1",
            "ticker": "KXHIGHMIA-24NOV06-T81",
            "count": 5,
            "created_time": "2024-11-06T06:28:55.323156Z",
            "yes_price": 2,
            "no_price": 98,
            "taker_side": "no"
        },
        {
            "trade_id": "fade6cbc-2dda-4e12-807e-049affb0e3ac",
            "ticker": "KXHIGHMIA-24NOV06-T81",
            "count": 5,
            "created_time": "2024-11-06T05:59:18.394825Z",
            "yes_price": 2,
            "no_price": 98,
            "taker_side": "no"
        },
        {
            "trade_id": "160d17c4-3659-4730-b7b7-6a7dcb99f43b",
            "ticker": "KXHIGHMIA-24NOV06-T81",
            "count": 1,
            "created_time": "2024-11-06T05:20:11.256351Z",
            "yes_price": 2,
            "no_price": 98,
            "taker_side": "no"
        },
        {
            "trade_id": "cc1d0591-2d72-4575-a6da-7c1408909869",
            "ticker": "KXHIGHMIA-24NOV06-T81",
            "count": 5,
            "created_time": "2024-11-06T05:06:38.237087Z",
            "yes_price": 1,
            "no_price": 99,
            "taker_side": "no"
        },
        {
            "trade_id": "8f7802ce-403e-4ad2-8ad6-ff1c8c902c42",
            "ticker": "KXHIGHMIA-24NOV06-T81",
            "count": 5,
            "created_time": "2024-11-06T05:05:58.924874Z",
            "yes_price": 2,
            "no_price": 98,
            "taker_side": "no"
        },
        {
            "trade_id": "16b25777-0fb6-4640-acb3-c083c997c14d",
            "ticker": "KXHIGHMIA-24NOV06-T81",
            "count": 12,
            "created_time": "2024-11-05T15:42:08.541164Z",
            "yes_price": 1,
            "no_price": 99,
            "taker_side": "no"
        },
        {
            "trade_id": "a212c1f5-fd5d-4cd5-ab43-9b97f74399a4",
            "ticker": "KXHIGHMIA-24NOV06-T81",
            "count": 12,
            "created_time": "2024-11-05T15:42:08.306947Z",
            "yes_price": 1,
            "no_price": 99,
            "taker_side": "no"
        }
    ],
    "KXHIGHMIA-24NOV06-B81.5": [
        {
            "trade_id": "1cf22096-05e1-4a5e-9c05-d9fe5cd78cda",
            "ticker": "KXHIGHMIA-24NOV06-B81.5",
            "count": 1,
            "created_time": "2024-11-07T04:28:11.695094Z",
            "yes_price": 1,
            "no_price": 99,
            "taker_side": "yes"
        },
        {
            "trade_id": "d5f5931e-b792-4044-9f89-03193cc257b0",
            "ticker": "KXHIGHMIA-24NOV06-B81.5",
            "count": 467,
            "created_time": "2024-11-07T04:09:04.585015Z",
            "yes_price": 1,
            "no_price": 99,
            "taker_side": "yes"
        },
        {
            "trade_id": "d3a40a4c-edb6-41f6-8efd-8ff3d52d02c5",
            "ticker": "KXHIGHMIA-24NOV06-B81.5",
            "count": 935,
            "created_time": "2024-11-07T04:05:11.163794Z",
            "yes_price": 1,
            "no_price": 99,
            "taker_side": "yes"
        },
        {
            "trade_id": "abd557c0-b3ec-4951-b29e-2bf4366d74ca",
            "ticker": "KXHIGHMIA-24NOV06-B81.5",
            "count": 280,
            "created_time": "2024-11-07T04:02:54.122095Z",
            "yes_price": 1,
            "no_price": 99,
            "taker_side": "yes"
        },
        {
            "trade_id": "c27f83b8-c358-420c-a45f-78076127d8fc",
            "ticker": "KXHIGHMIA-24NOV06-B81.5",
            "count": 3740,
            "created_time": "2024-11-07T03:43:03.563345Z",
            "yes_price": 1,
            "no_price": 99,
            "taker_side": "yes"
        },
        {
            "trade_id": "63c37d07-b7b2-480a-9333-a0033a9fb686",
            "ticker": "KXHIGHMIA-24NOV06-B81.5",
            "count": 93,
            "created_time": "2024-11-07T03:30:50.990373Z",
            "yes_price": 1,
            "no_price": 99,
            "taker_side": "yes"
        },
        {
            "trade_id": "67681fb4-2a23-4b7c-bbfa-d55fa488e3b3",
            "ticker": "KXHIGHMIA-24NOV06-B81.5",
            "count": 935,
            "created_time": "2024-11-07T01:23:30.238255Z",
            "yes_price": 1,
            "no_price": 99,
            "taker_side": "yes"
        },
        {
            "trade_id": "5d6e0486-a6cb-45ea-b8fe-a429724ebf97",
            "ticker": "KXHIGHMIA-24NOV06-B81.5",
            "count": 93,
            "created_time": "2024-11-06T21:52:37.778548Z",
            "yes_price": 1,
            "no_price": 99,
            "taker_side": "yes"
        },
        {
            "trade_id": "5b89698b-ef8f-4fa6-b32f-75fa1bf00d98",
            "ticker": "KXHIGHMIA-24NOV06-B81.5",
            "count": 93,
            "created_time": "2024-11-06T21:31:48.786707Z",
            "yes_price": 1,
            "no_price": 99,
            "taker_side": "yes"
        },
        {
            "trade_id": "ddba635c-0733-423f-9dd0-a01da272a348",
            "ticker": "KXHIGHMIA-24NOV06-B81.5",
            "count": 600,
            "created_time": "2024-11-06T20:06:05.700932Z",
            "yes_price": 1,
            "no_price": 99,
            "taker_side": "yes"
        },
        {
            "trade_id": "5a459d16-9dfa-438f-bf33-394710a6c947",
            "ticker": "KXHIGHMIA-24NOV06-B81.5",
            "count": 500,
            "created_time": "2024-11-06T16:47:26.632257Z",
            "yes_price": 1,
            "no_price": 99,
            "taker_side": "yes"
        },
        {
            "trade_id": "439988f6-e1dc-4db2-9225-6dd0871b1334",
            "ticker": "KXHIGHMIA-24NOV06-B81.5",
            "count": 1,
            "created_time": "2024-11-06T13:37:46.846981Z",
            "yes_price": 1,
            "no_price": 99,
            "taker_side": "no"
        },
        {
            "trade_id": "c9439ed5-d8ae-46b7-853d-c3e99a64214e",
            "ticker": "KXHIGHMIA-24NOV06-B81.5",
            "count": 40,
            "created_time": "2024-11-06T13:37:45.420415Z",
            "yes_price": 1,
            "no_price": 99,
            "taker_side": "no"
        },
        {
            "trade_id": "6edc45a3-c88a-4e62-9cf9-cb8757c99516",
            "ticker": "KXHIGHMIA-24NOV06-B81.5",
            "count": 80,
            "created_time": "2024-11-06T13:37:45.420415Z",
            "yes_price": 1,
            "no_price": 99,
            "taker_side": "no"
        },
        {
            "trade_id": "5f70d419-aff4-4a89-861a-27ced0a4b3bb",
            "ticker": "KXHIGHMIA-24NOV06-B81.5",
            "count": 45,
            "created_time": "2024-11-06T13:37:45.420415Z",
            "yes_price": 1,
            "no_price": 99,
            "taker_side": "no"
        },
        {
            "trade_id": "5ee1bd2f-5989-4419-a7bd-32ac7b72d809",
            "ticker": "KXHIGHMIA-24NOV06-B81.5",
            "count": 35,
            "created_time": "2024-11-06T13:37:45.420415Z",
            "yes_price": 1,
            "no_price": 99,
            "taker_side": "no"
        },
        {
            "trade_id": "cdf02cab-8d00-47a7-8efe-474067a2330d",
            "ticker": "KXHIGHMIA-24NOV06-B81.5",
            "count": 1,
            "created_time": "2024-11-06T13:37:39.044561Z",
            "yes_price": 1,
            "no_price": 99,
            "taker_side": "no"
        },
        {
            "trade_id": "11a5ee96-0e9a-4bcd-b993-41c0c9dbfc62",
            "ticker": "KXHIGHMIA-24NOV06-B81.5",
            "count": 1,
            "created_time": "2024-11-06T13:37:22.898672Z",
            "yes_price": 1,
            "no_price": 99,
            "taker_side": "no"
        },
        {
            "trade_id": "0a36eba2-575c-4386-a9c9-7e3dfd8a10bf",
            "ticker": "KXHIGHMIA-24NOV06-B81.5",
            "count": 4,
            "created_time": "2024-11-06T13:37:22.898672Z",
            "yes_price": 1,
            "no_price": 99,
            "taker_side": "no"
        },
        {
            "trade_id": "b7b128cc-ac0f-4ddf-bef0-ae3c26f01bc8",
            "ticker": "KXHIGHMIA-24NOV06-B81.5",
            "count": 4,
            "created_time": "2024-11-06T13:37:15.833565Z",
            "yes_price": 2,
            "no_price": 98,
            "taker_side": "no"
        },
        {
            "trade_id": "4f045ce3-0149-4e80-8da9-d1ecfae55a04",
            "ticker": "KXHIGHMIA-24NOV06-B81.5",
            "count": 9,
            "created_time": "2024-11-06T13:37:15.473079Z",
            "yes_price": 2,
            "no_price": 98,
            "taker_side": "no"
        },
        {
            "trade_id": "230faf90-1b51-4651-9e58-8ffc810cbd74",
            "ticker": "KXHIGHMIA-24NOV06-B81.5",
            "count": 2,
            "created_time": "2024-11-06T13:37:02.754445Z",
            "yes_price": 2,
            "no_price": 98,
            "taker_side": "no"
        },
        {
            "trade_id": "0acb89e2-3e1d-4470-bd2e-705eaf00f098",
            "ticker": "KXHIGHMIA-24NOV06-B81.5",
            "count": 11,
            "created_time": "2024-11-06T13:36:18.41204Z",
            "yes_price": 2,
            "no_price": 98,
            "taker_side": "no"
        },
        {
            "trade_id": "da580225-0ed9-4747-925a-90a38d6861b0",
            "ticker": "KXHIGHMIA-24NOV06-B81.5",
            "count": 6,
            "created_time": "2024-11-06T13:22:38.751029Z",
            "yes_price": 1,
            "no_price": 99,
            "taker_side": "no"
        },
        {
            "trade_id": "1d34c21c-5ec8-4c72-a024-ac1e9b4fb1f3",
            "ticker": "KXHIGHMIA-24NOV06-B81.5",
            "count": 4,
            "created_time": "2024-11-06T13:20:36.115063Z",
            "yes_price": 1,
            "no_price": 99,
            "taker_side": "no"
        },
        {
            "trade_id": "b3ad7023-98a1-45da-affb-6bb654883a68",
            "ticker": "KXHIGHMIA-24NOV06-B81.5",
            "count": 31,
            "created_time": "2024-11-06T13:18:59.311417Z",
            "yes_price": 1,
            "no_price": 99,
            "taker_side": "no"
        },
        {
            "trade_id": "2c71500c-90f2-4415-a5c2-fd9c93148816",
            "ticker": "KXHIGHMIA-24NOV06-B81.5",
            "count": 11,
            "created_time": "2024-11-06T13:17:25.582291Z",
            "yes_price": 2,
            "no_price": 98,
            "taker_side": "no"
        },
        {
            "trade_id": "2173f43d-8b8e-4674-948c-47611bd77868",
            "ticker": "KXHIGHMIA-24NOV06-B81.5",
            "count": 9,
            "created_time": "2024-11-06T13:16:44.467521Z",
            "yes_price": 2,
            "no_price": 98,
            "taker_side": "no"
        },
        {
            "trade_id": "009a2a1f-a539-462c-9d8d-befde6962b70",
            "ticker": "KXHIGHMIA-24NOV06-B81.5",
            "count": 3,
            "created_time": "2024-11-06T13:16:41.151535Z",
            "yes_price": 2,
            "no_price": 98,
            "taker_side": "no"
        },
        {
            "trade_id": "0316e4a6-e987-453e-a170-a33e65edcd81",
            "ticker": "KXHIGHMIA-24NOV06-B81.5",
            "count": 3,
            "created_time": "2024-11-06T13:09:15.134091Z",
            "yes_price": 1,
            "no_price": 99,
            "taker_side": "no"
        },
        {
            "trade_id": "479e204e-af2d-4226-899e-48c8343c3acb",
            "ticker": "KXHIGHMIA-24NOV06-B81.5",
            "count": 3,
            "created_time": "2024-11-06T13:09:14.812533Z",
            "yes_price": 1,
            "no_price": 99,
            "taker_side": "no"
        },
        {
            "trade_id": "daa109a7-d707-44aa-afad-1152ad84d291",
            "ticker": "KXHIGHMIA-24NOV06-B81.5",
            "count": 41,
            "created_time": "2024-11-06T13:09:12.99336Z",
            "yes_price": 1,
            "no_price": 99,
            "taker_side": "no"
        },
        {
            "trade_id": "b040d18d-41fb-4d39-bd45-057760b2cc4f",
            "ticker": "KXHIGHMIA-24NOV06-B81.5",
            "count": 29,
            "created_time": "2024-11-06T13:09:12.99336Z",
            "yes_price": 1,
            "no_price": 99,
            "taker_side": "no"
        },
        {
            "trade_id": "abbc8572-3ce6-446f-813c-a32510971275",
            "ticker": "KXHIGHMIA-24NOV06-B81.5",
            "count": 19,
            "created_time": "2024-11-06T13:09:12.99336Z",
            "yes_price": 2,
            "no_price": 98,
            "taker_side": "no"
        },
        {
            "trade_id": "a5befbdc-f034-4494-80c4-2b83c5a22537",
            "ticker": "KXHIGHMIA-24NOV06-B81.5",
            "count": 7,
            "created_time": "2024-11-06T13:09:12.99336Z",
            "yes_price": 1,
            "no_price": 99,
            "taker_side": "no"
        },
        {
            "trade_id": "170e7d8f-a931-4be2-88a5-f019bdf055cd",
            "ticker": "KXHIGHMIA-24NOV06-B81.5",
            "count": 20,
            "created_time": "2024-11-06T13:05:09.369935Z",
            "yes_price": 4,
            "no_price": 96,
            "taker_side": "no"
        },
        {
            "trade_id": "8a29e2b2-947e-422e-9fe4-a44217e1dc08",
            "ticker": "KXHIGHMIA-24NOV06-B81.5",
            "count": 18,
            "created_time": "2024-11-06T12:59:24.094832Z",
            "yes_price": 5,
            "no_price": 95,
            "taker_side": "no"
        },
        {
            "trade_id": "7dc073c7-09e0-454e-b2dd-34cd6c62f886",
            "ticker": "KXHIGHMIA-24NOV06-B81.5",
            "count": 30,
            "created_time": "2024-11-06T12:33:09.156343Z",
            "yes_price": 31,
            "no_price": 69,
            "taker_side": "yes"
        },
        {
            "trade_id": "e81a7a57-bce8-4fb2-8290-d83f21af5237",
            "ticker": "KXHIGHMIA-24NOV06-B81.5",
            "count": 38,
            "created_time": "2024-11-06T12:06:49.263206Z",
            "yes_price": 30,
            "no_price": 70,
            "taker_side": "yes"
        },
        {
            "trade_id": "063be584-1bca-47fb-9f2b-14a7188df756",
            "ticker": "KXHIGHMIA-24NOV06-B81.5",
            "count": 7,
            "created_time": "2024-11-06T12:04:56.117177Z",
            "yes_price": 41,
            "no_price": 59,
            "taker_side": "yes"
        },
        {
            "trade_id": "e78be691-9c45-4ebe-b6dc-3112a2b19c4a",
            "ticker": "KXHIGHMIA-24NOV06-B81.5",
            "count": 38,
            "created_time": "2024-11-06T08:46:52.509728Z",
            "yes_price": 18,
            "no_price": 82,
            "taker_side": "yes"
        },
        {
            "trade_id": "a1410bda-c426-44b2-97ac-971482099b5e",
            "ticker": "KXHIGHMIA-24NOV06-B81.5",
            "count": 38,
            "created_time": "2024-11-06T08:46:52.509728Z",
            "yes_price": 18,
            "no_price": 82,
            "taker_side": "yes"
        },
        {
            "trade_id": "38cb2455-ef2e-4d16-96e6-8cae1051c365",
            "ticker": "KXHIGHMIA-24NOV06-B81.5",
            "count": 1,
            "created_time": "2024-11-06T08:46:52.509728Z",
            "yes_price": 42,
            "no_price": 58,
            "taker_side": "yes"
        },
        {
            "trade_id": "1fb7ee56-77dd-415e-8c9f-eeb0fc39ed94",
            "ticker": "KXHIGHMIA-24NOV06-B81.5",
            "count": 11,
            "created_time": "2024-11-06T08:46:52.509728Z",
            "yes_price": 41,
            "no_price": 59,
            "taker_side": "yes"
        },
        {
            "trade_id": "acc76349-c89f-48d4-a28e-031267fabb63",
            "ticker": "KXHIGHMIA-24NOV06-B81.5",
            "count": 5,
            "created_time": "2024-11-06T05:59:18.43077Z",
            "yes_price": 2,
            "no_price": 98,
            "taker_side": "no"
        },
        {
            "trade_id": "a13b0896-6a9b-4c29-84f6-354c3b6af5c1",
            "ticker": "KXHIGHMIA-24NOV06-B81.5",
            "count": 15,
            "created_time": "2024-11-06T05:48:17.916562Z",
            "yes_price": 1,
            "no_price": 99,
            "taker_side": "no"
        },
        {
            "trade_id": "9db2a779-75fd-4dba-8ba6-2d3141ff0db0",
            "ticker": "KXHIGHMIA-24NOV06-B81.5",
            "count": 98,
            "created_time": "2024-11-06T05:48:17.916562Z",
            "yes_price": 11,
            "no_price": 89,
            "taker_side": "no"
        },
        {
            "trade_id": "909ca318-67b1-45a0-9d2a-885f754e718c",
            "ticker": "KXHIGHMIA-24NOV06-B81.5",
            "count": 50,
            "created_time": "2024-11-06T05:48:17.916562Z",
            "yes_price": 1,
            "no_price": 99,
            "taker_side": "no"
        },
        {
            "trade_id": "8df1099d-d137-4836-acf2-97b64cae6abb",
            "ticker": "KXHIGHMIA-24NOV06-B81.5",
            "count": 5,
            "created_time": "2024-11-06T05:48:17.916562Z",
            "yes_price": 12,
            "no_price": 88,
            "taker_side": "no"
        },
        {
            "trade_id": "3d0b11a3-dc32-440f-849c-6c98b007da13",
            "ticker": "KXHIGHMIA-24NOV06-B81.5",
            "count": 5,
            "created_time": "2024-11-06T05:06:38.231572Z",
            "yes_price": 11,
            "no_price": 89,
            "taker_side": "no"
        },
        {
            "trade_id": "e86e8b65-52f0-4cb9-bf74-22f87903be27",
            "ticker": "KXHIGHMIA-24NOV06-B81.5",
            "count": 8,
            "created_time": "2024-11-06T05:06:09.68843Z",
            "yes_price": 16,
            "no_price": 84,
            "taker_side": "yes"
        },
        {
            "trade_id": "e4405a28-bbc1-4063-ab8c-feba8ba0be4a",
            "ticker": "KXHIGHMIA-24NOV06-B81.5",
            "count": 4,
            "created_time": "2024-11-06T05:06:09.68843Z",
            "yes_price": 42,
            "no_price": 58,
            "taker_side": "yes"
        },
        {
            "trade_id": "be02bd61-4f85-4976-8071-7bb310904deb",
            "ticker": "KXHIGHMIA-24NOV06-B81.5",
            "count": 1,
            "created_time": "2024-11-06T05:06:09.68843Z",
            "yes_price": 42,
            "no_price": 58,
            "taker_side": "yes"
        },
        {
            "trade_id": "2736fc63-70be-4884-812e-75ffb096c19d",
            "ticker": "KXHIGHMIA-24NOV06-B81.5",
            "count": 8,
            "created_time": "2024-11-06T05:06:09.68843Z",
            "yes_price": 17,
            "no_price": 83,
            "taker_side": "yes"
        },
        {
            "trade_id": "c9bf9a77-e6bf-4258-ad4a-9f78f219c984",
            "ticker": "KXHIGHMIA-24NOV06-B81.5",
            "count": 5,
            "created_time": "2024-11-06T05:05:58.91761Z",
            "yes_price": 11,
            "no_price": 89,
            "taker_side": "no"
        },
        {
            "trade_id": "d65679f3-ec27-4b08-b52b-a7c4af8a2129",
            "ticker": "KXHIGHMIA-24NOV06-B81.5",
            "count": 11,
            "created_time": "2024-11-06T03:48:54.007522Z",
            "yes_price": 11,
            "no_price": 89,
            "taker_side": "no"
        },
        {
            "trade_id": "239394bd-8869-4043-8af9-afdc6a16b81a",
            "ticker": "KXHIGHMIA-24NOV06-B81.5",
            "count": 55,
            "created_time": "2024-11-06T02:14:51.806924Z",
            "yes_price": 11,
            "no_price": 89,
            "taker_side": "no"
        },
        {
            "trade_id": "7f416132-18ca-4f85-b77d-919e9424f6da",
            "ticker": "KXHIGHMIA-24NOV06-B81.5",
            "count": 2,
            "created_time": "2024-11-05T22:54:33.425286Z",
            "yes_price": 11,
            "no_price": 89,
            "taker_side": "no"
        },
        {
            "trade_id": "79757da8-1e95-4355-be3a-41523edc1571",
            "ticker": "KXHIGHMIA-24NOV06-B81.5",
            "count": 12,
            "created_time": "2024-11-05T15:42:08.548664Z",
            "yes_price": 11,
            "no_price": 89,
            "taker_side": "no"
        },
        {
            "trade_id": "378bd106-e69d-4be0-87e1-9b10f23d2d4e",
            "ticker": "KXHIGHMIA-24NOV06-B81.5",
            "count": 12,
            "created_time": "2024-11-05T15:42:08.314612Z",
            "yes_price": 11,
            "no_price": 89,
            "taker_side": "no"
        }
    ],
    "KXHIGHMIA-24NOV06-B83.5": [
        {
            "trade_id": "9724b87d-ee4f-4495-896a-6ea6763dc907",
            "ticker": "KXHIGHMIA-24NOV06-B83.5",
            "count": 233,
            "created_time": "2024-11-07T04:08:44.146531Z",
            "yes_price": 2,
            "no_price": 98,
            "taker_side": "yes"
        },
        {
            "trade_id": "ffb6426b-d6d9-4ce4-93ca-6bee7fbdd903",
            "ticker": "KXHIGHMIA-24NOV06-B83.5",
            "count": 100,
            "created_time": "2024-11-07T03:18:52.64959Z",
            "yes_price": 2,
            "no_price": 98,
            "taker_side": "yes"
        },
        {
            "trade_id": "a9341bc3-624e-4f52-93ec-e0fd25cb9239",
            "ticker": "KXHIGHMIA-24NOV06-B83.5",
            "count": 997,
            "created_time": "2024-11-07T03:18:52.64959Z",
            "yes_price": 2,
            "no_price": 98,
            "taker_side": "yes"
        },
        {
            "trade_id": "965939fe-967c-4a24-8b6b-b8ef6058b2d5",
            "ticker": "KXHIGHMIA-24NOV06-B83.5",
            "count": 50,
            "created_time": "2024-11-07T03:18:52.64959Z",
            "yes_price": 1,
            "no_price": 99,
            "taker_side": "yes"
        },
        {
            "trade_id": "8c4c4450-5bf3-4317-83ae-3272c4fef3f5",
            "ticker": "KXHIGHMIA-24NOV06-B83.5",
            "count": 300,
            "created_time": "2024-11-07T03:18:52.64959Z",
            "yes_price": 1,
            "no_price": 99,
            "taker_side": "yes"
        },
        {
            "trade_id": "822582a6-3177-488a-aae2-d59085053a51",
            "ticker": "KXHIGHMIA-24NOV06-B83.5",
            "count": 100,
            "created_time": "2024-11-07T03:18:52.64959Z",
            "yes_price": 1,
            "no_price": 99,
            "taker_side": "yes"
        },
        {
            "trade_id": "5d7b6d76-5f22-49e8-829b-608fc4c1e798",
            "ticker": "KXHIGHMIA-24NOV06-B83.5",
            "count": 158,
            "created_time": "2024-11-07T03:18:52.64959Z",
            "yes_price": 1,
            "no_price": 99,
            "taker_side": "yes"
        },
        {
            "trade_id": "180976a0-30b1-498e-a760-88e0020e52d9",
            "ticker": "KXHIGHMIA-24NOV06-B83.5",
            "count": 813,
            "created_time": "2024-11-06T23:02:15.358706Z",
            "yes_price": 1,
            "no_price": 99,
            "taker_side": "no"
        },
        {
            "trade_id": "e30803b4-cec1-469a-817c-587e980c16c4",
            "ticker": "KXHIGHMIA-24NOV06-B83.5",
            "count": 100,
            "created_time": "2024-11-06T22:59:35.540809Z",
            "yes_price": 1,
            "no_price": 99,
            "taker_side": "no"
        },
        {
            "trade_id": "cb7daa02-2387-46bb-9ece-8c33dcb3b403",
            "ticker": "KXHIGHMIA-24NOV06-B83.5",
            "count": 200,
            "created_time": "2024-11-06T22:56:27.074409Z",
            "yes_price": 3,
            "no_price": 97,
            "taker_side": "yes"
        },
        {
            "trade_id": "8132163b-450d-4481-9a8f-d1274342b732",
            "ticker": "KXHIGHMIA-24NOV06-B83.5",
            "count": 10,
            "created_time": "2024-11-06T22:56:27.074409Z",
            "yes_price": 1,
            "no_price": 99,
            "taker_side": "yes"
        },
        {
            "trade_id": "754c6561-4c33-470e-8cee-8b2874f358db",
            "ticker": "KXHIGHMIA-24NOV06-B83.5",
            "count": 5752,
            "created_time": "2024-11-06T22:56:27.074409Z",
            "yes_price": 1,
            "no_price": 99,
            "taker_side": "yes"
        },
        {
            "trade_id": "496d9247-76fe-4ee9-b837-d5cbac7fecd8",
            "ticker": "KXHIGHMIA-24NOV06-B83.5",
            "count": 253,
            "created_time": "2024-11-06T22:56:27.074409Z",
            "yes_price": 1,
            "no_price": 99,
            "taker_side": "yes"
        },
        {
            "trade_id": "04dc0373-8d9f-40a3-8f9e-e63d730b246c",
            "ticker": "KXHIGHMIA-24NOV06-B83.5",
            "count": 913,
            "created_time": "2024-11-06T22:56:27.074409Z",
            "yes_price": 3,
            "no_price": 97,
            "taker_side": "yes"
        },
        {
            "trade_id": "f2bc132a-a49d-4e51-ae74-eadd73428ee9",
            "ticker": "KXHIGHMIA-24NOV06-B83.5",
            "count": 1000,
            "created_time": "2024-11-06T22:47:02.927268Z",
            "yes_price": 1,
            "no_price": 99,
            "taker_side": "yes"
        },
        {
            "trade_id": "e9ecccf7-dbfa-419d-bac1-106197be1c9c",
            "ticker": "KXHIGHMIA-24NOV06-B83.5",
            "count": 4675,
            "created_time": "2024-11-06T22:15:50.704255Z",
            "yes_price": 1,
            "no_price": 99,
            "taker_side": "yes"
        },
        {
            "trade_id": "ef7dea21-de56-4108-aaf9-ded66b0cb1b4",
            "ticker": "KXHIGHMIA-24NOV06-B83.5",
            "count": 93,
            "created_time": "2024-11-06T21:50:39.404463Z",
            "yes_price": 1,
            "no_price": 99,
            "taker_side": "yes"
        },
        {
            "trade_id": "e93765c8-5201-4bae-9baf-41c9020c529a",
            "ticker": "KXHIGHMIA-24NOV06-B83.5",
            "count": 1870,
            "created_time": "2024-11-06T21:22:42.077258Z",
            "yes_price": 1,
            "no_price": 99,
            "taker_side": "yes"
        },
        {
            "trade_id": "a95371fd-95c5-4002-acf3-e03ff7b9a097",
            "ticker": "KXHIGHMIA-24NOV06-B83.5",
            "count": 126,
            "created_time": "2024-11-06T20:26:32.371602Z",
            "yes_price": 1,
            "no_price": 99,
            "taker_side": "yes"
        },
        {
            "trade_id": "7fe5e9da-0187-48d2-ae90-3f05a0292ad3",
            "ticker": "KXHIGHMIA-24NOV06-B83.5",
            "count": 101,
            "created_time": "2024-11-06T19:51:40.020148Z",
            "yes_price": 1,
            "no_price": 99,
            "taker_side": "yes"
        },
        {
            "trade_id": "becb2bed-d14c-4bc9-a933-e6508f9dca65",
            "ticker": "KXHIGHMIA-24NOV06-B83.5",
            "count": 300,
            "created_time": "2024-11-06T19:38:04.481383Z",
            "yes_price": 1,
            "no_price": 99,
            "taker_side": "yes"
        },
        {
            "trade_id": "bab90892-7c30-4de5-8eb5-296a2ed917f1",
            "ticker": "KXHIGHMIA-24NOV06-B83.5",
            "count": 180,
            "created_time": "2024-11-06T19:18:50.624114Z",
            "yes_price": 1,
            "no_price": 99,
            "taker_side": "yes"
        },
        {
            "trade_id": "cc22a18d-8773-44f2-98e2-9cd121fcf8bd",
            "ticker": "KXHIGHMIA-24NOV06-B83.5",
            "count": 467,
            "created_time": "2024-11-06T19:06:17.915335Z",
            "yes_price": 1,
            "no_price": 99,
            "taker_side": "yes"
        },
        {
            "trade_id": "53afc039-bbeb-49cc-b3ff-e8ca01e8a3f2",
            "ticker": "KXHIGHMIA-24NOV06-B83.5",
            "count": 280,
            "created_time": "2024-11-06T18:45:48.551137Z",
            "yes_price": 1,
            "no_price": 99,
            "taker_side": "yes"
        },
        {
            "trade_id": "8f5eea1c-9cdc-4ffe-a3ff-2aeed3ef5519",
            "ticker": "KXHIGHMIA-24NOV06-B83.5",
            "count": 93,
            "created_time": "2024-11-06T18:13:52.255382Z",
            "yes_price": 1,
            "no_price": 99,
            "taker_side": "yes"
        },
        {
            "trade_id": "1a595769-b51f-477c-8ff9-d226df337860",
            "ticker": "KXHIGHMIA-24NOV06-B83.5",
            "count": 118,
            "created_time": "2024-11-06T17:57:04.601188Z",
            "yes_price": 1,
            "no_price": 99,
            "taker_side": "yes"
        },
        {
            "trade_id": "bb6c4448-3355-40c7-8c4b-e19945ceebc0",
            "ticker": "KXHIGHMIA-24NOV06-B83.5",
            "count": 2337,
            "created_time": "2024-11-06T17:44:29.548532Z",
            "yes_price": 1,
            "no_price": 99,
            "taker_side": "yes"
        },
        {
            "trade_id": "ee9e2f60-56ab-4fbd-92bb-182382ff193b",
            "ticker": "KXHIGHMIA-24NOV06-B83.5",
            "count": 467,
            "created_time": "2024-11-06T17:44:11.290679Z",
            "yes_price": 1,
            "no_price": 99,
            "taker_side": "yes"
        },
        {
            "trade_id": "4e3d774a-4a64-4dc8-b118-b9e3447f71a3",
            "ticker": "KXHIGHMIA-24NOV06-B83.5",
            "count": 467,
            "created_time": "2024-11-06T17:38:42.752965Z",
            "yes_price": 1,
            "no_price": 99,
            "taker_side": "yes"
        },
        {
            "trade_id": "e2c7d759-a2ba-40e9-a5e0-2f37780c566a",
            "ticker": "KXHIGHMIA-24NOV06-B83.5",
            "count": 935,
            "created_time": "2024-11-06T17:30:08.479576Z",
            "yes_price": 1,
            "no_price": 99,
            "taker_side": "yes"
        },
        {
            "trade_id": "403f8850-b9a5-4c2e-bda1-adde35db4127",
            "ticker": "KXHIGHMIA-24NOV06-B83.5",
            "count": 4675,
            "created_time": "2024-11-06T17:26:47.669814Z",
            "yes_price": 1,
            "no_price": 99,
            "taker_side": "yes"
        },
        {
            "trade_id": "fe89e7f7-5c50-438f-9ae1-c563ca92cce8",
            "ticker": "KXHIGHMIA-24NOV06-B83.5",
            "count": 24,
            "created_time": "2024-11-06T17:19:19.103564Z",
            "yes_price": 1,
            "no_price": 99,
            "taker_side": "yes"
        },
        {
            "trade_id": "14a4754e-46bc-450f-b829-e34085024866",
            "ticker": "KXHIGHMIA-24NOV06-B83.5",
            "count": 256,
            "created_time": "2024-11-06T17:19:19.103564Z",
            "yes_price": 1,
            "no_price": 99,
            "taker_side": "yes"
        },
        {
            "trade_id": "5a044b45-3f60-4fff-8bb8-e1d8ba4f5aaa",
            "ticker": "KXHIGHMIA-24NOV06-B83.5",
            "count": 9,
            "created_time": "2024-11-06T16:50:28.831818Z",
            "yes_price": 1,
            "no_price": 99,
            "taker_side": "no"
        },
        {
            "trade_id": "0cea1433-f7a1-40f0-88c0-036ab8daceca",
            "ticker": "KXHIGHMIA-24NOV06-B83.5",
            "count": 6,
            "created_time": "2024-11-06T16:41:58.526201Z",
            "yes_price": 1,
            "no_price": 99,
            "taker_side": "no"
        },
        {
            "trade_id": "9998759e-18e2-4456-aab8-ad580a4677a4",
            "ticker": "KXHIGHMIA-24NOV06-B83.5",
            "count": 31,
            "created_time": "2024-11-06T16:24:27.387037Z",
            "yes_price": 6,
            "no_price": 94,
            "taker_side": "yes"
        },
        {
            "trade_id": "34f99c8f-e489-432b-8232-2f2a01029ea7",
            "ticker": "KXHIGHMIA-24NOV06-B83.5",
            "count": 17,
            "created_time": "2024-11-06T16:22:32.02767Z",
            "yes_price": 1,
            "no_price": 99,
            "taker_side": "no"
        },
        {
            "trade_id": "e30eaad0-4368-4fd7-be26-d00a836bed65",
            "ticker": "KXHIGHMIA-24NOV06-B83.5",
            "count": 7,
            "created_time": "2024-11-06T16:22:32.025182Z",
            "yes_price": 1,
            "no_price": 99,
            "taker_side": "no"
        },
        {
            "trade_id": "f8bd615e-7c01-4389-80cb-79152e186926",
            "ticker": "KXHIGHMIA-24NOV06-B83.5",
            "count": 75,
            "created_time": "2024-11-06T16:17:19.251076Z",
            "yes_price": 5,
            "no_price": 95,
            "taker_side": "yes"
        },
        {
            "trade_id": "948f3663-01af-4030-905a-2611c389c57e",
            "ticker": "KXHIGHMIA-24NOV06-B83.5",
            "count": 10,
            "created_time": "2024-11-06T16:17:19.251076Z",
            "yes_price": 5,
            "no_price": 95,
            "taker_side": "yes"
        },
        {
            "trade_id": "77185daf-7ca8-4cee-bedd-792b1a10e7e0",
            "ticker": "KXHIGHMIA-24NOV06-B83.5",
            "count": 1,
            "created_time": "2024-11-06T16:17:19.251076Z",
            "yes_price": 4,
            "no_price": 96,
            "taker_side": "yes"
        },
        {
            "trade_id": "602402ba-3a15-4a31-9194-bf4342a40ae4",
            "ticker": "KXHIGHMIA-24NOV06-B83.5",
            "count": 100,
            "created_time": "2024-11-06T16:17:19.251076Z",
            "yes_price": 6,
            "no_price": 94,
            "taker_side": "yes"
        },
        {
            "trade_id": "410c06c6-0dfe-430a-ab23-a8a82fc68c27",
            "ticker": "KXHIGHMIA-24NOV06-B83.5",
            "count": 40,
            "created_time": "2024-11-06T16:17:19.251076Z",
            "yes_price": 7,
            "no_price": 93,
            "taker_side": "yes"
        },
        {
            "trade_id": "50471641-166e-4344-b6d2-fa9a6cfbad9e",
            "ticker": "KXHIGHMIA-24NOV06-B83.5",
            "count": 34,
            "created_time": "2024-11-06T16:11:00.049682Z",
            "yes_price": 8,
            "no_price": 92,
            "taker_side": "yes"
        },
        {
            "trade_id": "0113828c-2017-46ea-94c9-cc9e39fe7f0d",
            "ticker": "KXHIGHMIA-24NOV06-B83.5",
            "count": 11,
            "created_time": "2024-11-06T16:05:31.616186Z",
            "yes_price": 8,
            "no_price": 92,
            "taker_side": "yes"
        },
        {
            "trade_id": "f26719f2-fa38-4c54-9faf-8c393825e825",
            "ticker": "KXHIGHMIA-24NOV06-B83.5",
            "count": 23,
            "created_time": "2024-11-06T15:59:32.662303Z",
            "yes_price": 1,
            "no_price": 99,
            "taker_side": "no"
        },
        {
            "trade_id": "ce5bb11f-b878-4ed6-abf4-ea99bf0aadb5",
            "ticker": "KXHIGHMIA-24NOV06-B83.5",
            "count": 52,
            "created_time": "2024-11-06T15:58:52.098393Z",
            "yes_price": 3,
            "no_price": 97,
            "taker_side": "no"
        },
        {
            "trade_id": "b841f3fa-6a88-4569-94e6-011e8af13aee",
            "ticker": "KXHIGHMIA-24NOV06-B83.5",
            "count": 59,
            "created_time": "2024-11-06T15:58:52.098393Z",
            "yes_price": 6,
            "no_price": 94,
            "taker_side": "no"
        },
        {
            "trade_id": "b81a7fd1-3a29-4fca-8c0e-9bc8859ad675",
            "ticker": "KXHIGHMIA-24NOV06-B83.5",
            "count": 2,
            "created_time": "2024-11-06T15:58:52.098393Z",
            "yes_price": 5,
            "no_price": 95,
            "taker_side": "no"
        },
        {
            "trade_id": "aea91ba4-8b3b-4bd8-9bea-2271ca2a649c",
            "ticker": "KXHIGHMIA-24NOV06-B83.5",
            "count": 53,
            "created_time": "2024-11-06T15:58:52.098393Z",
            "yes_price": 3,
            "no_price": 97,
            "taker_side": "no"
        },
        {
            "trade_id": "2c0d5bae-87db-4c4c-960e-5ee93e1296d0",
            "ticker": "KXHIGHMIA-24NOV06-B83.5",
            "count": 13,
            "created_time": "2024-11-06T15:58:52.098393Z",
            "yes_price": 3,
            "no_price": 97,
            "taker_side": "no"
        },
        {
            "trade_id": "1502c8c5-0bcd-41cf-a51a-92312641f5a7",
            "ticker": "KXHIGHMIA-24NOV06-B83.5",
            "count": 34,
            "created_time": "2024-11-06T15:58:52.098393Z",
            "yes_price": 1,
            "no_price": 99,
            "taker_side": "no"
        },
        {
            "trade_id": "53c64457-00ce-4603-9fd9-46356d0b50a5",
            "ticker": "KXHIGHMIA-24NOV06-B83.5",
            "count": 5,
            "created_time": "2024-11-06T15:56:13.821737Z",
            "yes_price": 6,
            "no_price": 94,
            "taker_side": "no"
        },
        {
            "trade_id": "b762e5d8-c06b-4f39-bf22-1ad35b8106c6",
            "ticker": "KXHIGHMIA-24NOV06-B83.5",
            "count": 2,
            "created_time": "2024-11-06T15:56:00.615083Z",
            "yes_price": 6,
            "no_price": 94,
            "taker_side": "no"
        },
        {
            "trade_id": "3ad28742-8bde-49f1-93be-b340c19f76b9",
            "ticker": "KXHIGHMIA-24NOV06-B83.5",
            "count": 67,
            "created_time": "2024-11-06T15:45:11.995213Z",
            "yes_price": 14,
            "no_price": 86,
            "taker_side": "yes"
        },
        {
            "trade_id": "2da9c036-4b60-41cb-9d18-fb93d0973af1",
            "ticker": "KXHIGHMIA-24NOV06-B83.5",
            "count": 6,
            "created_time": "2024-11-06T15:41:04.770903Z",
            "yes_price": 15,
            "no_price": 85,
            "taker_side": "yes"
        },
        {
            "trade_id": "17352ad2-4710-4888-ae1d-83a4faf6a569",
            "ticker": "KXHIGHMIA-24NOV06-B83.5",
            "count": 15,
            "created_time": "2024-11-06T15:40:11.155366Z",
            "yes_price": 12,
            "no_price": 88,
            "taker_side": "yes"
        },
        {
            "trade_id": "8c512fc0-e494-40cf-9605-df98a677aae1",
            "ticker": "KXHIGHMIA-24NOV06-B83.5",
            "count": 100,
            "created_time": "2024-11-06T15:39:37.209897Z",
            "yes_price": 10,
            "no_price": 90,
            "taker_side": "yes"
        },
        {
            "trade_id": "fa1b00f1-1ab5-4a95-b00c-a1e1bbc5fc3f",
            "ticker": "KXHIGHMIA-24NOV06-B83.5",
            "count": 14,
            "created_time": "2024-11-06T15:38:54.878317Z",
            "yes_price": 9,
            "no_price": 91,
            "taker_side": "yes"
        },
        {
            "trade_id": "6b99c802-263e-4ba3-ba99-a4f9c14c389d",
            "ticker": "KXHIGHMIA-24NOV06-B83.5",
            "count": 83,
            "created_time": "2024-11-06T15:35:08.031894Z",
            "yes_price": 9,
            "no_price": 91,
            "taker_side": "yes"
        },
        {
            "trade_id": "5a4108ed-2ba5-44e7-828a-792da8f16059",
            "ticker": "KXHIGHMIA-24NOV06-B83.5",
            "count": 80,
            "created_time": "2024-11-06T15:32:54.873866Z",
            "yes_price": 7,
            "no_price": 93,
            "taker_side": "no"
        },
        {
            "trade_id": "5ea60f5f-7398-43bd-a3e0-38e2bda71f3a",
            "ticker": "KXHIGHMIA-24NOV06-B83.5",
            "count": 3,
            "created_time": "2024-11-06T15:32:26.071691Z",
            "yes_price": 9,
            "no_price": 91,
            "taker_side": "no"
        },
        {
            "trade_id": "d2ef24c8-6199-48e7-a1f2-018ba139a75a",
            "ticker": "KXHIGHMIA-24NOV06-B83.5",
            "count": 75,
            "created_time": "2024-11-06T15:25:41.630959Z",
            "yes_price": 9,
            "no_price": 91,
            "taker_side": "yes"
        },
        {
            "trade_id": "a67150e2-cd09-4e58-85b0-a763196f7a26",
            "ticker": "KXHIGHMIA-24NOV06-B83.5",
            "count": 27,
            "created_time": "2024-11-06T15:25:36.081623Z",
            "yes_price": 3,
            "no_price": 97,
            "taker_side": "no"
        },
        {
            "trade_id": "50ee3bcb-5116-4769-871d-a904ebbe9ed2",
            "ticker": "KXHIGHMIA-24NOV06-B83.5",
            "count": 207,
            "created_time": "2024-11-06T15:22:36.606682Z",
            "yes_price": 4,
            "no_price": 96,
            "taker_side": "no"
        },
        {
            "trade_id": "b10cb6c4-19dc-46d1-9116-f0e1d842bab0",
            "ticker": "KXHIGHMIA-24NOV06-B83.5",
            "count": 20,
            "created_time": "2024-11-06T15:20:30.000728Z",
            "yes_price": 4,
            "no_price": 96,
            "taker_side": "no"
        },
        {
            "trade_id": "b33427ff-4cfa-405a-a18d-539a4db74113",
            "ticker": "KXHIGHMIA-24NOV06-B83.5",
            "count": 165,
            "created_time": "2024-11-06T15:18:10.185126Z",
            "yes_price": 4,
            "no_price": 96,
            "taker_side": "no"
        },
        {
            "trade_id": "efe23bef-896c-43de-8dbd-ff456c88697d",
            "ticker": "KXHIGHMIA-24NOV06-B83.5",
            "count": 22,
            "created_time": "2024-11-06T15:15:30.637894Z",
            "yes_price": 3,
            "no_price": 97,
            "taker_side": "no"
        },
        {
            "trade_id": "eb5e6ee9-d6ee-46c2-9abe-0bd8c5865d67",
            "ticker": "KXHIGHMIA-24NOV06-B83.5",
            "count": 22,
            "created_time": "2024-11-06T15:15:30.63529Z",
            "yes_price": 3,
            "no_price": 97,
            "taker_side": "no"
        },
        {
            "trade_id": "387a61ae-f0e4-46ff-abc7-5685afd52e5c",
            "ticker": "KXHIGHMIA-24NOV06-B83.5",
            "count": 6,
            "created_time": "2024-11-06T15:12:12.771715Z",
            "yes_price": 3,
            "no_price": 97,
            "taker_side": "no"
        },
        {
            "trade_id": "4ff9663e-34a6-40db-9c9d-97d2e6825358",
            "ticker": "KXHIGHMIA-24NOV06-B83.5",
            "count": 1,
            "created_time": "2024-11-06T15:10:59.049837Z",
            "yes_price": 3,
            "no_price": 97,
            "taker_side": "no"
        },
        {
            "trade_id": "8bf89fa8-a0c5-468a-836e-7b07bf54fc9c",
            "ticker": "KXHIGHMIA-24NOV06-B83.5",
            "count": 3,
            "created_time": "2024-11-06T15:09:41.295733Z",
            "yes_price": 3,
            "no_price": 97,
            "taker_side": "no"
        },
        {
            "trade_id": "5837dc91-bc59-4f1f-aaed-4235d4c453d1",
            "ticker": "KXHIGHMIA-24NOV06-B83.5",
            "count": 32,
            "created_time": "2024-11-06T15:09:20.554473Z",
            "yes_price": 7,
            "no_price": 93,
            "taker_side": "yes"
        },
        {
            "trade_id": "99ee6e77-b077-4514-a285-4234995f162f",
            "ticker": "KXHIGHMIA-24NOV06-B83.5",
            "count": 3,
            "created_time": "2024-11-06T15:06:54.424701Z",
            "yes_price": 3,
            "no_price": 97,
            "taker_side": "no"
        },
        {
            "trade_id": "27efdebd-8d1b-4e9c-ae12-e2aab0c43f4d",
            "ticker": "KXHIGHMIA-24NOV06-B83.5",
            "count": 1,
            "created_time": "2024-11-06T15:01:06.322481Z",
            "yes_price": 1,
            "no_price": 99,
            "taker_side": "no"
        },
        {
            "trade_id": "bc5ae8e0-d4d6-4e96-b5a5-7d26d9ae9828",
            "ticker": "KXHIGHMIA-24NOV06-B83.5",
            "count": 8,
            "created_time": "2024-11-06T14:57:44.410389Z",
            "yes_price": 1,
            "no_price": 99,
            "taker_side": "no"
        },
        {
            "trade_id": "8ac3f9e8-bea6-44e1-867e-a722bfe0cd53",
            "ticker": "KXHIGHMIA-24NOV06-B83.5",
            "count": 13,
            "created_time": "2024-11-06T14:57:44.410389Z",
            "yes_price": 1,
            "no_price": 99,
            "taker_side": "no"
        },
        {
            "trade_id": "adb3b2d9-d511-4e6a-b933-0ca53dd12375",
            "ticker": "KXHIGHMIA-24NOV06-B83.5",
            "count": 95,
            "created_time": "2024-11-06T14:44:39.550494Z",
            "yes_price": 10,
            "no_price": 90,
            "taker_side": "yes"
        },
        {
            "trade_id": "69c283e5-af08-44bf-86cf-cbcbb8074ce0",
            "ticker": "KXHIGHMIA-24NOV06-B83.5",
            "count": 66,
            "created_time": "2024-11-06T14:44:04.489072Z",
            "yes_price": 5,
            "no_price": 95,
            "taker_side": "no"
        },
        {
            "trade_id": "0d8f46fe-945c-4492-863c-5b7da6322fb1",
            "ticker": "KXHIGHMIA-24NOV06-B83.5",
            "count": 2,
            "created_time": "2024-11-06T14:42:12.952511Z",
            "yes_price": 5,
            "no_price": 95,
            "taker_side": "no"
        },
        {
            "trade_id": "c5eb5160-1d77-43f7-a903-945e90318014",
            "ticker": "KXHIGHMIA-24NOV06-B83.5",
            "count": 21,
            "created_time": "2024-11-06T14:20:43.860813Z",
            "yes_price": 9,
            "no_price": 91,
            "taker_side": "no"
        },
        {
            "trade_id": "a79480d7-2c2e-46f3-819d-b7bfbb080798",
            "ticker": "KXHIGHMIA-24NOV06-B83.5",
            "count": 37,
            "created_time": "2024-11-06T14:20:43.860813Z",
            "yes_price": 1,
            "no_price": 99,
            "taker_side": "no"
        },
        {
            "trade_id": "324e045d-9fed-4f6b-85b3-8424bc59d460",
            "ticker": "KXHIGHMIA-24NOV06-B83.5",
            "count": 47,
            "created_time": "2024-11-06T14:20:43.860813Z",
            "yes_price": 8,
            "no_price": 92,
            "taker_side": "no"
        },
        {
            "trade_id": "1a192e83-48ca-4021-87df-8a1a3951d402",
            "ticker": "KXHIGHMIA-24NOV06-B83.5",
            "count": 38,
            "created_time": "2024-11-06T14:07:41.384001Z",
            "yes_price": 10,
            "no_price": 90,
            "taker_side": "no"
        },
        {
            "trade_id": "27c0bc82-2145-41fa-afd7-465a6cdc5ada",
            "ticker": "KXHIGHMIA-24NOV06-B83.5",
            "count": 27,
            "created_time": "2024-11-06T14:07:21.389489Z",
            "yes_price": 19,
            "no_price": 81,
            "taker_side": "yes"
        },
        {
            "trade_id": "3be16050-3106-4ed0-a9c4-b512c41e9710",
            "ticker": "KXHIGHMIA-24NOV06-B83.5",
            "count": 12,
            "created_time": "2024-11-06T13:58:20.702513Z",
            "yes_price": 19,
            "no_price": 81,
            "taker_side": "no"
        },
        {
            "trade_id": "2ce7803d-de68-45d8-9814-2633da156bf1",
            "ticker": "KXHIGHMIA-24NOV06-B83.5",
            "count": 20,
            "created_time": "2024-11-06T13:58:20.702513Z",
            "yes_price": 20,
            "no_price": 80,
            "taker_side": "no"
        },
        {
            "trade_id": "5943b4fd-8bc2-4164-bb13-f963193fcf57",
            "ticker": "KXHIGHMIA-24NOV06-B83.5",
            "count": 40,
            "created_time": "2024-11-06T13:58:17.308671Z",
            "yes_price": 21,
            "no_price": 79,
            "taker_side": "no"
        },
        {
            "trade_id": "7f80c514-8e4a-412c-9ab8-f82fadcc46bd",
            "ticker": "KXHIGHMIA-24NOV06-B83.5",
            "count": 30,
            "created_time": "2024-11-06T13:55:23.702164Z",
            "yes_price": 20,
            "no_price": 80,
            "taker_side": "no"
        },
        {
            "trade_id": "371455ee-9f15-44a3-b405-e13aea30d07d",
            "ticker": "KXHIGHMIA-24NOV06-B83.5",
            "count": 54,
            "created_time": "2024-11-06T13:49:23.862395Z",
            "yes_price": 35,
            "no_price": 65,
            "taker_side": "yes"
        },
        {
            "trade_id": "d3a02869-62bd-4974-9a45-6f677da26917",
            "ticker": "KXHIGHMIA-24NOV06-B83.5",
            "count": 23,
            "created_time": "2024-11-06T13:45:10.803094Z",
            "yes_price": 34,
            "no_price": 66,
            "taker_side": "yes"
        },
        {
            "trade_id": "2a62e21b-741a-4ad4-ba39-fb9a489160d7",
            "ticker": "KXHIGHMIA-24NOV06-B83.5",
            "count": 32,
            "created_time": "2024-11-06T13:45:10.803094Z",
            "yes_price": 35,
            "no_price": 65,
            "taker_side": "yes"
        },
        {
            "trade_id": "cf87eb6a-6f3b-439e-abd1-b9d6b94f674c",
            "ticker": "KXHIGHMIA-24NOV06-B83.5",
            "count": 60,
            "created_time": "2024-11-06T13:42:45.891732Z",
            "yes_price": 19,
            "no_price": 81,
            "taker_side": "no"
        },
        {
            "trade_id": "286c96e9-a557-48ce-82be-e5bc4f96b022",
            "ticker": "KXHIGHMIA-24NOV06-B83.5",
            "count": 43,
            "created_time": "2024-11-06T13:40:30.177529Z",
            "yes_price": 22,
            "no_price": 78,
            "taker_side": "no"
        },
        {
            "trade_id": "cec90c6d-9eb7-4f96-b876-96b708bfd86a",
            "ticker": "KXHIGHMIA-24NOV06-B83.5",
            "count": 3,
            "created_time": "2024-11-06T13:38:04.356442Z",
            "yes_price": 28,
            "no_price": 72,
            "taker_side": "yes"
        },
        {
            "trade_id": "4b7f4ae4-a502-44bd-9d70-178998b5bcf1",
            "ticker": "KXHIGHMIA-24NOV06-B83.5",
            "count": 1,
            "created_time": "2024-11-06T13:37:46.839798Z",
            "yes_price": 22,
            "no_price": 78,
            "taker_side": "no"
        },
        {
            "trade_id": "4d170885-7404-4810-b756-ef12f7612122",
            "ticker": "KXHIGHMIA-24NOV06-B83.5",
            "count": 1,
            "created_time": "2024-11-06T13:37:39.037951Z",
            "yes_price": 22,
            "no_price": 78,
            "taker_side": "no"
        },
        {
            "trade_id": "a6240926-67ee-4bfe-a21b-d0c52858484a",
            "ticker": "KXHIGHMIA-24NOV06-B83.5",
            "count": 1,
            "created_time": "2024-11-06T13:37:31.798493Z",
            "yes_price": 28,
            "no_price": 72,
            "taker_side": "yes"
        },
        {
            "trade_id": "9d0151e5-56d0-461e-bb15-97abcafa2f2f",
            "ticker": "KXHIGHMIA-24NOV06-B83.5",
            "count": 1,
            "created_time": "2024-11-06T13:37:23.660167Z",
            "yes_price": 28,
            "no_price": 72,
            "taker_side": "yes"
        },
        {
            "trade_id": "abe3f867-fd56-418a-bdef-74788862ac6d",
            "ticker": "KXHIGHMIA-24NOV06-B83.5",
            "count": 5,
            "created_time": "2024-11-06T13:37:22.901627Z",
            "yes_price": 22,
            "no_price": 78,
            "taker_side": "no"
        },
        {
            "trade_id": "7709cb0b-37e2-41fa-885e-ab05b86855f1",
            "ticker": "KXHIGHMIA-24NOV06-B83.5",
            "count": 5,
            "created_time": "2024-11-06T13:37:15.477316Z",
            "yes_price": 28,
            "no_price": 72,
            "taker_side": "no"
        },
        {
            "trade_id": "30ff3a5b-c016-446b-ae8c-2a351c0982d9",
            "ticker": "KXHIGHMIA-24NOV06-B83.5",
            "count": 4,
            "created_time": "2024-11-06T13:37:15.477316Z",
            "yes_price": 23,
            "no_price": 77,
            "taker_side": "no"
        },
        {
            "trade_id": "6cb3d4ad-c65e-447b-a707-4820c285850b",
            "ticker": "KXHIGHMIA-24NOV06-B83.5",
            "count": 2,
            "created_time": "2024-11-06T13:37:02.74909Z",
            "yes_price": 28,
            "no_price": 72,
            "taker_side": "no"
        },
        {
            "trade_id": "d92b17b8-1134-4f50-80a3-a0750126c8ba",
            "ticker": "KXHIGHMIA-24NOV06-B83.5",
            "count": 11,
            "created_time": "2024-11-06T13:36:18.415919Z",
            "yes_price": 28,
            "no_price": 72,
            "taker_side": "no"
        },
        {
            "trade_id": "e03e1234-1873-4523-8c5d-26ba02b5a031",
            "ticker": "KXHIGHMIA-24NOV06-B83.5",
            "count": 26,
            "created_time": "2024-11-06T13:31:20.607527Z",
            "yes_price": 28,
            "no_price": 72,
            "taker_side": "no"
        },
        {
            "trade_id": "89987413-9535-4036-b3f9-78ff34da5327",
            "ticker": "KXHIGHMIA-24NOV06-B83.5",
            "count": 7,
            "created_time": "2024-11-06T13:31:20.607527Z",
            "yes_price": 23,
            "no_price": 77,
            "taker_side": "no"
        },
        {
            "trade_id": "c657e219-aeb4-42fa-8898-64a5f87085c2",
            "ticker": "KXHIGHMIA-24NOV06-B83.5",
            "count": 6,
            "created_time": "2024-11-06T13:22:38.753269Z",
            "yes_price": 28,
            "no_price": 72,
            "taker_side": "no"
        },
        {
            "trade_id": "977f1b08-69bd-4a26-a25b-b2868e40ea25",
            "ticker": "KXHIGHMIA-24NOV06-B83.5",
            "count": 18,
            "created_time": "2024-11-06T13:20:36.044932Z",
            "yes_price": 43,
            "no_price": 57,
            "taker_side": "yes"
        },
        {
            "trade_id": "7e52c041-3635-4bcd-8a33-fc811373a3a0",
            "ticker": "KXHIGHMIA-24NOV06-B83.5",
            "count": 4,
            "created_time": "2024-11-06T13:20:36.044932Z",
            "yes_price": 42,
            "no_price": 58,
            "taker_side": "yes"
        },
        {
            "trade_id": "d3b58b4b-fe40-4299-af42-9db6c6007023",
            "ticker": "KXHIGHMIA-24NOV06-B83.5",
            "count": 31,
            "created_time": "2024-11-06T13:18:59.313721Z",
            "yes_price": 28,
            "no_price": 72,
            "taker_side": "no"
        },
        {
            "trade_id": "942a4636-b7df-44b3-ad8e-e5f78a67edee",
            "ticker": "KXHIGHMIA-24NOV06-B83.5",
            "count": 11,
            "created_time": "2024-11-06T13:17:25.590661Z",
            "yes_price": 28,
            "no_price": 72,
            "taker_side": "no"
        },
        {
            "trade_id": "dd552df2-9f9f-4683-9696-af5cef227e38",
            "ticker": "KXHIGHMIA-24NOV06-B83.5",
            "count": 9,
            "created_time": "2024-11-06T13:16:44.464345Z",
            "yes_price": 28,
            "no_price": 72,
            "taker_side": "no"
        },
        {
            "trade_id": "eae3c06c-ca48-4127-834a-9c7a85d5c425",
            "ticker": "KXHIGHMIA-24NOV06-B83.5",
            "count": 3,
            "created_time": "2024-11-06T13:16:41.146991Z",
            "yes_price": 28,
            "no_price": 72,
            "taker_side": "no"
        },
        {
            "trade_id": "736cb507-0421-4fbb-b955-99577680f728",
            "ticker": "KXHIGHMIA-24NOV06-B83.5",
            "count": 3,
            "created_time": "2024-11-06T13:09:15.040503Z",
            "yes_price": 23,
            "no_price": 77,
            "taker_side": "no"
        },
        {
            "trade_id": "294ef8ca-a8c4-48c9-817d-b442441f9e24",
            "ticker": "KXHIGHMIA-24NOV06-B83.5",
            "count": 3,
            "created_time": "2024-11-06T13:09:14.822507Z",
            "yes_price": 23,
            "no_price": 77,
            "taker_side": "no"
        },
        {
            "trade_id": "5eaa8584-69bd-436b-98ac-298a6faeb4c6",
            "ticker": "KXHIGHMIA-24NOV06-B83.5",
            "count": 96,
            "created_time": "2024-11-06T13:09:12.977346Z",
            "yes_price": 28,
            "no_price": 72,
            "taker_side": "no"
        },
        {
            "trade_id": "8b0650de-3943-4374-96c0-e2924f3ab80b",
            "ticker": "KXHIGHMIA-24NOV06-B83.5",
            "count": 213,
            "created_time": "2024-11-06T13:06:09.164342Z",
            "yes_price": 45,
            "no_price": 55,
            "taker_side": "yes"
        },
        {
            "trade_id": "8f676128-8297-4db1-b5e0-8be3db10efbb",
            "ticker": "KXHIGHMIA-24NOV06-B83.5",
            "count": 1,
            "created_time": "2024-11-06T13:05:09.288266Z",
            "yes_price": 75,
            "no_price": 25,
            "taker_side": "yes"
        },
        {
            "trade_id": "6f417827-3a51-42e3-a4e2-8c6c2940c10e",
            "ticker": "KXHIGHMIA-24NOV06-B83.5",
            "count": 4,
            "created_time": "2024-11-06T13:05:09.288266Z",
            "yes_price": 95,
            "no_price": 5,
            "taker_side": "yes"
        },
        {
            "trade_id": "37243593-fdd0-4bf7-b709-a8d6d9b60c30",
            "ticker": "KXHIGHMIA-24NOV06-B83.5",
            "count": 20,
            "created_time": "2024-11-06T13:05:09.288266Z",
            "yes_price": 74,
            "no_price": 26,
            "taker_side": "yes"
        },
        {
            "trade_id": "7682c975-3207-4594-8a12-2901015e85ae",
            "ticker": "KXHIGHMIA-24NOV06-B83.5",
            "count": 1,
            "created_time": "2024-11-06T12:06:19.578632Z",
            "yes_price": 54,
            "no_price": 46,
            "taker_side": "yes"
        },
        {
            "trade_id": "b9ff7519-c6da-434a-a562-922f515cfca6",
            "ticker": "KXHIGHMIA-24NOV06-B83.5",
            "count": 60,
            "created_time": "2024-11-06T11:52:16.818445Z",
            "yes_price": 46,
            "no_price": 54,
            "taker_side": "yes"
        },
        {
            "trade_id": "ebbd6c38-b908-4ec6-a3c7-dd76d6486987",
            "ticker": "KXHIGHMIA-24NOV06-B83.5",
            "count": 1,
            "created_time": "2024-11-06T07:49:16.014377Z",
            "yes_price": 25,
            "no_price": 75,
            "taker_side": "no"
        },
        {
            "trade_id": "6566c9a7-32e9-44d4-a4b3-671aeb34c6a8",
            "ticker": "KXHIGHMIA-24NOV06-B83.5",
            "count": 5,
            "created_time": "2024-11-06T05:59:18.389712Z",
            "yes_price": 23,
            "no_price": 77,
            "taker_side": "no"
        },
        {
            "trade_id": "f1c7d5aa-56d3-4011-812b-373946fa2ab9",
            "ticker": "KXHIGHMIA-24NOV06-B83.5",
            "count": 126,
            "created_time": "2024-11-06T05:41:55.050596Z",
            "yes_price": 22,
            "no_price": 78,
            "taker_side": "no"
        },
        {
            "trade_id": "c15c2740-7881-4992-bea1-c51fad15be53",
            "ticker": "KXHIGHMIA-24NOV06-B83.5",
            "count": 24,
            "created_time": "2024-11-06T05:10:53.253074Z",
            "yes_price": 52,
            "no_price": 48,
            "taker_side": "yes"
        },
        {
            "trade_id": "0271bacb-40f4-43ce-82a7-97633d026d7e",
            "ticker": "KXHIGHMIA-24NOV06-B83.5",
            "count": 5,
            "created_time": "2024-11-06T05:06:38.245105Z",
            "yes_price": 25,
            "no_price": 75,
            "taker_side": "no"
        },
        {
            "trade_id": "990206cc-b195-4999-87c6-8ac54f3a2747",
            "ticker": "KXHIGHMIA-24NOV06-B83.5",
            "count": 5,
            "created_time": "2024-11-06T05:05:58.932122Z",
            "yes_price": 26,
            "no_price": 74,
            "taker_side": "no"
        },
        {
            "trade_id": "b38c0508-4ffd-4ffa-8ad1-6f8583cf39c6",
            "ticker": "KXHIGHMIA-24NOV06-B83.5",
            "count": 6,
            "created_time": "2024-11-06T05:05:52.074949Z",
            "yes_price": 45,
            "no_price": 55,
            "taker_side": "yes"
        },
        {
            "trade_id": "8a06a488-0095-4ca8-809c-ba0b49633215",
            "ticker": "KXHIGHMIA-24NOV06-B83.5",
            "count": 14,
            "created_time": "2024-11-06T05:05:52.074949Z",
            "yes_price": 49,
            "no_price": 51,
            "taker_side": "yes"
        },
        {
            "trade_id": "901feb17-6707-49e9-9f19-ee0c25009ca2",
            "ticker": "KXHIGHMIA-24NOV06-B83.5",
            "count": 10,
            "created_time": "2024-11-06T05:03:01.440888Z",
            "yes_price": 45,
            "no_price": 55,
            "taker_side": "yes"
        },
        {
            "trade_id": "7c380078-e6a5-4500-af5e-1b5f1d69e594",
            "ticker": "KXHIGHMIA-24NOV06-B83.5",
            "count": 15,
            "created_time": "2024-11-06T01:15:50.436366Z",
            "yes_price": 40,
            "no_price": 60,
            "taker_side": "no"
        },
        {
            "trade_id": "f394b1d7-ba16-4177-ac74-2ef49e421c3b",
            "ticker": "KXHIGHMIA-24NOV06-B83.5",
            "count": 7,
            "created_time": "2024-11-05T23:50:36.618347Z",
            "yes_price": 44,
            "no_price": 56,
            "taker_side": "yes"
        },
        {
            "trade_id": "c65a858d-de18-404b-9e72-f2ae81f86e67",
            "ticker": "KXHIGHMIA-24NOV06-B83.5",
            "count": 1,
            "created_time": "2024-11-05T23:50:36.618347Z",
            "yes_price": 44,
            "no_price": 56,
            "taker_side": "yes"
        },
        {
            "trade_id": "c445bcac-74c5-4fab-b0d0-872c587fc212",
            "ticker": "KXHIGHMIA-24NOV06-B83.5",
            "count": 5,
            "created_time": "2024-11-05T21:28:29.405526Z",
            "yes_price": 48,
            "no_price": 52,
            "taker_side": "yes"
        },
        {
            "trade_id": "3227616f-438a-47f2-b3a2-28c2ef2fc524",
            "ticker": "KXHIGHMIA-24NOV06-B83.5",
            "count": 5,
            "created_time": "2024-11-05T21:28:29.405526Z",
            "yes_price": 48,
            "no_price": 52,
            "taker_side": "yes"
        },
        {
            "trade_id": "ce195c2b-8f2c-458a-abee-404e3c55738a",
            "ticker": "KXHIGHMIA-24NOV06-B83.5",
            "count": 12,
            "created_time": "2024-11-05T15:42:08.562918Z",
            "yes_price": 21,
            "no_price": 79,
            "taker_side": "no"
        },
        {
            "trade_id": "ae660ebd-6df7-431b-b720-38321a497978",
            "ticker": "KXHIGHMIA-24NOV06-B83.5",
            "count": 12,
            "created_time": "2024-11-05T15:42:08.312434Z",
            "yes_price": 21,
            "no_price": 79,
            "taker_side": "no"
        }
    ],
    "KXHIGHMIA-24NOV06-B85.5": [
        {
            "trade_id": "ed099c24-6fe8-4882-8f59-44ed2427567c",
            "ticker": "KXHIGHMIA-24NOV06-B85.5",
            "count": 209,
            "created_time": "2024-11-07T04:35:58.806292Z",
            "yes_price": 91,
            "no_price": 9,
            "taker_side": "no"
        },
        {
            "trade_id": "d0626cce-d085-437a-93ed-c7a46b39bf32",
            "ticker": "KXHIGHMIA-24NOV06-B85.5",
            "count": 1,
            "created_time": "2024-11-07T04:35:58.806292Z",
            "yes_price": 98,
            "no_price": 2,
            "taker_side": "no"
        },
        {
            "trade_id": "b9dc8e13-3a56-4d7f-85bb-23345de9b020",
            "ticker": "KXHIGHMIA-24NOV06-B85.5",
            "count": 52,
            "created_time": "2024-11-07T04:10:56.727998Z",
            "yes_price": 91,
            "no_price": 9,
            "taker_side": "no"
        },
        {
            "trade_id": "9872da40-83b7-472c-8c3c-96284aece21b",
            "ticker": "KXHIGHMIA-24NOV06-B85.5",
            "count": 522,
            "created_time": "2024-11-07T03:47:13.967576Z",
            "yes_price": 91,
            "no_price": 9,
            "taker_side": "no"
        },
        {
            "trade_id": "878ac080-3069-47e6-859b-35f20567e69a",
            "ticker": "KXHIGHMIA-24NOV06-B85.5",
            "count": 104,
            "created_time": "2024-11-07T03:46:13.683881Z",
            "yes_price": 91,
            "no_price": 9,
            "taker_side": "no"
        },
        {
            "trade_id": "778040f9-874e-4376-b5a7-0313b7b8209b",
            "ticker": "KXHIGHMIA-24NOV06-B85.5",
            "count": 104,
            "created_time": "2024-11-07T03:43:22.769133Z",
            "yes_price": 91,
            "no_price": 9,
            "taker_side": "no"
        },
        {
            "trade_id": "bfc1247c-2ec9-442d-8689-eb4c02462525",
            "ticker": "KXHIGHMIA-24NOV06-B85.5",
            "count": 164,
            "created_time": "2024-11-07T03:37:38.942585Z",
            "yes_price": 91,
            "no_price": 9,
            "taker_side": "no"
        },
        {
            "trade_id": "8f1eb27f-61db-4614-86b9-09e194b68651",
            "ticker": "KXHIGHMIA-24NOV06-B85.5",
            "count": 13,
            "created_time": "2024-11-07T03:35:46.13549Z",
            "yes_price": 91,
            "no_price": 9,
            "taker_side": "no"
        },
        {
            "trade_id": "123cae00-ef65-49a4-a766-fd915b75a819",
            "ticker": "KXHIGHMIA-24NOV06-B85.5",
            "count": 10,
            "created_time": "2024-11-07T03:34:49.307239Z",
            "yes_price": 91,
            "no_price": 9,
            "taker_side": "no"
        },
        {
            "trade_id": "50382b87-5a83-45fc-8842-f21d875e7e46",
            "ticker": "KXHIGHMIA-24NOV06-B85.5",
            "count": 55,
            "created_time": "2024-11-07T03:30:50.190219Z",
            "yes_price": 91,
            "no_price": 9,
            "taker_side": "no"
        },
        {
            "trade_id": "346a8392-0b0d-4336-a365-05a093481a7f",
            "ticker": "KXHIGHMIA-24NOV06-B85.5",
            "count": 104,
            "created_time": "2024-11-07T03:28:18.582773Z",
            "yes_price": 91,
            "no_price": 9,
            "taker_side": "no"
        },
        {
            "trade_id": "9b7f7c3f-a65d-4be8-ae96-9b313aa2726e",
            "ticker": "KXHIGHMIA-24NOV06-B85.5",
            "count": 19,
            "created_time": "2024-11-07T03:17:46.422938Z",
            "yes_price": 91,
            "no_price": 9,
            "taker_side": "no"
        },
        {
            "trade_id": "d5d97fcf-6de8-4982-bdf9-6af96f96d56e",
            "ticker": "KXHIGHMIA-24NOV06-B85.5",
            "count": 20,
            "created_time": "2024-11-07T03:09:55.315256Z",
            "yes_price": 91,
            "no_price": 9,
            "taker_side": "no"
        },
        {
            "trade_id": "f4c8a6c9-7132-407b-8319-55cb47e772ed",
            "ticker": "KXHIGHMIA-24NOV06-B85.5",
            "count": 50,
            "created_time": "2024-11-07T03:00:21.671879Z",
            "yes_price": 95,
            "no_price": 5,
            "taker_side": "no"
        },
        {
            "trade_id": "f2dc3243-eef3-47fa-902e-412034391c2b",
            "ticker": "KXHIGHMIA-24NOV06-B85.5",
            "count": 76,
            "created_time": "2024-11-07T03:00:21.671879Z",
            "yes_price": 91,
            "no_price": 9,
            "taker_side": "no"
        },
        {
            "trade_id": "84399314-f0ee-4eca-b54e-e10b7094094f",
            "ticker": "KXHIGHMIA-24NOV06-B85.5",
            "count": 9,
            "created_time": "2024-11-07T02:46:40.435991Z",
            "yes_price": 99,
            "no_price": 1,
            "taker_side": "yes"
        },
        {
            "trade_id": "dfa2d260-7023-4b90-8343-ab410fe71be8",
            "ticker": "KXHIGHMIA-24NOV06-B85.5",
            "count": 181,
            "created_time": "2024-11-07T01:59:40.974546Z",
            "yes_price": 99,
            "no_price": 1,
            "taker_side": "yes"
        },
        {
            "trade_id": "77be71cb-a3e1-4e18-8b7e-84b2eafb3f31",
            "ticker": "KXHIGHMIA-24NOV06-B85.5",
            "count": 5,
            "created_time": "2024-11-07T01:50:15.121183Z",
            "yes_price": 99,
            "no_price": 1,
            "taker_side": "yes"
        },
        {
            "trade_id": "85d9f2d7-fdeb-48b0-94e7-d10d00ec60ec",
            "ticker": "KXHIGHMIA-24NOV06-B85.5",
            "count": 18,
            "created_time": "2024-11-07T01:50:12.200154Z",
            "yes_price": 99,
            "no_price": 1,
            "taker_side": "yes"
        },
        {
            "trade_id": "bc3e3e5d-c436-4b3a-837a-48c1e986ed63",
            "ticker": "KXHIGHMIA-24NOV06-B85.5",
            "count": 1,
            "created_time": "2024-11-07T01:42:56.764886Z",
            "yes_price": 95,
            "no_price": 5,
            "taker_side": "no"
        },
        {
            "trade_id": "41d97d48-26df-437c-a7e3-d928bb04ae51",
            "ticker": "KXHIGHMIA-24NOV06-B85.5",
            "count": 8,
            "created_time": "2024-11-07T01:30:00.19852Z",
            "yes_price": 99,
            "no_price": 1,
            "taker_side": "yes"
        },
        {
            "trade_id": "ddceace9-2161-4503-9814-607c78fc5595",
            "ticker": "KXHIGHMIA-24NOV06-B85.5",
            "count": 3,
            "created_time": "2024-11-07T01:27:44.965052Z",
            "yes_price": 99,
            "no_price": 1,
            "taker_side": "yes"
        },
        {
            "trade_id": "4327b432-6a57-49eb-a648-0c762b9f3d9a",
            "ticker": "KXHIGHMIA-24NOV06-B85.5",
            "count": 4,
            "created_time": "2024-11-07T01:17:38.187789Z",
            "yes_price": 99,
            "no_price": 1,
            "taker_side": "yes"
        },
        {
            "trade_id": "edaa7d2b-e96c-4ad0-bcbb-7af293d2ab30",
            "ticker": "KXHIGHMIA-24NOV06-B85.5",
            "count": 37,
            "created_time": "2024-11-07T01:11:23.591181Z",
            "yes_price": 92,
            "no_price": 8,
            "taker_side": "no"
        },
        {
            "trade_id": "290f0203-fe6c-4585-b9e8-15598096c154",
            "ticker": "KXHIGHMIA-24NOV06-B85.5",
            "count": 71,
            "created_time": "2024-11-07T01:11:23.591181Z",
            "yes_price": 91,
            "no_price": 9,
            "taker_side": "no"
        },
        {
            "trade_id": "2fbad087-5ff6-4ea5-8375-a318f0b01a43",
            "ticker": "KXHIGHMIA-24NOV06-B85.5",
            "count": 9,
            "created_time": "2024-11-07T01:09:25.778689Z",
            "yes_price": 99,
            "no_price": 1,
            "taker_side": "yes"
        },
        {
            "trade_id": "b3853d60-c14f-498e-9c10-76a010b07628",
            "ticker": "KXHIGHMIA-24NOV06-B85.5",
            "count": 26,
            "created_time": "2024-11-07T00:48:53.102687Z",
            "yes_price": 91,
            "no_price": 9,
            "taker_side": "no"
        },
        {
            "trade_id": "7237a613-a314-4824-8bf0-e31b687a5f1f",
            "ticker": "KXHIGHMIA-24NOV06-B85.5",
            "count": 52,
            "created_time": "2024-11-07T00:48:10.992614Z",
            "yes_price": 91,
            "no_price": 9,
            "taker_side": "no"
        },
        {
            "trade_id": "fefb1d0d-8d69-470d-9e13-444659b65223",
            "ticker": "KXHIGHMIA-24NOV06-B85.5",
            "count": 83,
            "created_time": "2024-11-07T00:46:30.355064Z",
            "yes_price": 96,
            "no_price": 4,
            "taker_side": "no"
        },
        {
            "trade_id": "ccc7e58d-11db-4f5a-8b74-7254bb8915f3",
            "ticker": "KXHIGHMIA-24NOV06-B85.5",
            "count": 35,
            "created_time": "2024-11-07T00:46:30.355064Z",
            "yes_price": 91,
            "no_price": 9,
            "taker_side": "no"
        },
        {
            "trade_id": "2408403c-90e3-4c5a-8536-83a6a020982e",
            "ticker": "KXHIGHMIA-24NOV06-B85.5",
            "count": 21,
            "created_time": "2024-11-07T00:41:10.6217Z",
            "yes_price": 96,
            "no_price": 4,
            "taker_side": "no"
        },
        {
            "trade_id": "6eceb062-e698-45dc-a74d-9d88dfe3dd3c",
            "ticker": "KXHIGHMIA-24NOV06-B85.5",
            "count": 25,
            "created_time": "2024-11-07T00:02:47.265639Z",
            "yes_price": 99,
            "no_price": 1,
            "taker_side": "yes"
        },
        {
            "trade_id": "b076189a-dc51-4466-ba12-db806a7f10a8",
            "ticker": "KXHIGHMIA-24NOV06-B85.5",
            "count": 12,
            "created_time": "2024-11-06T23:56:51.60457Z",
            "yes_price": 96,
            "no_price": 4,
            "taker_side": "no"
        },
        {
            "trade_id": "f4bc19bc-e509-44ea-a9bf-04a69f77032a",
            "ticker": "KXHIGHMIA-24NOV06-B85.5",
            "count": 117,
            "created_time": "2024-11-06T23:54:52.226112Z",
            "yes_price": 96,
            "no_price": 4,
            "taker_side": "no"
        },
        {
            "trade_id": "be87ab35-3d8f-44ce-a9d0-8a4f13ac7d1e",
            "ticker": "KXHIGHMIA-24NOV06-B85.5",
            "count": 12,
            "created_time": "2024-11-06T23:24:01.28305Z",
            "yes_price": 99,
            "no_price": 1,
            "taker_side": "yes"
        },
        {
            "trade_id": "43048252-a61c-4b39-a218-2019a894db8c",
            "ticker": "KXHIGHMIA-24NOV06-B85.5",
            "count": 238,
            "created_time": "2024-11-06T23:24:01.28305Z",
            "yes_price": 99,
            "no_price": 1,
            "taker_side": "yes"
        },
        {
            "trade_id": "c8184a62-676f-4c90-bdb8-6a938dd6ce28",
            "ticker": "KXHIGHMIA-24NOV06-B85.5",
            "count": 70,
            "created_time": "2024-11-06T23:06:07.853944Z",
            "yes_price": 97,
            "no_price": 3,
            "taker_side": "no"
        },
        {
            "trade_id": "c7ed06fe-1aab-4b80-94c3-0ab60755887b",
            "ticker": "KXHIGHMIA-24NOV06-B85.5",
            "count": 31,
            "created_time": "2024-11-06T23:06:07.853944Z",
            "yes_price": 96,
            "no_price": 4,
            "taker_side": "no"
        },
        {
            "trade_id": "2047e350-31eb-41de-bb39-e6c3357012e0",
            "ticker": "KXHIGHMIA-24NOV06-B85.5",
            "count": 100,
            "created_time": "2024-11-06T22:59:35.545943Z",
            "yes_price": 97,
            "no_price": 3,
            "taker_side": "no"
        },
        {
            "trade_id": "279012f1-c2c7-4654-84a7-390d77fcc10b",
            "ticker": "KXHIGHMIA-24NOV06-B85.5",
            "count": 11,
            "created_time": "2024-11-06T22:24:58.140978Z",
            "yes_price": 92,
            "no_price": 8,
            "taker_side": "no"
        },
        {
            "trade_id": "430e372d-6069-41ed-a04e-67454a014c62",
            "ticker": "KXHIGHMIA-24NOV06-B85.5",
            "count": 5,
            "created_time": "2024-11-06T22:21:21.059985Z",
            "yes_price": 92,
            "no_price": 8,
            "taker_side": "no"
        },
        {
            "trade_id": "9c5dc0b6-8d34-4262-bbcc-79c402c185c7",
            "ticker": "KXHIGHMIA-24NOV06-B85.5",
            "count": 280,
            "created_time": "2024-11-06T22:19:30.393596Z",
            "yes_price": 91,
            "no_price": 9,
            "taker_side": "no"
        },
        {
            "trade_id": "879a7089-8456-40ee-81a8-bfda4e9e4009",
            "ticker": "KXHIGHMIA-24NOV06-B85.5",
            "count": 52,
            "created_time": "2024-11-06T22:16:43.239552Z",
            "yes_price": 91,
            "no_price": 9,
            "taker_side": "no"
        },
        {
            "trade_id": "a9e951c2-66ef-42d5-b3e6-27929733bb7f",
            "ticker": "KXHIGHMIA-24NOV06-B85.5",
            "count": 111,
            "created_time": "2024-11-06T22:15:36.528946Z",
            "yes_price": 91,
            "no_price": 9,
            "taker_side": "no"
        },
        {
            "trade_id": "e5c21674-f8c8-4cb3-8d35-afb0d6bd9e1c",
            "ticker": "KXHIGHMIA-24NOV06-B85.5",
            "count": 62,
            "created_time": "2024-11-06T22:13:39.081616Z",
            "yes_price": 91,
            "no_price": 9,
            "taker_side": "no"
        },
        {
            "trade_id": "fef66cec-c5c7-4a7d-8d5a-fe6b2d9b4c55",
            "ticker": "KXHIGHMIA-24NOV06-B85.5",
            "count": 289,
            "created_time": "2024-11-06T22:12:31.468029Z",
            "yes_price": 91,
            "no_price": 9,
            "taker_side": "no"
        },
        {
            "trade_id": "6b1a499a-c12d-4e8c-8f32-21d6293f94a1",
            "ticker": "KXHIGHMIA-24NOV06-B85.5",
            "count": 295,
            "created_time": "2024-11-06T22:11:38.211062Z",
            "yes_price": 91,
            "no_price": 9,
            "taker_side": "no"
        },
        {
            "trade_id": "9da92487-9425-4003-ba10-b3890e7a0cbc",
            "ticker": "KXHIGHMIA-24NOV06-B85.5",
            "count": 4890,
            "created_time": "2024-11-06T22:11:04.53728Z",
            "yes_price": 95,
            "no_price": 5,
            "taker_side": "no"
        },
        {
            "trade_id": "082fc40f-16f6-49a3-bbb4-d7304704734e",
            "ticker": "KXHIGHMIA-24NOV06-B85.5",
            "count": 31,
            "created_time": "2024-11-06T22:01:14.762335Z",
            "yes_price": 95,
            "no_price": 5,
            "taker_side": "no"
        },
        {
            "trade_id": "2326ad05-3759-4f92-8e80-f3530cff2a13",
            "ticker": "KXHIGHMIA-24NOV06-B85.5",
            "count": 18,
            "created_time": "2024-11-06T21:55:49.762055Z",
            "yes_price": 95,
            "no_price": 5,
            "taker_side": "no"
        },
        {
            "trade_id": "bc98e4ef-37d8-4f90-9d56-c6febbf5071e",
            "ticker": "KXHIGHMIA-24NOV06-B85.5",
            "count": 53,
            "created_time": "2024-11-06T21:54:59.536824Z",
            "yes_price": 95,
            "no_price": 5,
            "taker_side": "no"
        },
        {
            "trade_id": "b55a0af4-34c4-4aec-a641-c3ccbffa4ff1",
            "ticker": "KXHIGHMIA-24NOV06-B85.5",
            "count": 8,
            "created_time": "2024-11-06T21:53:43.258838Z",
            "yes_price": 95,
            "no_price": 5,
            "taker_side": "no"
        },
        {
            "trade_id": "6cda3e03-5701-4e13-ba0c-4cae66a7a6d7",
            "ticker": "KXHIGHMIA-24NOV06-B85.5",
            "count": 130,
            "created_time": "2024-11-06T21:48:34.679553Z",
            "yes_price": 89,
            "no_price": 11,
            "taker_side": "no"
        },
        {
            "trade_id": "54550142-f245-404d-b339-50ed3ec8c435",
            "ticker": "KXHIGHMIA-24NOV06-B85.5",
            "count": 500,
            "created_time": "2024-11-06T21:48:34.679553Z",
            "yes_price": 84,
            "no_price": 16,
            "taker_side": "no"
        },
        {
            "trade_id": "ebf4c56b-7987-4447-a6bf-0e378c942964",
            "ticker": "KXHIGHMIA-24NOV06-B85.5",
            "count": 544,
            "created_time": "2024-11-06T21:46:00.238222Z",
            "yes_price": 84,
            "no_price": 16,
            "taker_side": "no"
        },
        {
            "trade_id": "8207c600-1227-4b32-97da-0381aaa0aaea",
            "ticker": "KXHIGHMIA-24NOV06-B85.5",
            "count": 144,
            "created_time": "2024-11-06T21:46:00.238222Z",
            "yes_price": 95,
            "no_price": 5,
            "taker_side": "no"
        },
        {
            "trade_id": "0c703823-797d-4929-b169-fcf8b915f81a",
            "ticker": "KXHIGHMIA-24NOV06-B85.5",
            "count": 937,
            "created_time": "2024-11-06T21:44:53.689946Z",
            "yes_price": 95,
            "no_price": 5,
            "taker_side": "no"
        },
        {
            "trade_id": "b2af706e-7a54-4c8a-97be-c448009d6a8c",
            "ticker": "KXHIGHMIA-24NOV06-B85.5",
            "count": 2,
            "created_time": "2024-11-06T21:44:45.34353Z",
            "yes_price": 95,
            "no_price": 5,
            "taker_side": "no"
        },
        {
            "trade_id": "0085706d-e10b-4f93-a56a-179116b1fa8f",
            "ticker": "KXHIGHMIA-24NOV06-B85.5",
            "count": 855,
            "created_time": "2024-11-06T21:43:44.27179Z",
            "yes_price": 95,
            "no_price": 5,
            "taker_side": "no"
        },
        {
            "trade_id": "591f67f1-3130-4bf2-9c08-0d28ce539848",
            "ticker": "KXHIGHMIA-24NOV06-B85.5",
            "count": 937,
            "created_time": "2024-11-06T21:42:21.485332Z",
            "yes_price": 95,
            "no_price": 5,
            "taker_side": "no"
        },
        {
            "trade_id": "5a0257a3-95dd-49ba-9672-918aade853ec",
            "ticker": "KXHIGHMIA-24NOV06-B85.5",
            "count": 42,
            "created_time": "2024-11-06T21:40:24.238444Z",
            "yes_price": 95,
            "no_price": 5,
            "taker_side": "no"
        },
        {
            "trade_id": "1db0eac8-2a00-4ede-a2d5-3cf652a5ba7d",
            "ticker": "KXHIGHMIA-24NOV06-B85.5",
            "count": 1875,
            "created_time": "2024-11-06T21:39:57.244712Z",
            "yes_price": 95,
            "no_price": 5,
            "taker_side": "no"
        },
        {
            "trade_id": "611f49f0-019d-4cd8-8e81-a2e9190e4c3d",
            "ticker": "KXHIGHMIA-24NOV06-B85.5",
            "count": 38,
            "created_time": "2024-11-06T21:37:59.426577Z",
            "yes_price": 95,
            "no_price": 5,
            "taker_side": "no"
        },
        {
            "trade_id": "fea0a2b8-c6b9-4f48-ad47-0944dc156757",
            "ticker": "KXHIGHMIA-24NOV06-B85.5",
            "count": 25,
            "created_time": "2024-11-06T21:35:17.771185Z",
            "yes_price": 95,
            "no_price": 5,
            "taker_side": "no"
        },
        {
            "trade_id": "8a47a9b6-c4b4-4346-bda2-e21cec52bcc5",
            "ticker": "KXHIGHMIA-24NOV06-B85.5",
            "count": 85,
            "created_time": "2024-11-06T21:35:10.26987Z",
            "yes_price": 95,
            "no_price": 5,
            "taker_side": "no"
        },
        {
            "trade_id": "c54a166d-4110-4631-8649-69bcd2d3b2e6",
            "ticker": "KXHIGHMIA-24NOV06-B85.5",
            "count": 18,
            "created_time": "2024-11-06T21:32:39.177175Z",
            "yes_price": 95,
            "no_price": 5,
            "taker_side": "no"
        },
        {
            "trade_id": "18ce3878-a9aa-4429-a200-dd84e6e37343",
            "ticker": "KXHIGHMIA-24NOV06-B85.5",
            "count": 42,
            "created_time": "2024-11-06T21:31:11.910085Z",
            "yes_price": 95,
            "no_price": 5,
            "taker_side": "no"
        },
        {
            "trade_id": "ecaa34c8-42f0-4a8b-9718-583ab813486c",
            "ticker": "KXHIGHMIA-24NOV06-B85.5",
            "count": 50,
            "created_time": "2024-11-06T21:19:20.859651Z",
            "yes_price": 99,
            "no_price": 1,
            "taker_side": "yes"
        },
        {
            "trade_id": "8416315f-6288-46fa-8d3b-cac51ebed233",
            "ticker": "KXHIGHMIA-24NOV06-B85.5",
            "count": 83,
            "created_time": "2024-11-06T21:19:20.859651Z",
            "yes_price": 99,
            "no_price": 1,
            "taker_side": "yes"
        },
        {
            "trade_id": "7f51c55f-8e55-4dd2-b2d5-5d22cc0ca45b",
            "ticker": "KXHIGHMIA-24NOV06-B85.5",
            "count": 39,
            "created_time": "2024-11-06T21:19:20.859651Z",
            "yes_price": 99,
            "no_price": 1,
            "taker_side": "yes"
        },
        {
            "trade_id": "c4bc6a35-3123-4baf-92d9-7342c9c013c4",
            "ticker": "KXHIGHMIA-24NOV06-B85.5",
            "count": 21,
            "created_time": "2024-11-06T21:16:04.922447Z",
            "yes_price": 98,
            "no_price": 2,
            "taker_side": "yes"
        },
        {
            "trade_id": "7f4b0f12-d826-472d-8141-508c97c4d7fe",
            "ticker": "KXHIGHMIA-24NOV06-B85.5",
            "count": 117,
            "created_time": "2024-11-06T21:16:04.922447Z",
            "yes_price": 99,
            "no_price": 1,
            "taker_side": "yes"
        },
        {
            "trade_id": "92196d54-0d50-439d-9a61-6e8e07138b7d",
            "ticker": "KXHIGHMIA-24NOV06-B85.5",
            "count": 19,
            "created_time": "2024-11-06T21:12:00.325049Z",
            "yes_price": 98,
            "no_price": 2,
            "taker_side": "yes"
        },
        {
            "trade_id": "683addb0-3a4b-4a5e-84b1-70190647564a",
            "ticker": "KXHIGHMIA-24NOV06-B85.5",
            "count": 30,
            "created_time": "2024-11-06T21:08:41.741169Z",
            "yes_price": 98,
            "no_price": 2,
            "taker_side": "yes"
        },
        {
            "trade_id": "4991d378-3d50-45a2-9613-87d5875414e5",
            "ticker": "KXHIGHMIA-24NOV06-B85.5",
            "count": 20,
            "created_time": "2024-11-06T21:08:41.741169Z",
            "yes_price": 98,
            "no_price": 2,
            "taker_side": "yes"
        },
        {
            "trade_id": "76e6ff55-d2ef-4f22-ae98-8932525a0a9d",
            "ticker": "KXHIGHMIA-24NOV06-B85.5",
            "count": 11,
            "created_time": "2024-11-06T20:57:12.01944Z",
            "yes_price": 81,
            "no_price": 19,
            "taker_side": "no"
        },
        {
            "trade_id": "51f873ad-69ea-494a-bfac-7086ac6ea4b7",
            "ticker": "KXHIGHMIA-24NOV06-B85.5",
            "count": 53,
            "created_time": "2024-11-06T20:57:12.01944Z",
            "yes_price": 97,
            "no_price": 3,
            "taker_side": "no"
        },
        {
            "trade_id": "3475cd7e-f7f3-4e5f-87f1-b975c26bc64f",
            "ticker": "KXHIGHMIA-24NOV06-B85.5",
            "count": 5,
            "created_time": "2024-11-06T20:56:42.391435Z",
            "yes_price": 97,
            "no_price": 3,
            "taker_side": "no"
        },
        {
            "trade_id": "25d35ab3-40d4-482c-95c8-5bf7a38e513e",
            "ticker": "KXHIGHMIA-24NOV06-B85.5",
            "count": 66,
            "created_time": "2024-11-06T20:46:30.702406Z",
            "yes_price": 97,
            "no_price": 3,
            "taker_side": "no"
        },
        {
            "trade_id": "d1c99b2c-b72e-489f-8743-eb5dcb25c88d",
            "ticker": "KXHIGHMIA-24NOV06-B85.5",
            "count": 30,
            "created_time": "2024-11-06T20:44:08.568442Z",
            "yes_price": 95,
            "no_price": 5,
            "taker_side": "yes"
        },
        {
            "trade_id": "c8571e69-7dbc-4023-959c-eee67864092a",
            "ticker": "KXHIGHMIA-24NOV06-B85.5",
            "count": 160,
            "created_time": "2024-11-06T20:44:08.568442Z",
            "yes_price": 94,
            "no_price": 6,
            "taker_side": "yes"
        },
        {
            "trade_id": "870ec81a-be48-414f-b833-43c9e2f99689",
            "ticker": "KXHIGHMIA-24NOV06-B85.5",
            "count": 49,
            "created_time": "2024-11-06T20:44:08.568442Z",
            "yes_price": 96,
            "no_price": 4,
            "taker_side": "yes"
        },
        {
            "trade_id": "54f44666-e73f-49d7-a6f5-abb58f2ece7f",
            "ticker": "KXHIGHMIA-24NOV06-B85.5",
            "count": 30,
            "created_time": "2024-11-06T20:44:08.568442Z",
            "yes_price": 97,
            "no_price": 3,
            "taker_side": "yes"
        },
        {
            "trade_id": "47952a43-4a9c-4285-bb8b-6b9ec90daaa4",
            "ticker": "KXHIGHMIA-24NOV06-B85.5",
            "count": 267,
            "created_time": "2024-11-06T20:44:08.568442Z",
            "yes_price": 97,
            "no_price": 3,
            "taker_side": "yes"
        },
        {
            "trade_id": "73b74e4f-e3f5-4426-846f-52af21cd424b",
            "ticker": "KXHIGHMIA-24NOV06-B85.5",
            "count": 33,
            "created_time": "2024-11-06T20:40:21.701003Z",
            "yes_price": 93,
            "no_price": 7,
            "taker_side": "no"
        },
        {
            "trade_id": "62b0de82-6dd7-44e6-8819-b4aa1614e42d",
            "ticker": "KXHIGHMIA-24NOV06-B85.5",
            "count": 67,
            "created_time": "2024-11-06T20:36:56.693127Z",
            "yes_price": 93,
            "no_price": 7,
            "taker_side": "no"
        },
        {
            "trade_id": "1c2afed6-8a70-4e15-99ed-f5d2a169d05c",
            "ticker": "KXHIGHMIA-24NOV06-B85.5",
            "count": 5,
            "created_time": "2024-11-06T20:35:57.630961Z",
            "yes_price": 94,
            "no_price": 6,
            "taker_side": "yes"
        },
        {
            "trade_id": "79e3831e-4707-4b0e-8667-f29403b9b5a6",
            "ticker": "KXHIGHMIA-24NOV06-B85.5",
            "count": 65,
            "created_time": "2024-11-06T20:33:42.245192Z",
            "yes_price": 95,
            "no_price": 5,
            "taker_side": "yes"
        },
        {
            "trade_id": "c47d98d2-24e7-4241-a48e-80bc7fb4261d",
            "ticker": "KXHIGHMIA-24NOV06-B85.5",
            "count": 5,
            "created_time": "2024-11-06T20:32:55.911495Z",
            "yes_price": 95,
            "no_price": 5,
            "taker_side": "yes"
        },
        {
            "trade_id": "39b363e9-e3b5-4d19-b701-057b0d5873fb",
            "ticker": "KXHIGHMIA-24NOV06-B85.5",
            "count": 2,
            "created_time": "2024-11-06T20:30:27.224936Z",
            "yes_price": 96,
            "no_price": 4,
            "taker_side": "yes"
        },
        {
            "trade_id": "eb059fff-7e8e-4c9b-a073-585191d87e55",
            "ticker": "KXHIGHMIA-24NOV06-B85.5",
            "count": 1,
            "created_time": "2024-11-06T20:23:19.829622Z",
            "yes_price": 76,
            "no_price": 24,
            "taker_side": "no"
        },
        {
            "trade_id": "e881bfc9-18b5-428a-8034-07dd37241394",
            "ticker": "KXHIGHMIA-24NOV06-B85.5",
            "count": 30,
            "created_time": "2024-11-06T20:23:19.829622Z",
            "yes_price": 74,
            "no_price": 26,
            "taker_side": "no"
        },
        {
            "trade_id": "e41613a1-6eff-47a1-ac14-1f5974c11293",
            "ticker": "KXHIGHMIA-24NOV06-B85.5",
            "count": 200,
            "created_time": "2024-11-06T20:23:19.829622Z",
            "yes_price": 76,
            "no_price": 24,
            "taker_side": "no"
        },
        {
            "trade_id": "aa60728d-4f4f-41c2-a808-ad13df2c6e75",
            "ticker": "KXHIGHMIA-24NOV06-B85.5",
            "count": 51,
            "created_time": "2024-11-06T20:23:19.829622Z",
            "yes_price": 88,
            "no_price": 12,
            "taker_side": "no"
        },
        {
            "trade_id": "93f9c439-3262-44aa-885a-17436d7195dc",
            "ticker": "KXHIGHMIA-24NOV06-B85.5",
            "count": 73,
            "created_time": "2024-11-06T20:23:19.829622Z",
            "yes_price": 88,
            "no_price": 12,
            "taker_side": "no"
        },
        {
            "trade_id": "7649d089-bf28-416b-b47e-4f7a97b8ce8d",
            "ticker": "KXHIGHMIA-24NOV06-B85.5",
            "count": 66,
            "created_time": "2024-11-06T20:23:19.829622Z",
            "yes_price": 81,
            "no_price": 19,
            "taker_side": "no"
        },
        {
            "trade_id": "63a30013-2a1d-4bd3-b1c8-dfc6878c2a23",
            "ticker": "KXHIGHMIA-24NOV06-B85.5",
            "count": 29,
            "created_time": "2024-11-06T20:23:19.829622Z",
            "yes_price": 89,
            "no_price": 11,
            "taker_side": "no"
        },
        {
            "trade_id": "5b762117-af20-4df8-9beb-e8dc13a90442",
            "ticker": "KXHIGHMIA-24NOV06-B85.5",
            "count": 55,
            "created_time": "2024-11-06T20:23:19.829622Z",
            "yes_price": 85,
            "no_price": 15,
            "taker_side": "no"
        },
        {
            "trade_id": "856db392-01de-4404-97f8-93665a005e42",
            "ticker": "KXHIGHMIA-24NOV06-B85.5",
            "count": 2,
            "created_time": "2024-11-06T20:10:39.213177Z",
            "yes_price": 85,
            "no_price": 15,
            "taker_side": "yes"
        },
        {
            "trade_id": "6ca0df6c-db22-4afd-96f4-a7cb6d81419c",
            "ticker": "KXHIGHMIA-24NOV06-B85.5",
            "count": 43,
            "created_time": "2024-11-06T20:10:39.213177Z",
            "yes_price": 86,
            "no_price": 14,
            "taker_side": "yes"
        },
        {
            "trade_id": "895d076e-77e4-41ca-929d-9c5029d450b3",
            "ticker": "KXHIGHMIA-24NOV06-B85.5",
            "count": 111,
            "created_time": "2024-11-06T20:07:50.628836Z",
            "yes_price": 86,
            "no_price": 14,
            "taker_side": "yes"
        },
        {
            "trade_id": "9dca78e2-b46b-4fda-a46d-27362ec0ec2a",
            "ticker": "KXHIGHMIA-24NOV06-B85.5",
            "count": 11,
            "created_time": "2024-11-06T20:06:31.571255Z",
            "yes_price": 87,
            "no_price": 13,
            "taker_side": "yes"
        },
        {
            "trade_id": "678696c1-c919-41b7-93c8-a2b54e966100",
            "ticker": "KXHIGHMIA-24NOV06-B85.5",
            "count": 10,
            "created_time": "2024-11-06T20:06:31.571255Z",
            "yes_price": 87,
            "no_price": 13,
            "taker_side": "yes"
        },
        {
            "trade_id": "b5bb6195-5b3c-4359-8f34-044091851b28",
            "ticker": "KXHIGHMIA-24NOV06-B85.5",
            "count": 2,
            "created_time": "2024-11-06T20:00:55.21267Z",
            "yes_price": 87,
            "no_price": 13,
            "taker_side": "yes"
        },
        {
            "trade_id": "997efdb0-567d-4990-a97e-e22f75cb2af4",
            "ticker": "KXHIGHMIA-24NOV06-B85.5",
            "count": 2,
            "created_time": "2024-11-06T20:00:44.08584Z",
            "yes_price": 87,
            "no_price": 13,
            "taker_side": "yes"
        },
        {
            "trade_id": "d0fe7e97-e318-4d8d-84d3-67e09e942d04",
            "ticker": "KXHIGHMIA-24NOV06-B85.5",
            "count": 2,
            "created_time": "2024-11-06T19:59:23.977853Z",
            "yes_price": 80,
            "no_price": 20,
            "taker_side": "yes"
        },
        {
            "trade_id": "3d0dae4f-979e-4002-9b49-6d13a26d3f49",
            "ticker": "KXHIGHMIA-24NOV06-B85.5",
            "count": 50,
            "created_time": "2024-11-06T19:58:30.637571Z",
            "yes_price": 87,
            "no_price": 13,
            "taker_side": "yes"
        },
        {
            "trade_id": "dc3f3c46-d7e2-4819-a6d8-ebc8a2d4183c",
            "ticker": "KXHIGHMIA-24NOV06-B85.5",
            "count": 50,
            "created_time": "2024-11-06T19:57:38.469501Z",
            "yes_price": 87,
            "no_price": 13,
            "taker_side": "yes"
        },
        {
            "trade_id": "239ceffe-e8af-49c9-ae52-d25f12163a4c",
            "ticker": "KXHIGHMIA-24NOV06-B85.5",
            "count": 1,
            "created_time": "2024-11-06T19:57:20.638529Z",
            "yes_price": 87,
            "no_price": 13,
            "taker_side": "yes"
        },
        {
            "trade_id": "f52f2140-0bbc-42b2-9dfd-e3859de76f4a",
            "ticker": "KXHIGHMIA-24NOV06-B85.5",
            "count": 19,
            "created_time": "2024-11-06T19:56:32.626134Z",
            "yes_price": 75,
            "no_price": 25,
            "taker_side": "no"
        },
        {
            "trade_id": "869c9bfa-0233-4154-af7a-06a16e4f2d17",
            "ticker": "KXHIGHMIA-24NOV06-B85.5",
            "count": 48,
            "created_time": "2024-11-06T19:54:11.384843Z",
            "yes_price": 87,
            "no_price": 13,
            "taker_side": "yes"
        },
        {
            "trade_id": "0c079958-f9e9-4c79-beb4-5a2035b359d6",
            "ticker": "KXHIGHMIA-24NOV06-B85.5",
            "count": 3,
            "created_time": "2024-11-06T19:51:45.266076Z",
            "yes_price": 75,
            "no_price": 25,
            "taker_side": "no"
        },
        {
            "trade_id": "e90ebf10-c6c3-4150-a1ce-d1e3e9ffe9ac",
            "ticker": "KXHIGHMIA-24NOV06-B85.5",
            "count": 60,
            "created_time": "2024-11-06T19:41:52.8947Z",
            "yes_price": 85,
            "no_price": 15,
            "taker_side": "yes"
        },
        {
            "trade_id": "6272cce3-7600-4194-aea8-bc1bb0ec4ab0",
            "ticker": "KXHIGHMIA-24NOV06-B85.5",
            "count": 55,
            "created_time": "2024-11-06T19:41:52.8947Z",
            "yes_price": 87,
            "no_price": 13,
            "taker_side": "yes"
        },
        {
            "trade_id": "ad42aca4-e765-4019-9b83-a8af14e355b2",
            "ticker": "KXHIGHMIA-24NOV06-B85.5",
            "count": 5,
            "created_time": "2024-11-06T19:36:40.284011Z",
            "yes_price": 85,
            "no_price": 15,
            "taker_side": "yes"
        },
        {
            "trade_id": "f2525a22-4777-4750-88f6-da0ac37acb33",
            "ticker": "KXHIGHMIA-24NOV06-B85.5",
            "count": 123,
            "created_time": "2024-11-06T19:35:56.365985Z",
            "yes_price": 85,
            "no_price": 15,
            "taker_side": "yes"
        },
        {
            "trade_id": "9874d2a1-8a7d-43c0-b522-8074cdaae066",
            "ticker": "KXHIGHMIA-24NOV06-B85.5",
            "count": 2,
            "created_time": "2024-11-06T19:35:08.973214Z",
            "yes_price": 71,
            "no_price": 29,
            "taker_side": "no"
        },
        {
            "trade_id": "6e4431ed-a9b3-434c-bbc0-1fb6b539d40c",
            "ticker": "KXHIGHMIA-24NOV06-B85.5",
            "count": 63,
            "created_time": "2024-11-06T19:35:08.973214Z",
            "yes_price": 71,
