{
    "HIGHMIA-24FEB27-T72": [],
    "HIGHMIA-24FEB27-B72.5": [],
    "HIGHMIA-24FEB27-B74.5": [
        {
            "trade_id": "94d177f0-8699-4aef-8d19-3393562817e5",
            "ticker": "HIGHMIA-24FEB27-B74.5",
            "count": 4,
            "created_time": "2024-02-27T16:37:27.3094Z",
            "yes_price": 1,
            "no_price": 99,
            "taker_side": "no"
        },
        {
            "trade_id": "979909f8-829a-49b1-b25a-26f610b7f90c",
            "ticker": "HIGHMIA-24FEB27-B74.5",
            "count": 1,
            "created_time": "2024-02-26T17:30:25.000373Z",
            "yes_price": 13,
            "no_price": 87,
            "taker_side": "yes"
        }
    ],
    "HIGHMIA-24FEB27-B76.5": [
        {
            "trade_id": "5b2b731f-db9e-43c4-b1e2-244b145e00e5",
            "ticker": "HIGHMIA-24FEB27-B76.5",
            "count": 6,
            "created_time": "2024-02-27T17:33:20.848157Z",
            "yes_price": 37,
            "no_price": 63,
            "taker_side": "yes"
        },
        {
            "trade_id": "dd982956-53d4-47ad-97c9-dc5c33eb26e1",
            "ticker": "HIGHMIA-24FEB27-B76.5",
            "count": 5,
            "created_time": "2024-02-27T17:08:28.099559Z",
            "yes_price": 37,
            "no_price": 63,
            "taker_side": "yes"
        },
        {
            "trade_id": "893e7371-11b8-463c-a3b3-f398ffff65c6",
            "ticker": "HIGHMIA-24FEB27-B76.5",
            "count": 14,
            "created_time": "2024-02-27T13:20:19.836645Z",
            "yes_price": 27,
            "no_price": 73,
            "taker_side": "no"
        },
        {
            "trade_id": "fc975422-8f93-4cde-a50e-e1d89cece638",
            "ticker": "HIGHMIA-24FEB27-B76.5",
            "count": 16,
            "created_time": "2024-02-27T13:04:29.339073Z",
            "yes_price": 32,
            "no_price": 68,
            "taker_side": "yes"
        },
        {
            "trade_id": "43488fb9-b1b8-471f-bc41-a4d000d5c30e",
            "ticker": "HIGHMIA-24FEB27-B76.5",
            "count": 10,
            "created_time": "2024-02-27T13:04:29.339073Z",
            "yes_price": 32,
            "no_price": 68,
            "taker_side": "yes"
        },
        {
            "trade_id": "7b0ac815-1de9-4c9e-9a2a-113d913d40ec",
            "ticker": "HIGHMIA-24FEB27-B76.5",
            "count": 21,
            "created_time": "2024-02-27T13:01:25.648824Z",
            "yes_price": 31,
            "no_price": 69,
            "taker_side": "no"
        },
        {
            "trade_id": "f1a9a9ae-8aab-49ae-905c-28c6f39060f4",
            "ticker": "HIGHMIA-24FEB27-B76.5",
            "count": 1,
            "created_time": "2024-02-27T13:01:20.631175Z",
            "yes_price": 32,
            "no_price": 68,
            "taker_side": "no"
        },
        {
            "trade_id": "d3343896-b6f3-44fa-8889-80f6b6ccb912",
            "ticker": "HIGHMIA-24FEB27-B76.5",
            "count": 17,
            "created_time": "2024-02-27T13:01:20.576577Z",
            "yes_price": 32,
            "no_price": 68,
            "taker_side": "no"
        },
        {
            "trade_id": "5cc8b963-6a07-4d0c-83f5-bb4953261fea",
            "ticker": "HIGHMIA-24FEB27-B76.5",
            "count": 8,
            "created_time": "2024-02-27T13:01:12.038749Z",
            "yes_price": 32,
            "no_price": 68,
            "taker_side": "no"
        },
        {
            "trade_id": "0932e5c5-48f1-4d6c-8c62-6aa95fa3b402",
            "ticker": "HIGHMIA-24FEB27-B76.5",
            "count": 13,
            "created_time": "2024-02-27T13:01:08.119184Z",
            "yes_price": 33,
            "no_price": 67,
            "taker_side": "no"
        },
        {
            "trade_id": "0bcc3ceb-a5aa-4d45-bd81-c030d5a81ca4",
            "ticker": "HIGHMIA-24FEB27-B76.5",
            "count": 1,
            "created_time": "2024-02-27T02:36:06.460715Z",
            "yes_price": 47,
            "no_price": 53,
            "taker_side": "no"
        },
        {
            "trade_id": "907b2870-c4ce-4c0b-acc2-27bb98103fb4",
            "ticker": "HIGHMIA-24FEB27-B76.5",
            "count": 1,
            "created_time": "2024-02-27T02:21:36.623527Z",
            "yes_price": 47,
            "no_price": 53,
            "taker_side": "no"
        },
        {
            "trade_id": "a80bfbaa-337e-4666-80a1-865649d00dad",
            "ticker": "HIGHMIA-24FEB27-B76.5",
            "count": 16,
            "created_time": "2024-02-27T00:47:05.958916Z",
            "yes_price": 49,
            "no_price": 51,
            "taker_side": "yes"
        },
        {
            "trade_id": "a7c767f4-4cf0-4e53-b034-a1cb145f79ac",
            "ticker": "HIGHMIA-24FEB27-B76.5",
            "count": 16,
            "created_time": "2024-02-27T00:47:05.958916Z",
            "yes_price": 52,
            "no_price": 48,
            "taker_side": "yes"
        },
        {
            "trade_id": "9cf720d0-3b6e-4419-a393-6bf4f7b9041a",
            "ticker": "HIGHMIA-24FEB27-B76.5",
            "count": 6,
            "created_time": "2024-02-27T00:47:05.958916Z",
            "yes_price": 52,
            "no_price": 48,
            "taker_side": "yes"
        },
        {
            "trade_id": "a6ce9ede-2b01-45cf-b0a3-30ec84e20280",
            "ticker": "HIGHMIA-24FEB27-B76.5",
            "count": 1,
            "created_time": "2024-02-27T00:36:43.467581Z",
            "yes_price": 44,
            "no_price": 56,
            "taker_side": "no"
        },
        {
            "trade_id": "dc3272b8-5339-4001-a8a4-8a8e25974133",
            "ticker": "HIGHMIA-24FEB27-B76.5",
            "count": 1,
            "created_time": "2024-02-26T23:36:12.763584Z",
            "yes_price": 44,
            "no_price": 56,
            "taker_side": "no"
        },
        {
            "trade_id": "9a42be37-8d15-4f0f-9fce-090228cf0632",
            "ticker": "HIGHMIA-24FEB27-B76.5",
            "count": 84,
            "created_time": "2024-02-26T22:39:41.769654Z",
            "yes_price": 47,
            "no_price": 53,
            "taker_side": "yes"
        },
        {
            "trade_id": "16668728-e5ee-407d-9a41-18ca0d835f0b",
            "ticker": "HIGHMIA-24FEB27-B76.5",
            "count": 33,
            "created_time": "2024-02-26T22:39:41.769654Z",
            "yes_price": 45,
            "no_price": 55,
            "taker_side": "yes"
        },
        {
            "trade_id": "31647bc2-e77b-441a-b478-2bff5a889132",
            "ticker": "HIGHMIA-24FEB27-B76.5",
            "count": 33,
            "created_time": "2024-02-26T22:38:15.979939Z",
            "yes_price": 43,
            "no_price": 57,
            "taker_side": "yes"
        },
        {
            "trade_id": "0bccfd6f-d1f3-4ae6-9392-f6593800f55f",
            "ticker": "HIGHMIA-24FEB27-B76.5",
            "count": 84,
            "created_time": "2024-02-26T22:38:15.979939Z",
            "yes_price": 44,
            "no_price": 56,
            "taker_side": "yes"
        },
        {
            "trade_id": "fee8e4b8-4015-4bfd-a4fa-e329671ad8e7",
            "ticker": "HIGHMIA-24FEB27-B76.5",
            "count": 85,
            "created_time": "2024-02-26T22:26:10.540184Z",
            "yes_price": 37,
            "no_price": 63,
            "taker_side": "yes"
        },
        {
            "trade_id": "e4bc76c3-455f-4453-be9b-13953c5d9379",
            "ticker": "HIGHMIA-24FEB27-B76.5",
            "count": 25,
            "created_time": "2024-02-26T22:26:10.540184Z",
            "yes_price": 35,
            "no_price": 65,
            "taker_side": "yes"
        },
        {
            "trade_id": "1bca5909-8931-413a-bbaf-7dc24bd9b36b",
            "ticker": "HIGHMIA-24FEB27-B76.5",
            "count": 11,
            "created_time": "2024-02-26T21:24:07.964133Z",
            "yes_price": 36,
            "no_price": 64,
            "taker_side": "yes"
        },
        {
            "trade_id": "92c0a326-0dc6-4dae-a71a-519543de60c9",
            "ticker": "HIGHMIA-24FEB27-B76.5",
            "count": 86,
            "created_time": "2024-02-26T21:22:24.15386Z",
            "yes_price": 34,
            "no_price": 66,
            "taker_side": "yes"
        },
        {
            "trade_id": "5c167ee9-b600-406c-aafe-2ddf3b575f6b",
            "ticker": "HIGHMIA-24FEB27-B76.5",
            "count": 25,
            "created_time": "2024-02-26T21:22:24.15386Z",
            "yes_price": 32,
            "no_price": 68,
            "taker_side": "yes"
        },
        {
            "trade_id": "19c06c7c-547b-4c65-a7ed-0d9e103866a2",
            "ticker": "HIGHMIA-24FEB27-B76.5",
            "count": 1,
            "created_time": "2024-02-26T21:22:24.15386Z",
            "yes_price": 32,
            "no_price": 68,
            "taker_side": "yes"
        },
        {
            "trade_id": "e9cbb817-2533-4d8e-8b2c-facff23e7b73",
            "ticker": "HIGHMIA-24FEB27-B76.5",
            "count": 17,
            "created_time": "2024-02-26T21:21:31.892273Z",
            "yes_price": 27,
            "no_price": 73,
            "taker_side": "yes"
        },
        {
            "trade_id": "79b66639-fdad-4598-b9c8-62eb79b47a46",
            "ticker": "HIGHMIA-24FEB27-B76.5",
            "count": 87,
            "created_time": "2024-02-26T21:21:31.892273Z",
            "yes_price": 29,
            "no_price": 71,
            "taker_side": "yes"
        },
        {
            "trade_id": "4ac2fd7e-ea28-400c-9638-61081fa9d005",
            "ticker": "HIGHMIA-24FEB27-B76.5",
            "count": 86,
            "created_time": "2024-02-26T21:21:31.892273Z",
            "yes_price": 31,
            "no_price": 69,
            "taker_side": "yes"
        },
        {
            "trade_id": "1de88fed-d34f-4548-8186-4932d621e44e",
            "ticker": "HIGHMIA-24FEB27-B76.5",
            "count": 1,
            "created_time": "2024-02-26T18:37:28.956861Z",
            "yes_price": 31,
            "no_price": 69,
            "taker_side": "yes"
        },
        {
            "trade_id": "d8d6d9af-d394-4164-a51b-c0e2307f6c29",
            "ticker": "HIGHMIA-24FEB27-B76.5",
            "count": 4,
            "created_time": "2024-02-26T18:18:39.855648Z",
            "yes_price": 30,
            "no_price": 70,
            "taker_side": "yes"
        },
        {
            "trade_id": "bc6efbd7-b391-40fb-abb4-ba48578fe80f",
            "ticker": "HIGHMIA-24FEB27-B76.5",
            "count": 1,
            "created_time": "2024-02-26T17:35:20.729876Z",
            "yes_price": 30,
            "no_price": 70,
            "taker_side": "yes"
        },
        {
            "trade_id": "99facafa-bfea-479b-9aa1-5e2b1ac359b0",
            "ticker": "HIGHMIA-24FEB27-B76.5",
            "count": 1,
            "created_time": "2024-02-26T16:37:41.458347Z",
            "yes_price": 36,
            "no_price": 64,
            "taker_side": "yes"
        }
    ],
    "HIGHMIA-24FEB27-B78.5": [
        {
            "trade_id": "ade21643-d873-460d-81d7-f2c1e102b5f7",
            "ticker": "HIGHMIA-24FEB27-B78.5",
            "count": 10,
            "created_time": "2024-02-27T14:14:45.483882Z",
            "yes_price": 57,
            "no_price": 43,
            "taker_side": "no"
        },
        {
            "trade_id": "9e958d79-da36-4a2b-898d-400e722c5677",
            "ticker": "HIGHMIA-24FEB27-B78.5",
            "count": 6,
            "created_time": "2024-02-27T13:20:19.768868Z",
            "yes_price": 62,
            "no_price": 38,
            "taker_side": "yes"
        },
        {
            "trade_id": "86db43bc-8439-4f2d-bd89-49db351a5e60",
            "ticker": "HIGHMIA-24FEB27-B78.5",
            "count": 14,
            "created_time": "2024-02-27T13:20:19.768868Z",
            "yes_price": 61,
            "no_price": 39,
            "taker_side": "yes"
        },
        {
            "trade_id": "207104fc-0086-4eb1-832e-edbc2444829c",
            "ticker": "HIGHMIA-24FEB27-B78.5",
            "count": 5,
            "created_time": "2024-02-27T13:20:02.638005Z",
            "yes_price": 56,
            "no_price": 44,
            "taker_side": "yes"
        },
        {
            "trade_id": "6308ac73-a97e-44fc-a9cb-2f737ae2f8f7",
            "ticker": "HIGHMIA-24FEB27-B78.5",
            "count": 12,
            "created_time": "2024-02-27T13:16:25.496873Z",
            "yes_price": 56,
            "no_price": 44,
            "taker_side": "yes"
        },
        {
            "trade_id": "ab0e8098-04b8-43d0-b33c-bd0acd4cf972",
            "ticker": "HIGHMIA-24FEB27-B78.5",
            "count": 10,
            "created_time": "2024-02-27T13:04:29.416867Z",
            "yes_price": 53,
            "no_price": 47,
            "taker_side": "no"
        },
        {
            "trade_id": "61228198-e170-430d-b248-c51114b8776e",
            "ticker": "HIGHMIA-24FEB27-B78.5",
            "count": 21,
            "created_time": "2024-02-27T13:01:25.597148Z",
            "yes_price": 55,
            "no_price": 45,
            "taker_side": "no"
        },
        {
            "trade_id": "6e073740-0c07-4257-aaf4-317e96134571",
            "ticker": "HIGHMIA-24FEB27-B78.5",
            "count": 17,
            "created_time": "2024-02-27T13:01:20.585642Z",
            "yes_price": 56,
            "no_price": 44,
            "taker_side": "no"
        },
        {
            "trade_id": "3eb7d8f1-8bd5-4d44-8eb7-7e10444921b8",
            "ticker": "HIGHMIA-24FEB27-B78.5",
            "count": 8,
            "created_time": "2024-02-27T13:01:12.030783Z",
            "yes_price": 56,
            "no_price": 44,
            "taker_side": "no"
        },
        {
            "trade_id": "d746f04a-f565-4c9a-ae11-6fefdbae1259",
            "ticker": "HIGHMIA-24FEB27-B78.5",
            "count": 13,
            "created_time": "2024-02-27T13:01:08.111061Z",
            "yes_price": 56,
            "no_price": 44,
            "taker_side": "no"
        },
        {
            "trade_id": "99866729-9b92-466c-9fb3-f2e7b5e0be6f",
            "ticker": "HIGHMIA-24FEB27-B78.5",
            "count": 75,
            "created_time": "2024-02-27T04:41:20.561629Z",
            "yes_price": 58,
            "no_price": 42,
            "taker_side": "yes"
        },
        {
            "trade_id": "746d5ff3-c6d1-4c15-b372-0b00d806d8ce",
            "ticker": "HIGHMIA-24FEB27-B78.5",
            "count": 30,
            "created_time": "2024-02-27T04:41:20.561629Z",
            "yes_price": 56,
            "no_price": 44,
            "taker_side": "yes"
        },
        {
            "trade_id": "e9d394a3-0df1-4b02-9fe7-a429ffc6f9ee",
            "ticker": "HIGHMIA-24FEB27-B78.5",
            "count": 75,
            "created_time": "2024-02-27T04:41:00.050074Z",
            "yes_price": 56,
            "no_price": 44,
            "taker_side": "yes"
        },
        {
            "trade_id": "81e9a18a-1266-4ba5-92f0-6178890b106c",
            "ticker": "HIGHMIA-24FEB27-B78.5",
            "count": 15,
            "created_time": "2024-02-27T04:41:00.050074Z",
            "yes_price": 53,
            "no_price": 47,
            "taker_side": "yes"
        },
        {
            "trade_id": "85dfe991-1593-43df-bbb1-2a858ac1c544",
            "ticker": "HIGHMIA-24FEB27-B78.5",
            "count": 75,
            "created_time": "2024-02-27T04:39:31.606334Z",
            "yes_price": 51,
            "no_price": 49,
            "taker_side": "yes"
        },
        {
            "trade_id": "29677654-a523-402a-8096-3bfff847215d",
            "ticker": "HIGHMIA-24FEB27-B78.5",
            "count": 22,
            "created_time": "2024-02-27T04:39:31.606334Z",
            "yes_price": 48,
            "no_price": 52,
            "taker_side": "yes"
        },
        {
            "trade_id": "0ebb6155-3334-4a71-8deb-141448131398",
            "ticker": "HIGHMIA-24FEB27-B78.5",
            "count": 75,
            "created_time": "2024-02-27T04:39:31.606334Z",
            "yes_price": 53,
            "no_price": 47,
            "taker_side": "yes"
        },
        {
            "trade_id": "2c8e953f-4f6b-4134-ac4b-0525d70af629",
            "ticker": "HIGHMIA-24FEB27-B78.5",
            "count": 37,
            "created_time": "2024-02-27T04:28:49.627558Z",
            "yes_price": 41,
            "no_price": 59,
            "taker_side": "no"
        },
        {
            "trade_id": "a0b028b2-770c-410c-936a-4ce46afadcc9",
            "ticker": "HIGHMIA-24FEB27-B78.5",
            "count": 30,
            "created_time": "2024-02-27T04:28:34.337969Z",
            "yes_price": 42,
            "no_price": 58,
            "taker_side": "no"
        },
        {
            "trade_id": "f7ee0bdf-3aa5-4d9c-ac07-924abecdfe5d",
            "ticker": "HIGHMIA-24FEB27-B78.5",
            "count": 22,
            "created_time": "2024-02-27T04:27:27.739245Z",
            "yes_price": 49,
            "no_price": 51,
            "taker_side": "yes"
        },
        {
            "trade_id": "a6ca29b7-1858-41cb-a2aa-8d746eea0ed4",
            "ticker": "HIGHMIA-24FEB27-B78.5",
            "count": 30,
            "created_time": "2024-02-27T04:26:33.949703Z",
            "yes_price": 48,
            "no_price": 52,
            "taker_side": "yes"
        },
        {
            "trade_id": "d9253d1c-79cd-4bb5-8300-3b28f943996d",
            "ticker": "HIGHMIA-24FEB27-B78.5",
            "count": 37,
            "created_time": "2024-02-27T04:26:26.204431Z",
            "yes_price": 47,
            "no_price": 53,
            "taker_side": "yes"
        },
        {
            "trade_id": "589225a1-6b3a-455d-8bb0-f7fc49630adc",
            "ticker": "HIGHMIA-24FEB27-B78.5",
            "count": 30,
            "created_time": "2024-02-27T04:26:19.875636Z",
            "yes_price": 46,
            "no_price": 54,
            "taker_side": "yes"
        },
        {
            "trade_id": "5b4f79c6-8e4e-460c-b8a1-fcdba2d9ba33",
            "ticker": "HIGHMIA-24FEB27-B78.5",
            "count": 33,
            "created_time": "2024-02-26T22:38:07.251475Z",
            "yes_price": 43,
            "no_price": 57,
            "taker_side": "no"
        },
        {
            "trade_id": "41992d5a-f644-460e-9656-e218601e5ae0",
            "ticker": "HIGHMIA-24FEB27-B78.5",
            "count": 16,
            "created_time": "2024-02-26T22:37:48.26353Z",
            "yes_price": 45,
            "no_price": 55,
            "taker_side": "no"
        },
        {
            "trade_id": "36cb246d-6480-4214-9fe9-ac140cac595e",
            "ticker": "HIGHMIA-24FEB27-B78.5",
            "count": 84,
            "created_time": "2024-02-26T22:37:48.26353Z",
            "yes_price": 43,
            "no_price": 57,
            "taker_side": "no"
        },
        {
            "trade_id": "e98e1e29-952b-4d59-9074-06cd15613f9c",
            "ticker": "HIGHMIA-24FEB27-B78.5",
            "count": 85,
            "created_time": "2024-02-26T22:26:26.455291Z",
            "yes_price": 44,
            "no_price": 56,
            "taker_side": "no"
        },
        {
            "trade_id": "dcc91902-c400-47e9-9d59-c2d5d32f1503",
            "ticker": "HIGHMIA-24FEB27-B78.5",
            "count": 42,
            "created_time": "2024-02-26T22:26:26.455291Z",
            "yes_price": 46,
            "no_price": 54,
            "taker_side": "no"
        },
        {
            "trade_id": "e446329f-f766-457f-978a-fc802d33bcfa",
            "ticker": "HIGHMIA-24FEB27-B78.5",
            "count": 86,
            "created_time": "2024-02-26T21:21:22.643564Z",
            "yes_price": 51,
            "no_price": 49,
            "taker_side": "no"
        },
        {
            "trade_id": "aa88f99a-7ede-4053-8ea4-239a64dddefe",
            "ticker": "HIGHMIA-24FEB27-B78.5",
            "count": 17,
            "created_time": "2024-02-26T21:21:22.643564Z",
            "yes_price": 56,
            "no_price": 44,
            "taker_side": "no"
        },
        {
            "trade_id": "5f6dbd32-b0db-4bbc-af3f-7f878464ab4b",
            "ticker": "HIGHMIA-24FEB27-B78.5",
            "count": 86,
            "created_time": "2024-02-26T21:21:22.643564Z",
            "yes_price": 53,
            "no_price": 47,
            "taker_side": "no"
        },
        {
            "trade_id": "f85eeed3-e497-4574-ba97-188677747aad",
            "ticker": "HIGHMIA-24FEB27-B78.5",
            "count": 3,
            "created_time": "2024-02-26T18:19:06.093378Z",
            "yes_price": 51,
            "no_price": 49,
            "taker_side": "no"
        },
        {
            "trade_id": "54ec1096-08e9-4135-81d8-6ff5a3f2d1e7",
            "ticker": "HIGHMIA-24FEB27-B78.5",
            "count": 35,
            "created_time": "2024-02-26T17:41:32.888521Z",
            "yes_price": 57,
            "no_price": 43,
            "taker_side": "yes"
        },
        {
            "trade_id": "91a7db31-1cb6-4547-bead-4c57fd894db1",
            "ticker": "HIGHMIA-24FEB27-B78.5",
            "count": 44,
            "created_time": "2024-02-26T17:41:23.470655Z",
            "yes_price": 56,
            "no_price": 44,
            "taker_side": "yes"
        },
        {
            "trade_id": "74e64bb3-078c-429f-8899-0a7960396c87",
            "ticker": "HIGHMIA-24FEB27-B78.5",
            "count": 44,
            "created_time": "2024-02-26T17:41:14.674289Z",
            "yes_price": 55,
            "no_price": 45,
            "taker_side": "yes"
        },
        {
            "trade_id": "853e84e4-d994-4231-b4fd-0ccee5d013a4",
            "ticker": "HIGHMIA-24FEB27-B78.5",
            "count": 8,
            "created_time": "2024-02-26T17:41:05.108236Z",
            "yes_price": 54,
            "no_price": 46,
            "taker_side": "yes"
        },
        {
            "trade_id": "801d8368-fb46-41cf-93d4-e86041469205",
            "ticker": "HIGHMIA-24FEB27-B78.5",
            "count": 1,
            "created_time": "2024-02-26T17:41:05.108236Z",
            "yes_price": 54,
            "no_price": 46,
            "taker_side": "yes"
        },
        {
            "trade_id": "5bcc1b8f-248d-4253-a09e-b36e2c286240",
            "ticker": "HIGHMIA-24FEB27-B78.5",
            "count": 1,
            "created_time": "2024-02-26T17:30:26.146873Z",
            "yes_price": 48,
            "no_price": 52,
            "taker_side": "no"
        },
        {
            "trade_id": "cba77250-b142-4a25-9a2f-875098c61fd2",
            "ticker": "HIGHMIA-24FEB27-B78.5",
            "count": 1,
            "created_time": "2024-02-26T16:37:41.556217Z",
            "yes_price": 46,
            "no_price": 54,
            "taker_side": "no"
        }
    ],
    "HIGHMIA-24FEB27-T79": [
        {
            "trade_id": "14334287-15b1-453b-bb21-3e6074eee243",
            "ticker": "HIGHMIA-24FEB27-T79",
            "count": 14,
            "created_time": "2024-02-27T13:20:19.835582Z",
            "yes_price": 15,
            "no_price": 85,
            "taker_side": "no"
        },
        {
            "trade_id": "23a52b0b-f942-4868-9c00-62c814970bbe",
            "ticker": "HIGHMIA-24FEB27-T79",
            "count": 10,
            "created_time": "2024-02-27T13:04:29.41533Z",
            "yes_price": 15,
            "no_price": 85,
            "taker_side": "no"
        },
        {
            "trade_id": "a5a01eb0-1e8f-4b9e-add3-5640a6031412",
            "ticker": "HIGHMIA-24FEB27-T79",
            "count": 21,
            "created_time": "2024-02-27T13:01:25.647624Z",
            "yes_price": 15,
            "no_price": 85,
            "taker_side": "no"
        },
        {
            "trade_id": "63fce3a4-2824-4725-b5c8-2958ad76c401",
            "ticker": "HIGHMIA-24FEB27-T79",
            "count": 17,
            "created_time": "2024-02-27T13:01:20.622113Z",
            "yes_price": 15,
            "no_price": 85,
            "taker_side": "no"
        },
        {
            "trade_id": "4ed01005-27cf-4779-990c-fc42046b3d40",
            "ticker": "HIGHMIA-24FEB27-T79",
            "count": 17,
            "created_time": "2024-02-27T13:01:20.592807Z",
            "yes_price": 15,
            "no_price": 85,
            "taker_side": "no"
        },
        {
            "trade_id": "8d02cfa4-4da8-4c3c-91e2-a911cf6f3683",
            "ticker": "HIGHMIA-24FEB27-T79",
            "count": 8,
            "created_time": "2024-02-27T13:01:12.044435Z",
            "yes_price": 15,
            "no_price": 85,
            "taker_side": "no"
        },
        {
            "trade_id": "f0aa2c4c-a975-4baa-97aa-bcc16e43a7e0",
            "ticker": "HIGHMIA-24FEB27-T79",
            "count": 13,
            "created_time": "2024-02-27T13:01:08.110058Z",
            "yes_price": 15,
            "no_price": 85,
            "taker_side": "no"
        },
        {
            "trade_id": "6b7ab0df-2e5f-496b-8b39-61f5f4f3f184",
            "ticker": "HIGHMIA-24FEB27-T79",
            "count": 37,
            "created_time": "2024-02-27T04:27:16.655843Z",
            "yes_price": 17,
            "no_price": 83,
            "taker_side": "no"
        },
        {
            "trade_id": "ddfc7699-a6e2-4455-8a21-f8859be7788f",
            "ticker": "HIGHMIA-24FEB27-T79",
            "count": 84,
            "created_time": "2024-02-26T22:37:57.714956Z",
            "yes_price": 12,
            "no_price": 88,
            "taker_side": "no"
        },
        {
            "trade_id": "60ea3aee-3b62-4d1f-bba7-61ddb6f697c3",
            "ticker": "HIGHMIA-24FEB27-T79",
            "count": 85,
            "created_time": "2024-02-26T22:37:57.714956Z",
            "yes_price": 10,
            "no_price": 90,
            "taker_side": "no"
        },
        {
            "trade_id": "fb074414-98cb-4548-a580-02ec12221864",
            "ticker": "HIGHMIA-24FEB27-T79",
            "count": 42,
            "created_time": "2024-02-26T22:26:34.06765Z",
            "yes_price": 12,
            "no_price": 88,
            "taker_side": "no"
        },
        {
            "trade_id": "31b31b4e-3d38-47ec-8321-e3e9085b6c7f",
            "ticker": "HIGHMIA-24FEB27-T79",
            "count": 85,
            "created_time": "2024-02-26T22:26:34.06765Z",
            "yes_price": 11,
            "no_price": 89,
            "taker_side": "no"
        },
        {
            "trade_id": "4244d828-e141-4154-afd0-30484764c267",
            "ticker": "HIGHMIA-24FEB27-T79",
            "count": 86,
            "created_time": "2024-02-26T21:21:46.048487Z",
            "yes_price": 13,
            "no_price": 87,
            "taker_side": "no"
        },
        {
            "trade_id": "39100d9a-0ad1-447f-ae46-2c815ef65511",
            "ticker": "HIGHMIA-24FEB27-T79",
            "count": 86,
            "created_time": "2024-02-26T21:21:46.048487Z",
            "yes_price": 14,
            "no_price": 86,
            "taker_side": "no"
        },
        {
            "trade_id": "1df8619a-a2ce-4b75-9854-12aa6de3c2a1",
            "ticker": "HIGHMIA-24FEB27-T79",
            "count": 8,
            "created_time": "2024-02-26T21:21:46.048487Z",
            "yes_price": 16,
            "no_price": 84,
            "taker_side": "no"
        },
        {
            "trade_id": "bec851bd-9364-4129-978b-1077ec95a01d",
            "ticker": "HIGHMIA-24FEB27-T79",
            "count": 6,
            "created_time": "2024-02-26T16:44:39.506698Z",
            "yes_price": 16,
            "no_price": 84,
            "taker_side": "yes"
        },
        {
            "trade_id": "6cbdb32a-136e-498f-bfb2-21346e784217",
            "ticker": "HIGHMIA-24FEB27-T79",
            "count": 1,
            "created_time": "2024-02-26T16:44:39.506698Z",
            "yes_price": 15,
            "no_price": 85,
            "taker_side": "yes"
        }
    ]
}