{
    "HIGHMIA-24MAY27-T88": [
        {
            "trade_id": "b4f35b2b-f85a-4390-86e5-6ce9f96b4dc4",
            "ticker": "HIGHMIA-24MAY27-T88",
            "count": 20,
            "created_time": "2024-05-27T23:09:32.329918Z",
            "yes_price": 1,
            "no_price": 99,
            "taker_side": "yes"
        },
        {
            "trade_id": "a99ec07c-be47-49b0-b32a-03b9c60f6513",
            "ticker": "HIGHMIA-24MAY27-T88",
            "count": 5,
            "created_time": "2024-05-27T23:09:32.329918Z",
            "yes_price": 1,
            "no_price": 99,
            "taker_side": "yes"
        },
        {
            "trade_id": "a0418016-77e5-4f46-800a-fc1240f6d642",
            "ticker": "HIGHMIA-24MAY27-T88",
            "count": 10,
            "created_time": "2024-05-27T23:09:32.329918Z",
            "yes_price": 1,
            "no_price": 99,
            "taker_side": "yes"
        },
        {
            "trade_id": "4661a7b4-cbfd-4665-a0c4-980b4fb84bba",
            "ticker": "HIGHMIA-24MAY27-T88",
            "count": 1365,
            "created_time": "2024-05-27T23:09:32.329918Z",
            "yes_price": 1,
            "no_price": 99,
            "taker_side": "yes"
        }
    ],
    "HIGHMIA-24MAY27-B88.5": [],
    "HIGHMIA-24MAY27-B90.5": [
        {
            "trade_id": "2dffd5e0-2745-44a5-9a15-7bd0251673b1",
            "ticker": "HIGHMIA-24MAY27-B90.5",
            "count": 93,
            "created_time": "2024-05-28T02:20:47.708372Z",
            "yes_price": 1,
            "no_price": 99,
            "taker_side": "yes"
        },
        {
            "trade_id": "47b4e111-f55d-4c26-af11-82fbd1c15d8c",
            "ticker": "HIGHMIA-24MAY27-B90.5",
            "count": 9351,
            "created_time": "2024-05-27T19:49:16.026543Z",
            "yes_price": 1,
            "no_price": 99,
            "taker_side": "yes"
        },
        {
            "trade_id": "e2e6a4f4-572d-47c5-826e-1f8246c9e549",
            "ticker": "HIGHMIA-24MAY27-B90.5",
            "count": 748,
            "created_time": "2024-05-27T19:25:38.05247Z",
            "yes_price": 1,
            "no_price": 99,
            "taker_side": "yes"
        },
        {
            "trade_id": "fcdfcca9-b13f-415f-a29c-0b977c850c2c",
            "ticker": "HIGHMIA-24MAY27-B90.5",
            "count": 1,
            "created_time": "2024-05-27T15:55:51.485588Z",
            "yes_price": 1,
            "no_price": 99,
            "taker_side": "no"
        },
        {
            "trade_id": "20d4a3ee-eb5b-444e-8a6d-c4512a4033e4",
            "ticker": "HIGHMIA-24MAY27-B90.5",
            "count": 3,
            "created_time": "2024-05-27T12:00:07.34918Z",
            "yes_price": 12,
            "no_price": 88,
            "taker_side": "no"
        },
        {
            "trade_id": "a70b3afc-736e-43a3-862b-35716bd55bd4",
            "ticker": "HIGHMIA-24MAY27-B90.5",
            "count": 8,
            "created_time": "2024-05-27T01:53:26.855271Z",
            "yes_price": 12,
            "no_price": 88,
            "taker_side": "yes"
        },
        {
            "trade_id": "a6882a4c-510f-46da-b858-77a56fbb8951",
            "ticker": "HIGHMIA-24MAY27-B90.5",
            "count": 1,
            "created_time": "2024-05-27T01:53:21.202802Z",
            "yes_price": 11,
            "no_price": 89,
            "taker_side": "yes"
        },
        {
            "trade_id": "a9694fc5-b5c5-4055-b1d2-d9838959b1aa",
            "ticker": "HIGHMIA-24MAY27-B90.5",
            "count": 5,
            "created_time": "2024-05-26T16:04:26.913922Z",
            "yes_price": 6,
            "no_price": 94,
            "taker_side": "yes"
        },
        {
            "trade_id": "74269b14-8eba-46f2-be20-cc7c7ce5f388",
            "ticker": "HIGHMIA-24MAY27-B90.5",
            "count": 95,
            "created_time": "2024-05-26T16:04:26.913922Z",
            "yes_price": 5,
            "no_price": 95,
            "taker_side": "yes"
        },
        {
            "trade_id": "8a7c4110-26e2-42de-97e1-6795dd44aea9",
            "ticker": "HIGHMIA-24MAY27-B90.5",
            "count": 9,
            "created_time": "2024-05-26T15:22:15.117994Z",
            "yes_price": 5,
            "no_price": 95,
            "taker_side": "yes"
        },
        {
            "trade_id": "7fbe8cbc-8970-4708-a9e6-cb4b8313cfb5",
            "ticker": "HIGHMIA-24MAY27-B90.5",
            "count": 1,
            "created_time": "2024-05-26T15:17:19.130806Z",
            "yes_price": 4,
            "no_price": 96,
            "taker_side": "yes"
        }
    ],
    "HIGHMIA-24MAY27-B92.5": [
        {
            "trade_id": "12f88a02-971f-4c7b-bb83-3ab5590bfabc",
            "ticker": "HIGHMIA-24MAY27-B92.5",
            "count": 3,
            "created_time": "2024-05-28T00:43:02.243631Z",
            "yes_price": 99,
            "no_price": 1,
            "taker_side": "yes"
        },
        {
            "trade_id": "e369b93e-351a-487b-8c06-ed224901c5c6",
            "ticker": "HIGHMIA-24MAY27-B92.5",
            "count": 3,
            "created_time": "2024-05-27T12:00:07.366866Z",
            "yes_price": 16,
            "no_price": 84,
            "taker_side": "no"
        },
        {
            "trade_id": "5f2614df-f075-4230-a7d9-ae608abc25eb",
            "ticker": "HIGHMIA-24MAY27-B92.5",
            "count": 3,
            "created_time": "2024-05-27T01:53:56.17217Z",
            "yes_price": 35,
            "no_price": 65,
            "taker_side": "yes"
        },
        {
            "trade_id": "4c0feaf8-8832-4e43-9a5a-f71511ccd07c",
            "ticker": "HIGHMIA-24MAY27-B92.5",
            "count": 3,
            "created_time": "2024-05-26T22:36:27.349891Z",
            "yes_price": 29,
            "no_price": 71,
            "taker_side": "no"
        },
        {
            "trade_id": "faba26d5-ad73-4a2c-a5da-cd866f27d54e",
            "ticker": "HIGHMIA-24MAY27-B92.5",
            "count": 14,
            "created_time": "2024-05-26T22:14:07.223952Z",
            "yes_price": 39,
            "no_price": 61,
            "taker_side": "yes"
        },
        {
            "trade_id": "25b6db7f-811e-4a02-9048-f9dbd767b78e",
            "ticker": "HIGHMIA-24MAY27-B92.5",
            "count": 146,
            "created_time": "2024-05-26T22:14:07.223952Z",
            "yes_price": 41,
            "no_price": 59,
            "taker_side": "yes"
        },
        {
            "trade_id": "dcfa0cb1-fb22-4a80-8b84-3d5fc32b64b1",
            "ticker": "HIGHMIA-24MAY27-B92.5",
            "count": 1,
            "created_time": "2024-05-26T19:24:27.706238Z",
            "yes_price": 34,
            "no_price": 66,
            "taker_side": "no"
        },
        {
            "trade_id": "9f8582af-f860-4f5e-a3ae-f70c87a0e71f",
            "ticker": "HIGHMIA-24MAY27-B92.5",
            "count": 1,
            "created_time": "2024-05-26T18:35:26.342949Z",
            "yes_price": 44,
            "no_price": 56,
            "taker_side": "no"
        },
        {
            "trade_id": "d01e9965-fde5-41e9-9df3-92d95828f6a0",
            "ticker": "HIGHMIA-24MAY27-B92.5",
            "count": 58,
            "created_time": "2024-05-26T17:57:06.776175Z",
            "yes_price": 36,
            "no_price": 64,
            "taker_side": "no"
        },
        {
            "trade_id": "44213834-f5c1-4cc1-8d9b-7899f574c8ce",
            "ticker": "HIGHMIA-24MAY27-B92.5",
            "count": 1,
            "created_time": "2024-05-26T17:30:33.299008Z",
            "yes_price": 46,
            "no_price": 54,
            "taker_side": "no"
        },
        {
            "trade_id": "41a13c34-1d8d-45de-a449-e26ca51ae143",
            "ticker": "HIGHMIA-24MAY27-B92.5",
            "count": 83,
            "created_time": "2024-05-26T16:00:38.404354Z",
            "yes_price": 43,
            "no_price": 57,
            "taker_side": "yes"
        },
        {
            "trade_id": "a772c0ee-b5c0-4caa-9640-02a87c9c54f3",
            "ticker": "HIGHMIA-24MAY27-B92.5",
            "count": 9,
            "created_time": "2024-05-26T15:19:16.508807Z",
            "yes_price": 43,
            "no_price": 57,
            "taker_side": "yes"
        },
        {
            "trade_id": "69968b35-d8b6-4491-8849-7c8ba071ad24",
            "ticker": "HIGHMIA-24MAY27-B92.5",
            "count": 1,
            "created_time": "2024-05-26T15:19:16.508807Z",
            "yes_price": 42,
            "no_price": 58,
            "taker_side": "yes"
        },
        {
            "trade_id": "f39d1816-1c0b-474c-8642-dcffa5addf43",
            "ticker": "HIGHMIA-24MAY27-B92.5",
            "count": 8,
            "created_time": "2024-05-26T14:33:54.045658Z",
            "yes_price": 41,
            "no_price": 59,
            "taker_side": "no"
        }
    ],
    "HIGHMIA-24MAY27-B94.5": [
        {
            "trade_id": "e1c3dd30-4ca5-46ad-9143-25ed62e25e02",
            "ticker": "HIGHMIA-24MAY27-B94.5",
            "count": 3,
            "created_time": "2024-05-28T00:45:24.42066Z",
            "yes_price": 1,
            "no_price": 99,
            "taker_side": "no"
        },
        {
            "trade_id": "f45b4c50-67eb-4c6f-aa4f-30a2421a0342",
            "ticker": "HIGHMIA-24MAY27-B94.5",
            "count": 185,
            "created_time": "2024-05-28T00:43:50.460082Z",
            "yes_price": 3,
            "no_price": 97,
            "taker_side": "yes"
        },
        {
            "trade_id": "5fd15e7b-a4f4-4f5f-88ed-c9cf521eb17b",
            "ticker": "HIGHMIA-24MAY27-B94.5",
            "count": 297,
            "created_time": "2024-05-27T20:23:11.874821Z",
            "yes_price": 3,
            "no_price": 97,
            "taker_side": "no"
        },
        {
            "trade_id": "557e27db-0771-4674-a677-fe8edc865580",
            "ticker": "HIGHMIA-24MAY27-B94.5",
            "count": 3,
            "created_time": "2024-05-27T19:36:40.308264Z",
            "yes_price": 3,
            "no_price": 97,
            "taker_side": "no"
        },
        {
            "trade_id": "54cd6181-06e0-4ea2-af54-5aacb0ed3750",
            "ticker": "HIGHMIA-24MAY27-B94.5",
            "count": 2,
            "created_time": "2024-05-27T19:36:40.308264Z",
            "yes_price": 4,
            "no_price": 96,
            "taker_side": "no"
        },
        {
            "trade_id": "e374fd1a-7da8-488e-a7cb-ba525148e1c7",
            "ticker": "HIGHMIA-24MAY27-B94.5",
            "count": 3,
            "created_time": "2024-05-27T19:35:39.902813Z",
            "yes_price": 54,
            "no_price": 46,
            "taker_side": "yes"
        },
        {
            "trade_id": "f2d65566-d78d-4244-9da7-ce80522c3a49",
            "ticker": "HIGHMIA-24MAY27-B94.5",
            "count": 41,
            "created_time": "2024-05-27T13:57:04.539659Z",
            "yes_price": 54,
            "no_price": 46,
            "taker_side": "no"
        },
        {
            "trade_id": "58310c40-95eb-46b2-b2ca-54963cb634fb",
            "ticker": "HIGHMIA-24MAY27-B94.5",
            "count": 45,
            "created_time": "2024-05-27T13:57:04.539659Z",
            "yes_price": 56,
            "no_price": 44,
            "taker_side": "no"
        },
        {
            "trade_id": "22630b45-b1dc-463b-868c-04cb85d1cf65",
            "ticker": "HIGHMIA-24MAY27-B94.5",
            "count": 22,
            "created_time": "2024-05-27T13:57:04.539659Z",
            "yes_price": 57,
            "no_price": 43,
            "taker_side": "no"
        },
        {
            "trade_id": "b9d65782-efa6-40d9-a3cd-414b5a8e5e82",
            "ticker": "HIGHMIA-24MAY27-B94.5",
            "count": 52,
            "created_time": "2024-05-27T13:57:01.70736Z",
            "yes_price": 66,
            "no_price": 34,
            "taker_side": "yes"
        },
        {
            "trade_id": "9e96eb6b-4655-4678-b650-e526f9f59a73",
            "ticker": "HIGHMIA-24MAY27-B94.5",
            "count": 10,
            "created_time": "2024-05-27T13:57:01.70736Z",
            "yes_price": 64,
            "no_price": 36,
            "taker_side": "yes"
        },
        {
            "trade_id": "722b052c-b5f5-4f98-83cb-2fa1c9591057",
            "ticker": "HIGHMIA-24MAY27-B94.5",
            "count": 52,
            "created_time": "2024-05-27T13:57:01.70736Z",
            "yes_price": 68,
            "no_price": 32,
            "taker_side": "yes"
        },
        {
            "trade_id": "76c6b60a-3091-4c73-b2e6-8c30d4d6d1cd",
            "ticker": "HIGHMIA-24MAY27-B94.5",
            "count": 82,
            "created_time": "2024-05-27T12:44:42.555606Z",
            "yes_price": 61,
            "no_price": 39,
            "taker_side": "yes"
        },
        {
            "trade_id": "a8528c40-ae22-468e-b819-b576fde0a43d",
            "ticker": "HIGHMIA-24MAY27-B94.5",
            "count": 10,
            "created_time": "2024-05-27T12:02:35.373087Z",
            "yes_price": 61,
            "no_price": 39,
            "taker_side": "yes"
        },
        {
            "trade_id": "1d0a5587-016a-43da-bb6f-a01c07f9836e",
            "ticker": "HIGHMIA-24MAY27-B94.5",
            "count": 3,
            "created_time": "2024-05-27T12:00:07.381524Z",
            "yes_price": 59,
            "no_price": 41,
            "taker_side": "no"
        },
        {
            "trade_id": "dc24ec08-18bd-4ed4-a0f5-abd85a3bc8f4",
            "ticker": "HIGHMIA-24MAY27-B94.5",
            "count": 2,
            "created_time": "2024-05-27T02:34:34.658673Z",
            "yes_price": 51,
            "no_price": 49,
            "taker_side": "no"
        },
        {
            "trade_id": "3f50def7-3de8-46df-b53a-d5f6564d6681",
            "ticker": "HIGHMIA-24MAY27-B94.5",
            "count": 3,
            "created_time": "2024-05-26T20:51:14.127558Z",
            "yes_price": 52,
            "no_price": 48,
            "taker_side": "no"
        },
        {
            "trade_id": "9bc34862-db47-4ba2-a317-95c99a3fb5eb",
            "ticker": "HIGHMIA-24MAY27-B94.5",
            "count": 75,
            "created_time": "2024-05-26T18:21:11.084204Z",
            "yes_price": 46,
            "no_price": 54,
            "taker_side": "yes"
        },
        {
            "trade_id": "1c04eeb2-dd1c-43fe-be11-2473eaba1ffa",
            "ticker": "HIGHMIA-24MAY27-B94.5",
            "count": 25,
            "created_time": "2024-05-26T18:19:44.805694Z",
            "yes_price": 48,
            "no_price": 52,
            "taker_side": "yes"
        },
        {
            "trade_id": "2d5f2b41-e4d7-49c8-b528-a9af6cff6423",
            "ticker": "HIGHMIA-24MAY27-B94.5",
            "count": 9,
            "created_time": "2024-05-26T15:26:13.875878Z",
            "yes_price": 40,
            "no_price": 60,
            "taker_side": "no"
        },
        {
            "trade_id": "bfe80c28-14ca-48ee-af4d-86df8b7dfbdc",
            "ticker": "HIGHMIA-24MAY27-B94.5",
            "count": 1,
            "created_time": "2024-05-26T15:25:41.482019Z",
            "yes_price": 41,
            "no_price": 59,
            "taker_side": "no"
        },
        {
            "trade_id": "ae618129-7fe9-444f-8bb5-7b04f1cc6811",
            "ticker": "HIGHMIA-24MAY27-B94.5",
            "count": 8,
            "created_time": "2024-05-26T14:52:34.874128Z",
            "yes_price": 47,
            "no_price": 53,
            "taker_side": "yes"
        },
        {
            "trade_id": "0bf508f5-5728-4730-9830-29d592f9509f",
            "ticker": "HIGHMIA-24MAY27-B94.5",
            "count": 1,
            "created_time": "2024-05-26T14:52:34.874128Z",
            "yes_price": 46,
            "no_price": 54,
            "taker_side": "yes"
        }
    ],
    "HIGHMIA-24MAY27-T95": [
        {
            "trade_id": "a5ccbc8c-6440-4ef6-a4e6-e252bb99bb33",
            "ticker": "HIGHMIA-24MAY27-T95",
            "count": 20,
            "created_time": "2024-05-27T20:08:22.703701Z",
            "yes_price": 1,
            "no_price": 99,
            "taker_side": "no"
        },
        {
            "trade_id": "c0c4d80e-86e9-4af4-aef0-61e9b46880e5",
            "ticker": "HIGHMIA-24MAY27-T95",
            "count": 1,
            "created_time": "2024-05-27T16:51:32.805823Z",
            "yes_price": 41,
            "no_price": 59,
            "taker_side": "yes"
        },
        {
            "trade_id": "778f9901-a4b6-42d0-98f7-7537338bb010",
            "ticker": "HIGHMIA-24MAY27-T95",
            "count": 5,
            "created_time": "2024-05-27T16:51:32.805823Z",
            "yes_price": 11,
            "no_price": 89,
            "taker_side": "yes"
        },
        {
            "trade_id": "41816052-8966-4a46-b255-c2737e19b84c",
            "ticker": "HIGHMIA-24MAY27-T95",
            "count": 5,
            "created_time": "2024-05-27T16:51:32.805823Z",
            "yes_price": 4,
            "no_price": 96,
            "taker_side": "yes"
        },
        {
            "trade_id": "21802385-4be3-4fcc-a5c8-8fb31dbc2eb7",
            "ticker": "HIGHMIA-24MAY27-T95",
            "count": 5,
            "created_time": "2024-05-27T16:51:32.805823Z",
            "yes_price": 8,
            "no_price": 92,
            "taker_side": "yes"
        },
        {
            "trade_id": "dc041fb2-c94f-4d65-939a-7cdb62748998",
            "ticker": "HIGHMIA-24MAY27-T95",
            "count": 5,
            "created_time": "2024-05-27T16:38:33.891372Z",
            "yes_price": 3,
            "no_price": 97,
            "taker_side": "no"
        },
        {
            "trade_id": "61ba2a98-e799-43f0-a6de-01c681d70ca9",
            "ticker": "HIGHMIA-24MAY27-T95",
            "count": 5,
            "created_time": "2024-05-27T16:36:48.788195Z",
            "yes_price": 3,
            "no_price": 97,
            "taker_side": "no"
        },
        {
            "trade_id": "083addbd-edb6-4858-97b2-224bfbed7538",
            "ticker": "HIGHMIA-24MAY27-T95",
            "count": 5,
            "created_time": "2024-05-27T16:35:17.034202Z",
            "yes_price": 3,
            "no_price": 97,
            "taker_side": "no"
        },
        {
            "trade_id": "6abc42e2-3763-473b-8897-f854b7641141",
            "ticker": "HIGHMIA-24MAY27-T95",
            "count": 5,
            "created_time": "2024-05-27T16:34:36.664164Z",
            "yes_price": 3,
            "no_price": 97,
            "taker_side": "no"
        },
        {
            "trade_id": "ca8f36f2-4a1f-483d-9829-cda18d177521",
            "ticker": "HIGHMIA-24MAY27-T95",
            "count": 1,
            "created_time": "2024-05-27T12:24:39.571627Z",
            "yes_price": 16,
            "no_price": 84,
            "taker_side": "yes"
        },
        {
            "trade_id": "225b01d2-6168-449e-8908-69628f5e9f2a",
            "ticker": "HIGHMIA-24MAY27-T95",
            "count": 2,
            "created_time": "2024-05-27T12:21:03.744231Z",
            "yes_price": 16,
            "no_price": 84,
            "taker_side": "yes"
        },
        {
            "trade_id": "937cdbda-40c7-4455-a3f2-b8869096b4c4",
            "ticker": "HIGHMIA-24MAY27-T95",
            "count": 102,
            "created_time": "2024-05-27T12:02:28.05176Z",
            "yes_price": 15,
            "no_price": 85,
            "taker_side": "no"
        },
        {
            "trade_id": "6189fb12-8164-4527-a517-90e7502eb9a7",
            "ticker": "HIGHMIA-24MAY27-T95",
            "count": 102,
            "created_time": "2024-05-27T12:02:28.05176Z",
            "yes_price": 14,
            "no_price": 86,
            "taker_side": "no"
        },
        {
            "trade_id": "238b46f9-4065-49bc-8c8d-065c8a967879",
            "ticker": "HIGHMIA-24MAY27-T95",
            "count": 17,
            "created_time": "2024-05-27T12:02:28.05176Z",
            "yes_price": 11,
            "no_price": 89,
            "taker_side": "no"
        },
        {
            "trade_id": "0bc045e4-bbeb-4562-bbad-20ef6854d629",
            "ticker": "HIGHMIA-24MAY27-T95",
            "count": 51,
            "created_time": "2024-05-27T12:02:28.05176Z",
            "yes_price": 17,
            "no_price": 83,
            "taker_side": "no"
        },
        {
            "trade_id": "f6818bf4-3d2f-45d7-9d54-388ab86e0736",
            "ticker": "HIGHMIA-24MAY27-T95",
            "count": 8,
            "created_time": "2024-05-27T12:02:01.099208Z",
            "yes_price": 23,
            "no_price": 77,
            "taker_side": "yes"
        },
        {
            "trade_id": "eeb1bdd5-e566-4d76-a99f-e7bb8e337d63",
            "ticker": "HIGHMIA-24MAY27-T95",
            "count": 20,
            "created_time": "2024-05-27T12:00:38.697684Z",
            "yes_price": 23,
            "no_price": 77,
            "taker_side": "yes"
        },
        {
            "trade_id": "e2b89167-1dda-4c08-b49a-f06290aa02c7",
            "ticker": "HIGHMIA-24MAY27-T95",
            "count": 3,
            "created_time": "2024-05-27T12:00:07.35049Z",
            "yes_price": 17,
            "no_price": 83,
            "taker_side": "no"
        },
        {
            "trade_id": "5d0b3581-c088-4150-9a4b-35e7e78336fe",
            "ticker": "HIGHMIA-24MAY27-T95",
            "count": 43,
            "created_time": "2024-05-26T22:47:24.368075Z",
            "yes_price": 22,
            "no_price": 78,
            "taker_side": "yes"
        },
        {
            "trade_id": "e20c8032-4491-4173-8d37-c70f21dd6bf4",
            "ticker": "HIGHMIA-24MAY27-T95",
            "count": 6,
            "created_time": "2024-05-26T22:36:40.36337Z",
            "yes_price": 15,
            "no_price": 85,
            "taker_side": "no"
        },
        {
            "trade_id": "28ea6c4b-5551-46cb-963f-62c2b0d14450",
            "ticker": "HIGHMIA-24MAY27-T95",
            "count": 37,
            "created_time": "2024-05-26T22:36:40.36337Z",
            "yes_price": 17,
            "no_price": 83,
            "taker_side": "no"
        },
        {
            "trade_id": "e88d631f-3c70-4c3c-9116-b5b987d90a0c",
            "ticker": "HIGHMIA-24MAY27-T95",
            "count": 102,
            "created_time": "2024-05-26T18:54:12.755723Z",
            "yes_price": 17,
            "no_price": 83,
            "taker_side": "yes"
        },
        {
            "trade_id": "6c202a82-784f-4001-9d89-6f000d1aa4d3",
            "ticker": "HIGHMIA-24MAY27-T95",
            "count": 1,
            "created_time": "2024-05-26T18:54:12.755723Z",
            "yes_price": 17,
            "no_price": 83,
            "taker_side": "yes"
        },
        {
            "trade_id": "664976f2-8e0c-4222-b504-90452632ef4e",
            "ticker": "HIGHMIA-24MAY27-T95",
            "count": 102,
            "created_time": "2024-05-26T18:54:04.374992Z",
            "yes_price": 16,
            "no_price": 84,
            "taker_side": "yes"
        },
        {
            "trade_id": "c46c11e1-3623-447e-b9c3-f701972985cb",
            "ticker": "HIGHMIA-24MAY27-T95",
            "count": 134,
            "created_time": "2024-05-26T18:53:57.409943Z",
            "yes_price": 15,
            "no_price": 85,
            "taker_side": "yes"
        },
        {
            "trade_id": "c086b012-c8bd-4f89-824f-5d296c4dbcd1",
            "ticker": "HIGHMIA-24MAY27-T95",
            "count": 8,
            "created_time": "2024-05-26T18:53:57.409943Z",
            "yes_price": 14,
            "no_price": 86,
            "taker_side": "yes"
        },
        {
            "trade_id": "0b1053df-5838-436b-b9fa-b84bfd5c66b1",
            "ticker": "HIGHMIA-24MAY27-T95",
            "count": 12,
            "created_time": "2024-05-26T18:53:57.409943Z",
            "yes_price": 14,
            "no_price": 86,
            "taker_side": "yes"
        }
    ]
}