{
    "HIGHMIA-24JUL10-T87": [
        {
            "trade_id": "9d3b5fa3-4784-437e-96f8-91024f248f57",
            "ticker": "HIGHMIA-24JUL10-T87",
            "count": 4,
            "created_time": "2024-07-11T02:01:11.516474Z",
            "yes_price": 1,
            "no_price": 99,
            "taker_side": "yes"
        },
        {
            "trade_id": "5ffb9db7-03e8-4e25-a42e-13ea6df55d8a",
            "ticker": "HIGHMIA-24JUL10-T87",
            "count": 46,
            "created_time": "2024-07-11T02:01:11.516474Z",
            "yes_price": 1,
            "no_price": 99,
            "taker_side": "yes"
        },
        {
            "trade_id": "91a01005-b246-45d6-bf91-d65d373c142d",
            "ticker": "HIGHMIA-24JUL10-T87",
            "count": 20,
            "created_time": "2024-07-11T01:47:48.034677Z",
            "yes_price": 1,
            "no_price": 99,
            "taker_side": "yes"
        },
        {
            "trade_id": "0a4d302c-0fe9-4698-9cd0-1e8a81b133c7",
            "ticker": "HIGHMIA-24JUL10-T87",
            "count": 10,
            "created_time": "2024-07-11T00:13:46.511008Z",
            "yes_price": 1,
            "no_price": 99,
            "taker_side": "yes"
        },
        {
            "trade_id": "97d813dc-3124-4607-8f9f-7beb8d327b68",
            "ticker": "HIGHMIA-24JUL10-T87",
            "count": 101,
            "created_time": "2024-07-10T12:08:03.697012Z",
            "yes_price": 1,
            "no_price": 99,
            "taker_side": "no"
        },
        {
            "trade_id": "61054ba9-a38c-4713-bf9b-b6601bab01e8",
            "ticker": "HIGHMIA-24JUL10-T87",
            "count": 15,
            "created_time": "2024-07-10T12:08:03.697012Z",
            "yes_price": 1,
            "no_price": 99,
            "taker_side": "no"
        },
        {
            "trade_id": "e437cf25-7031-4334-a741-2b1b96768ff6",
            "ticker": "HIGHMIA-24JUL10-T87",
            "count": 4,
            "created_time": "2024-07-09T15:18:41.363066Z",
            "yes_price": 89,
            "no_price": 11,
            "taker_side": "no"
        },
        {
            "trade_id": "ee138942-1abf-4984-80f6-d82f53a00e76",
            "ticker": "HIGHMIA-24JUL10-T87",
            "count": 15,
            "created_time": "2024-07-09T15:18:41.237461Z",
            "yes_price": 16,
            "no_price": 84,
            "taker_side": "yes"
        },
        {
            "trade_id": "1cf85077-d877-4469-9187-e4c6488d3668",
            "ticker": "HIGHMIA-24JUL10-T87",
            "count": 15,
            "created_time": "2024-07-09T15:18:41.237461Z",
            "yes_price": 5,
            "no_price": 95,
            "taker_side": "yes"
        }
    ],
    "HIGHMIA-24JUL10-B87.5": [
        {
            "trade_id": "77282ff0-3fa4-4c77-a150-0ca388dca931",
            "ticker": "HIGHMIA-24JUL10-B87.5",
            "count": 97,
            "created_time": "2024-07-10T12:28:23.85401Z",
            "yes_price": 1,
            "no_price": 99,
            "taker_side": "no"
        },
        {
            "trade_id": "6fd026e0-bb86-4da2-b3bc-06f711eba17f",
            "ticker": "HIGHMIA-24JUL10-B87.5",
            "count": 5,
            "created_time": "2024-07-09T22:18:45.122525Z",
            "yes_price": 5,
            "no_price": 95,
            "taker_side": "yes"
        },
        {
            "trade_id": "3506870d-f498-4a6d-80c2-ff16136d61e7",
            "ticker": "HIGHMIA-24JUL10-B87.5",
            "count": 6,
            "created_time": "2024-07-09T20:58:22.72484Z",
            "yes_price": 5,
            "no_price": 95,
            "taker_side": "yes"
        },
        {
            "trade_id": "879a0ac8-3b86-41a4-b368-fdfbf1be3de3",
            "ticker": "HIGHMIA-24JUL10-B87.5",
            "count": 4,
            "created_time": "2024-07-09T15:18:41.331133Z",
            "yes_price": 1,
            "no_price": 99,
            "taker_side": "no"
        }
    ],
    "HIGHMIA-24JUL10-B89.5": [
        {
            "trade_id": "d6eeb99d-72bb-4fc6-b49d-421283e96258",
            "ticker": "HIGHMIA-24JUL10-B89.5",
            "count": 99,
            "created_time": "2024-07-10T21:37:35.088745Z",
            "yes_price": 1,
            "no_price": 99,
            "taker_side": "yes"
        },
        {
            "trade_id": "09a8487f-355e-4f26-b7f1-e6b1c8694c43",
            "ticker": "HIGHMIA-24JUL10-B89.5",
            "count": 440,
            "created_time": "2024-07-10T20:02:08.986117Z",
            "yes_price": 1,
            "no_price": 99,
            "taker_side": "yes"
        },
        {
            "trade_id": "d6db3794-3aa6-47c1-b092-43129a166aaa",
            "ticker": "HIGHMIA-24JUL10-B89.5",
            "count": 67,
            "created_time": "2024-07-10T17:55:20.698945Z",
            "yes_price": 1,
            "no_price": 99,
            "taker_side": "no"
        },
        {
            "trade_id": "c828ec3f-d590-4c1a-bd2d-e5fa217fb6ec",
            "ticker": "HIGHMIA-24JUL10-B89.5",
            "count": 10,
            "created_time": "2024-07-10T17:55:20.698945Z",
            "yes_price": 3,
            "no_price": 97,
            "taker_side": "no"
        },
        {
            "trade_id": "654f13e1-acc2-4119-946c-bd91c614d2ab",
            "ticker": "HIGHMIA-24JUL10-B89.5",
            "count": 10,
            "created_time": "2024-07-10T17:55:20.698945Z",
            "yes_price": 2,
            "no_price": 98,
            "taker_side": "no"
        },
        {
            "trade_id": "178bb19c-eac3-4748-bd93-9a495fb2bad1",
            "ticker": "HIGHMIA-24JUL10-B89.5",
            "count": 23,
            "created_time": "2024-07-10T17:55:20.698945Z",
            "yes_price": 2,
            "no_price": 98,
            "taker_side": "no"
        },
        {
            "trade_id": "382a3a4c-5e86-4b4c-94cd-03ce19fe3fba",
            "ticker": "HIGHMIA-24JUL10-B89.5",
            "count": 4,
            "created_time": "2024-07-10T17:02:10.847685Z",
            "yes_price": 2,
            "no_price": 98,
            "taker_side": "no"
        },
        {
            "trade_id": "00465a13-07cc-4d1c-9c17-50b2aa4a3bf3",
            "ticker": "HIGHMIA-24JUL10-B89.5",
            "count": 21,
            "created_time": "2024-07-10T15:58:31.039189Z",
            "yes_price": 1,
            "no_price": 99,
            "taker_side": "no"
        },
        {
            "trade_id": "efd07cc7-ba51-4479-95c0-5cfdf89ad209",
            "ticker": "HIGHMIA-24JUL10-B89.5",
            "count": 1,
            "created_time": "2024-07-10T15:43:35.89196Z",
            "yes_price": 77,
            "no_price": 23,
            "taker_side": "yes"
        },
        {
            "trade_id": "e707f4de-411b-45e2-94f0-439636c043a7",
            "ticker": "HIGHMIA-24JUL10-B89.5",
            "count": 3,
            "created_time": "2024-07-10T15:43:35.89196Z",
            "yes_price": 60,
            "no_price": 40,
            "taker_side": "yes"
        },
        {
            "trade_id": "903527f5-6a6f-475c-93f4-a2fff3c994be",
            "ticker": "HIGHMIA-24JUL10-B89.5",
            "count": 22,
            "created_time": "2024-07-10T15:43:35.89196Z",
            "yes_price": 18,
            "no_price": 82,
            "taker_side": "yes"
        },
        {
            "trade_id": "520a1773-6259-456d-8b3b-af2fd5b9a63e",
            "ticker": "HIGHMIA-24JUL10-B89.5",
            "count": 3,
            "created_time": "2024-07-10T15:43:35.89196Z",
            "yes_price": 95,
            "no_price": 5,
            "taker_side": "yes"
        },
        {
            "trade_id": "cd62bf51-e27a-4220-b3e9-c8b15005a53c",
            "ticker": "HIGHMIA-24JUL10-B89.5",
            "count": 10,
            "created_time": "2024-07-10T15:13:40.543997Z",
            "yes_price": 18,
            "no_price": 82,
            "taker_side": "yes"
        },
        {
            "trade_id": "b26d30c7-bd81-498f-b078-f5136849c785",
            "ticker": "HIGHMIA-24JUL10-B89.5",
            "count": 9,
            "created_time": "2024-07-10T14:50:30.683161Z",
            "yes_price": 1,
            "no_price": 99,
            "taker_side": "no"
        },
        {
            "trade_id": "10be34c9-9ce1-4cdc-89a4-53a15c91d6d2",
            "ticker": "HIGHMIA-24JUL10-B89.5",
            "count": 30,
            "created_time": "2024-07-10T13:12:32.507597Z",
            "yes_price": 2,
            "no_price": 98,
            "taker_side": "no"
        },
        {
            "trade_id": "2bc7f18e-9cc6-4ab9-bb33-1c21d047e65a",
            "ticker": "HIGHMIA-24JUL10-B89.5",
            "count": 3,
            "created_time": "2024-07-09T20:58:10.243217Z",
            "yes_price": 25,
            "no_price": 75,
            "taker_side": "yes"
        },
        {
            "trade_id": "7c4626f6-76c3-4e1f-9c4b-821254e49492",
            "ticker": "HIGHMIA-24JUL10-B89.5",
            "count": 13,
            "created_time": "2024-07-09T18:50:33.969697Z",
            "yes_price": 14,
            "no_price": 86,
            "taker_side": "yes"
        },
        {
            "trade_id": "753b6130-3c59-4f6e-bb19-7aac9332861e",
            "ticker": "HIGHMIA-24JUL10-B89.5",
            "count": 34,
            "created_time": "2024-07-09T18:50:33.969697Z",
            "yes_price": 16,
            "no_price": 84,
            "taker_side": "yes"
        },
        {
            "trade_id": "59abda88-ba46-41ae-b90d-b2032b79aa0a",
            "ticker": "HIGHMIA-24JUL10-B89.5",
            "count": 27,
            "created_time": "2024-07-09T18:50:33.969697Z",
            "yes_price": 25,
            "no_price": 75,
            "taker_side": "yes"
        },
        {
            "trade_id": "e1f0545f-e6ba-4444-b4fe-c4aad4271ad2",
            "ticker": "HIGHMIA-24JUL10-B89.5",
            "count": 4,
            "created_time": "2024-07-09T15:18:41.363525Z",
            "yes_price": 1,
            "no_price": 99,
            "taker_side": "no"
        }
    ],
    "HIGHMIA-24JUL10-B91.5": [
        {
            "trade_id": "3840fd91-5616-4c49-9853-0e0773c9cd02",
            "ticker": "HIGHMIA-24JUL10-B91.5",
            "count": 1,
            "created_time": "2024-07-11T02:52:27.091533Z",
            "yes_price": 99,
            "no_price": 1,
            "taker_side": "no"
        },
        {
            "trade_id": "b5d1818f-29d8-43a4-ae2c-c048d80413fb",
            "ticker": "HIGHMIA-24JUL10-B91.5",
            "count": 24,
            "created_time": "2024-07-11T00:27:33.247778Z",
            "yes_price": 99,
            "no_price": 1,
            "taker_side": "no"
        },
        {
            "trade_id": "451a008f-9ed2-48b6-80d6-4ca348e1cca1",
            "ticker": "HIGHMIA-24JUL10-B91.5",
            "count": 101,
            "created_time": "2024-07-10T21:57:44.761149Z",
            "yes_price": 99,
            "no_price": 1,
            "taker_side": "yes"
        },
        {
            "trade_id": "3d5d2bb4-f221-4aab-b190-39a5629285f3",
            "ticker": "HIGHMIA-24JUL10-B91.5",
            "count": 9,
            "created_time": "2024-07-10T21:55:06.436153Z",
            "yes_price": 95,
            "no_price": 5,
            "taker_side": "no"
        },
        {
            "trade_id": "bbb84ad6-bc7d-40b9-ace5-7e68f4192556",
            "ticker": "HIGHMIA-24JUL10-B91.5",
            "count": 24,
            "created_time": "2024-07-10T19:01:03.456586Z",
            "yes_price": 60,
            "no_price": 40,
            "taker_side": "yes"
        },
        {
            "trade_id": "b126ef0f-5673-4a0e-8ff5-e809913940d1",
            "ticker": "HIGHMIA-24JUL10-B91.5",
            "count": 100,
            "created_time": "2024-07-10T18:32:29.346977Z",
            "yes_price": 60,
            "no_price": 40,
            "taker_side": "no"
        },
        {
            "trade_id": "21534fc5-0cb8-4b5b-8a6f-80e5db5e7d9c",
            "ticker": "HIGHMIA-24JUL10-B91.5",
            "count": 32,
            "created_time": "2024-07-10T18:03:50.499033Z",
            "yes_price": 60,
            "no_price": 40,
            "taker_side": "yes"
        },
        {
            "trade_id": "6a3e6e97-9745-407c-b679-e175f08a514d",
            "ticker": "HIGHMIA-24JUL10-B91.5",
            "count": 4,
            "created_time": "2024-07-10T17:02:10.863973Z",
            "yes_price": 48,
            "no_price": 52,
            "taker_side": "no"
        },
        {
            "trade_id": "860e81b6-7926-4b5b-a0d7-035844f83331",
            "ticker": "HIGHMIA-24JUL10-B91.5",
            "count": 2,
            "created_time": "2024-07-10T16:44:20.173787Z",
            "yes_price": 60,
            "no_price": 40,
            "taker_side": "yes"
        },
        {
            "trade_id": "b9d458bb-e7e9-45ff-8f60-a87c6a993172",
            "ticker": "HIGHMIA-24JUL10-B91.5",
            "count": 44,
            "created_time": "2024-07-10T16:04:11.611893Z",
            "yes_price": 44,
            "no_price": 56,
            "taker_side": "no"
        },
        {
            "trade_id": "a3807a61-820c-4ccd-ba29-a494ae18f7c7",
            "ticker": "HIGHMIA-24JUL10-B91.5",
            "count": 21,
            "created_time": "2024-07-10T15:58:30.982273Z",
            "yes_price": 59,
            "no_price": 41,
            "taker_side": "yes"
        },
        {
            "trade_id": "cae945ee-709f-4d27-bd52-6bea58663ccc",
            "ticker": "HIGHMIA-24JUL10-B91.5",
            "count": 9,
            "created_time": "2024-07-10T14:50:30.616995Z",
            "yes_price": 50,
            "no_price": 50,
            "taker_side": "yes"
        },
        {
            "trade_id": "a1259b53-341d-40d4-9c68-5ba1ef069d1c",
            "ticker": "HIGHMIA-24JUL10-B91.5",
            "count": 54,
            "created_time": "2024-07-10T14:49:18.056662Z",
            "yes_price": 40,
            "no_price": 60,
            "taker_side": "no"
        },
        {
            "trade_id": "844bdfeb-2f70-48e4-b970-20eda3602dda",
            "ticker": "HIGHMIA-24JUL10-B91.5",
            "count": 5,
            "created_time": "2024-07-10T14:36:15.376143Z",
            "yes_price": 52,
            "no_price": 48,
            "taker_side": "yes"
        },
        {
            "trade_id": "f22ffbf3-8912-4f43-8395-748449675b67",
            "ticker": "HIGHMIA-24JUL10-B91.5",
            "count": 54,
            "created_time": "2024-07-10T14:34:16.639338Z",
            "yes_price": 51,
            "no_price": 49,
            "taker_side": "yes"
        },
        {
            "trade_id": "e5626447-e12b-421f-a2c5-4d603c19f691",
            "ticker": "HIGHMIA-24JUL10-B91.5",
            "count": 3,
            "created_time": "2024-07-10T14:34:16.639338Z",
            "yes_price": 53,
            "no_price": 47,
            "taker_side": "yes"
        },
        {
            "trade_id": "d924f940-b5f4-4ff5-84c6-a388515c9f4f",
            "ticker": "HIGHMIA-24JUL10-B91.5",
            "count": 13,
            "created_time": "2024-07-10T14:34:16.639338Z",
            "yes_price": 46,
            "no_price": 54,
            "taker_side": "yes"
        },
        {
            "trade_id": "e257f2e7-19f4-4768-8442-72871b87cb0d",
            "ticker": "HIGHMIA-24JUL10-B91.5",
            "count": 32,
            "created_time": "2024-07-10T14:33:14.958346Z",
            "yes_price": 37,
            "no_price": 63,
            "taker_side": "yes"
        },
        {
            "trade_id": "4e4b4ee8-6c7a-4e38-9b63-e0893baaba4a",
            "ticker": "HIGHMIA-24JUL10-B91.5",
            "count": 4,
            "created_time": "2024-07-10T14:33:14.958346Z",
            "yes_price": 30,
            "no_price": 70,
            "taker_side": "yes"
        },
        {
            "trade_id": "fb9cf321-785c-4385-bfc3-1622e0a9c188",
            "ticker": "HIGHMIA-24JUL10-B91.5",
            "count": 18,
            "created_time": "2024-07-10T14:33:14.941424Z",
            "yes_price": 30,
            "no_price": 70,
            "taker_side": "yes"
        },
        {
            "trade_id": "6a7b37d3-9b21-4d15-9106-31fd355331e3",
            "ticker": "HIGHMIA-24JUL10-B91.5",
            "count": 3,
            "created_time": "2024-07-10T14:20:22.698335Z",
            "yes_price": 30,
            "no_price": 70,
            "taker_side": "yes"
        },
        {
            "trade_id": "54faa188-dbb5-4d0a-8c96-f57f287436da",
            "ticker": "HIGHMIA-24JUL10-B91.5",
            "count": 98,
            "created_time": "2024-07-10T14:01:18.803103Z",
            "yes_price": 32,
            "no_price": 68,
            "taker_side": "yes"
        },
        {
            "trade_id": "af66fca6-390e-4062-99e6-75ea4c3306af",
            "ticker": "HIGHMIA-24JUL10-B91.5",
            "count": 30,
            "created_time": "2024-07-10T13:44:51.988722Z",
            "yes_price": 31,
            "no_price": 69,
            "taker_side": "yes"
        },
        {
            "trade_id": "9afee2a4-fa58-4ad8-a6ec-e936c6c33e0f",
            "ticker": "HIGHMIA-24JUL10-B91.5",
            "count": 63,
            "created_time": "2024-07-10T13:44:22.144536Z",
            "yes_price": 30,
            "no_price": 70,
            "taker_side": "yes"
        },
        {
            "trade_id": "b27b1605-5066-4ab1-a78c-a0419dff8e17",
            "ticker": "HIGHMIA-24JUL10-B91.5",
            "count": 24,
            "created_time": "2024-07-10T13:12:32.427559Z",
            "yes_price": 28,
            "no_price": 72,
            "taker_side": "yes"
        },
        {
            "trade_id": "a5c2b94e-3ebf-44cd-aae3-864f751d0143",
            "ticker": "HIGHMIA-24JUL10-B91.5",
            "count": 54,
            "created_time": "2024-07-10T13:12:32.427559Z",
            "yes_price": 26,
            "no_price": 74,
            "taker_side": "yes"
        },
        {
            "trade_id": "83fbafa6-6bce-42b9-8660-0b412fb4e805",
            "ticker": "HIGHMIA-24JUL10-B91.5",
            "count": 30,
            "created_time": "2024-07-10T13:12:32.427559Z",
            "yes_price": 25,
            "no_price": 75,
            "taker_side": "yes"
        },
        {
            "trade_id": "abcc763e-29fc-4476-9c09-4974c3d607c2",
            "ticker": "HIGHMIA-24JUL10-B91.5",
            "count": 75,
            "created_time": "2024-07-10T13:10:20.262426Z",
            "yes_price": 16,
            "no_price": 84,
            "taker_side": "no"
        },
        {
            "trade_id": "06a324ce-2bff-4028-8ff9-283baac4af25",
            "ticker": "HIGHMIA-24JUL10-B91.5",
            "count": 7,
            "created_time": "2024-07-10T13:01:50.041201Z",
            "yes_price": 27,
            "no_price": 73,
            "taker_side": "yes"
        },
        {
            "trade_id": "e5244b38-6e75-4a4c-88fc-4ab7d1f4b350",
            "ticker": "HIGHMIA-24JUL10-B91.5",
            "count": 6,
            "created_time": "2024-07-10T12:52:33.208588Z",
            "yes_price": 20,
            "no_price": 80,
            "taker_side": "yes"
        },
        {
            "trade_id": "d3035997-4ff4-4b50-a870-136d7cb08b77",
            "ticker": "HIGHMIA-24JUL10-B91.5",
            "count": 126,
            "created_time": "2024-07-10T12:52:33.208588Z",
            "yes_price": 25,
            "no_price": 75,
            "taker_side": "yes"
        },
        {
            "trade_id": "ae774fb6-70d5-466c-affb-10feccde7e9a",
            "ticker": "HIGHMIA-24JUL10-B91.5",
            "count": 141,
            "created_time": "2024-07-10T12:52:33.208588Z",
            "yes_price": 27,
            "no_price": 73,
            "taker_side": "yes"
        },
        {
            "trade_id": "c13625cc-886d-4b33-9862-b45ac3afa464",
            "ticker": "HIGHMIA-24JUL10-B91.5",
            "count": 53,
            "created_time": "2024-07-10T12:32:47.031737Z",
            "yes_price": 12,
            "no_price": 88,
            "taker_side": "no"
        },
        {
            "trade_id": "9af2ef6f-5beb-4ee5-8bc2-fd1c07c20b5e",
            "ticker": "HIGHMIA-24JUL10-B91.5",
            "count": 53,
            "created_time": "2024-07-10T12:12:47.603054Z",
            "yes_price": 22,
            "no_price": 78,
            "taker_side": "yes"
        },
        {
            "trade_id": "9061ead5-e96c-4744-987e-47c206be447c",
            "ticker": "HIGHMIA-24JUL10-B91.5",
            "count": 8,
            "created_time": "2024-07-10T12:04:50.673746Z",
            "yes_price": 22,
            "no_price": 78,
            "taker_side": "yes"
        },
        {
            "trade_id": "20a05e68-5cbc-4894-8416-00de5c146015",
            "ticker": "HIGHMIA-24JUL10-B91.5",
            "count": 36,
            "created_time": "2024-07-10T12:04:50.673746Z",
            "yes_price": 21,
            "no_price": 79,
            "taker_side": "yes"
        },
        {
            "trade_id": "8d0b6f77-4032-4a40-a17c-80afb747aa4e",
            "ticker": "HIGHMIA-24JUL10-B91.5",
            "count": 22,
            "created_time": "2024-07-10T12:00:51.39704Z",
            "yes_price": 21,
            "no_price": 79,
            "taker_side": "yes"
        },
        {
            "trade_id": "a668ee4a-9e94-461a-ab01-b210eb1eb443",
            "ticker": "HIGHMIA-24JUL10-B91.5",
            "count": 17,
            "created_time": "2024-07-10T12:00:21.799241Z",
            "yes_price": 21,
            "no_price": 79,
            "taker_side": "yes"
        },
        {
            "trade_id": "6b785668-c44f-4fe4-acd9-1e36c1cd9ac2",
            "ticker": "HIGHMIA-24JUL10-B91.5",
            "count": 14,
            "created_time": "2024-07-10T03:53:40.776777Z",
            "yes_price": 32,
            "no_price": 68,
            "taker_side": "yes"
        },
        {
            "trade_id": "1c870220-619c-4435-b98f-b48404b71757",
            "ticker": "HIGHMIA-24JUL10-B91.5",
            "count": 1,
            "created_time": "2024-07-10T03:28:09.760723Z",
            "yes_price": 37,
            "no_price": 63,
            "taker_side": "yes"
        },
        {
            "trade_id": "e6ee9339-fa2b-4891-98c4-b77342ecd9e6",
            "ticker": "HIGHMIA-24JUL10-B91.5",
            "count": 5,
            "created_time": "2024-07-10T03:27:57.69754Z",
            "yes_price": 37,
            "no_price": 63,
            "taker_side": "yes"
        },
        {
            "trade_id": "14670f21-f208-49a9-9c43-95e7fe58aa02",
            "ticker": "HIGHMIA-24JUL10-B91.5",
            "count": 30,
            "created_time": "2024-07-10T02:12:51.428828Z",
            "yes_price": 36,
            "no_price": 64,
            "taker_side": "yes"
        },
        {
            "trade_id": "9bf7e70b-70ef-4af6-9615-50db14287b09",
            "ticker": "HIGHMIA-24JUL10-B91.5",
            "count": 60,
            "created_time": "2024-07-10T02:03:56.800669Z",
            "yes_price": 36,
            "no_price": 64,
            "taker_side": "yes"
        },
        {
            "trade_id": "3bc7d04a-6752-4634-a906-f40b50453b8b",
            "ticker": "HIGHMIA-24JUL10-B91.5",
            "count": 20,
            "created_time": "2024-07-10T00:52:05.356958Z",
            "yes_price": 36,
            "no_price": 64,
            "taker_side": "yes"
        },
        {
            "trade_id": "390ff3a1-5787-4b2a-9eb9-5d1af776aa94",
            "ticker": "HIGHMIA-24JUL10-B91.5",
            "count": 30,
            "created_time": "2024-07-10T00:25:22.629745Z",
            "yes_price": 33,
            "no_price": 67,
            "taker_side": "yes"
        },
        {
            "trade_id": "5ee8a275-8aca-4374-b45b-4218f7e15824",
            "ticker": "HIGHMIA-24JUL10-B91.5",
            "count": 10,
            "created_time": "2024-07-09T23:04:44.846196Z",
            "yes_price": 29,
            "no_price": 71,
            "taker_side": "no"
        },
        {
            "trade_id": "7c92d801-7f71-4dfb-8a9a-62be654888a8",
            "ticker": "HIGHMIA-24JUL10-B91.5",
            "count": 30,
            "created_time": "2024-07-09T23:04:31.953301Z",
            "yes_price": 29,
            "no_price": 71,
            "taker_side": "no"
        },
        {
            "trade_id": "a00a71db-26c2-4c51-a010-9427549a06bb",
            "ticker": "HIGHMIA-24JUL10-B91.5",
            "count": 150,
            "created_time": "2024-07-09T23:04:31.920284Z",
            "yes_price": 29,
            "no_price": 71,
            "taker_side": "no"
        },
        {
            "trade_id": "146215cd-10f4-4260-8981-c884a368a241",
            "ticker": "HIGHMIA-24JUL10-B91.5",
            "count": 15,
            "created_time": "2024-07-09T23:00:36.876099Z",
            "yes_price": 29,
            "no_price": 71,
            "taker_side": "no"
        },
        {
            "trade_id": "91a7c4ee-d884-41aa-8c07-edc4fbba2245",
            "ticker": "HIGHMIA-24JUL10-B91.5",
            "count": 45,
            "created_time": "2024-07-09T22:56:31.064989Z",
            "yes_price": 29,
            "no_price": 71,
            "taker_side": "no"
        },
        {
            "trade_id": "dcbd0823-43ff-4897-a08e-fb1f9a7be4b5",
            "ticker": "HIGHMIA-24JUL10-B91.5",
            "count": 2,
            "created_time": "2024-07-09T20:58:13.691544Z",
            "yes_price": 38,
            "no_price": 62,
            "taker_side": "yes"
        },
        {
            "trade_id": "9aff5d1a-e3dd-4b54-b036-45fab631a4e1",
            "ticker": "HIGHMIA-24JUL10-B91.5",
            "count": 1,
            "created_time": "2024-07-09T20:34:34.034672Z",
            "yes_price": 38,
            "no_price": 62,
            "taker_side": "yes"
        },
        {
            "trade_id": "e1dc80bf-d429-4ab6-911e-e4239fb7a672",
            "ticker": "HIGHMIA-24JUL10-B91.5",
            "count": 30,
            "created_time": "2024-07-09T20:16:25.81342Z",
            "yes_price": 31,
            "no_price": 69,
            "taker_side": "no"
        },
        {
            "trade_id": "e02ec994-afe4-4d39-8c45-a8097d16be18",
            "ticker": "HIGHMIA-24JUL10-B91.5",
            "count": 32,
            "created_time": "2024-07-09T19:04:48.869941Z",
            "yes_price": 37,
            "no_price": 63,
            "taker_side": "yes"
        },
        {
            "trade_id": "86c81838-5275-405e-893c-4fc91c8e3945",
            "ticker": "HIGHMIA-24JUL10-B91.5",
            "count": 45,
            "created_time": "2024-07-09T19:03:53.183797Z",
            "yes_price": 38,
            "no_price": 62,
            "taker_side": "yes"
        },
        {
            "trade_id": "47b0c299-58f4-450d-83ef-b6ad3aa90684",
            "ticker": "HIGHMIA-24JUL10-B91.5",
            "count": 30,
            "created_time": "2024-07-09T19:03:25.281259Z",
            "yes_price": 39,
            "no_price": 61,
            "taker_side": "yes"
        },
        {
            "trade_id": "051433f6-6097-4849-a33a-6885ceb5e1c4",
            "ticker": "HIGHMIA-24JUL10-B91.5",
            "count": 45,
            "created_time": "2024-07-09T19:03:25.281259Z",
            "yes_price": 37,
            "no_price": 63,
            "taker_side": "yes"
        },
        {
            "trade_id": "d094ba5e-5470-4b97-9ef2-f0d89b5e7d80",
            "ticker": "HIGHMIA-24JUL10-B91.5",
            "count": 60,
            "created_time": "2024-07-09T19:02:57.059265Z",
            "yes_price": 36,
            "no_price": 64,
            "taker_side": "yes"
        },
        {
            "trade_id": "6a13c142-f973-4549-8892-1f9d5532149d",
            "ticker": "HIGHMIA-24JUL10-B91.5",
            "count": 150,
            "created_time": "2024-07-09T19:02:57.059265Z",
            "yes_price": 38,
            "no_price": 62,
            "taker_side": "yes"
        },
        {
            "trade_id": "5cf6108f-976f-4cb2-8690-b2945d9c596b",
            "ticker": "HIGHMIA-24JUL10-B91.5",
            "count": 32,
            "created_time": "2024-07-09T19:02:57.059265Z",
            "yes_price": 38,
            "no_price": 62,
            "taker_side": "yes"
        },
        {
            "trade_id": "67714a7e-7193-4dcc-b00d-c7914492be11",
            "ticker": "HIGHMIA-24JUL10-B91.5",
            "count": 30,
            "created_time": "2024-07-09T18:50:55.126699Z",
            "yes_price": 35,
            "no_price": 65,
            "taker_side": "yes"
        },
        {
            "trade_id": "4943581f-4037-466e-8065-d31ab7776575",
            "ticker": "HIGHMIA-24JUL10-B91.5",
            "count": 10,
            "created_time": "2024-07-09T18:50:55.126699Z",
            "yes_price": 37,
            "no_price": 63,
            "taker_side": "yes"
        },
        {
            "trade_id": "df392294-bdcd-4e17-af6c-9faae2ff3449",
            "ticker": "HIGHMIA-24JUL10-B91.5",
            "count": 10,
            "created_time": "2024-07-09T18:40:36.218281Z",
            "yes_price": 40,
            "no_price": 60,
            "taker_side": "no"
        },
        {
            "trade_id": "a5b4f650-cd60-4944-87e1-852467470419",
            "ticker": "HIGHMIA-24JUL10-B91.5",
            "count": 75,
            "created_time": "2024-07-09T17:49:23.012865Z",
            "yes_price": 37,
            "no_price": 63,
            "taker_side": "yes"
        },
        {
            "trade_id": "5dd2648a-5379-4b77-b0bf-52808f32e904",
            "ticker": "HIGHMIA-24JUL10-B91.5",
            "count": 4,
            "created_time": "2024-07-09T15:18:41.357279Z",
            "yes_price": 33,
            "no_price": 67,
            "taker_side": "no"
        },
        {
            "trade_id": "e40a61d2-d528-4b40-b72a-adb770b81b7f",
            "ticker": "HIGHMIA-24JUL10-B91.5",
            "count": 34,
            "created_time": "2024-07-09T14:24:28.433053Z",
            "yes_price": 36,
            "no_price": 64,
            "taker_side": "yes"
        }
    ],
    "HIGHMIA-24JUL10-B93.5": [
        {
            "trade_id": "a90eac1c-faba-4950-a275-ddd609ef7595",
            "ticker": "HIGHMIA-24JUL10-B93.5",
            "count": 100,
            "created_time": "2024-07-11T00:06:22.577043Z",
            "yes_price": 2,
            "no_price": 98,
            "taker_side": "yes"
        },
        {
            "trade_id": "b944e2b8-85ce-4aae-b83c-5741e3af7c96",
            "ticker": "HIGHMIA-24JUL10-B93.5",
            "count": 80,
            "created_time": "2024-07-10T23:05:25.609713Z",
            "yes_price": 1,
            "no_price": 99,
            "taker_side": "no"
        },
        {
            "trade_id": "b3d2753c-4858-458e-b8bd-6128cce5ef5f",
            "ticker": "HIGHMIA-24JUL10-B93.5",
            "count": 21,
            "created_time": "2024-07-10T21:01:23.301571Z",
            "yes_price": 1,
            "no_price": 99,
            "taker_side": "no"
        },
        {
            "trade_id": "eee33212-86f6-40a3-a5c7-e1e722b91151",
            "ticker": "HIGHMIA-24JUL10-B93.5",
            "count": 30,
            "created_time": "2024-07-10T18:32:29.286856Z",
            "yes_price": 42,
            "no_price": 58,
            "taker_side": "yes"
        },
        {
            "trade_id": "476276ea-17d0-4785-889b-1fee4e0e2b9a",
            "ticker": "HIGHMIA-24JUL10-B93.5",
            "count": 40,
            "created_time": "2024-07-10T18:32:29.286856Z",
            "yes_price": 52,
            "no_price": 48,
            "taker_side": "yes"
        },
        {
            "trade_id": "465e556c-1d37-49f8-829e-f46d00d4b27b",
            "ticker": "HIGHMIA-24JUL10-B93.5",
            "count": 100,
            "created_time": "2024-07-10T18:32:29.286856Z",
            "yes_price": 41,
            "no_price": 59,
            "taker_side": "yes"
        },
        {
            "trade_id": "3c84ef50-c311-4a17-8c44-15a1f6a9e8fb",
            "ticker": "HIGHMIA-24JUL10-B93.5",
            "count": 82,
            "created_time": "2024-07-10T18:32:29.286856Z",
            "yes_price": 87,
            "no_price": 13,
            "taker_side": "yes"
        },
        {
            "trade_id": "657b17a8-d5a7-4da4-80e0-934056dec874",
            "ticker": "HIGHMIA-24JUL10-B93.5",
            "count": 4,
            "created_time": "2024-07-10T17:02:10.777977Z",
            "yes_price": 55,
            "no_price": 45,
            "taker_side": "yes"
        },
        {
            "trade_id": "3a49b33d-834b-4829-8e1c-e504d460ad20",
            "ticker": "HIGHMIA-24JUL10-B93.5",
            "count": 2,
            "created_time": "2024-07-10T17:02:10.777977Z",
            "yes_price": 63,
            "no_price": 37,
            "taker_side": "yes"
        },
        {
            "trade_id": "0c0aeab0-5b43-4013-83c4-cc797bcfe95d",
            "ticker": "HIGHMIA-24JUL10-B93.5",
            "count": 11,
            "created_time": "2024-07-10T17:02:10.777977Z",
            "yes_price": 55,
            "no_price": 45,
            "taker_side": "yes"
        },
        {
            "trade_id": "ba76b2df-4b4a-4b61-a056-739989717728",
            "ticker": "HIGHMIA-24JUL10-B93.5",
            "count": 21,
            "created_time": "2024-07-10T15:58:31.055846Z",
            "yes_price": 45,
            "no_price": 55,
            "taker_side": "no"
        },
        {
            "trade_id": "797bbb83-d0f4-42b1-8c44-d311eab70d83",
            "ticker": "HIGHMIA-24JUL10-B93.5",
            "count": 7,
            "created_time": "2024-07-10T14:56:07.029564Z",
            "yes_price": 46,
            "no_price": 54,
            "taker_side": "no"
        },
        {
            "trade_id": "5950bcf8-4450-42ab-bf8f-fa7b81dd88b6",
            "ticker": "HIGHMIA-24JUL10-B93.5",
            "count": 91,
            "created_time": "2024-07-10T14:56:00.772177Z",
            "yes_price": 50,
            "no_price": 50,
            "taker_side": "no"
        },
        {
            "trade_id": "d0fe2fca-b290-4ad4-8fa2-a59b101b34f5",
            "ticker": "HIGHMIA-24JUL10-B93.5",
            "count": 9,
            "created_time": "2024-07-10T14:50:30.699046Z",
            "yes_price": 50,
            "no_price": 50,
            "taker_side": "no"
        },
        {
            "trade_id": "2f811e82-a576-49b9-a04d-83d74140380b",
            "ticker": "HIGHMIA-24JUL10-B93.5",
            "count": 1,
            "created_time": "2024-07-10T14:34:19.601789Z",
            "yes_price": 46,
            "no_price": 54,
            "taker_side": "no"
        },
        {
            "trade_id": "94560d5c-e38a-4827-95db-8494da19fe21",
            "ticker": "HIGHMIA-24JUL10-B93.5",
            "count": 32,
            "created_time": "2024-07-10T14:33:15.023209Z",
            "yes_price": 56,
            "no_price": 44,
            "taker_side": "no"
        },
        {
            "trade_id": "8b12714d-a6da-422e-ab8a-60d40e0111de",
            "ticker": "HIGHMIA-24JUL10-B93.5",
            "count": 15,
            "created_time": "2024-07-10T14:33:15.023209Z",
            "yes_price": 57,
            "no_price": 43,
            "taker_side": "no"
        },
        {
            "trade_id": "ce9866a6-04fa-4b2d-b318-4ac726ac5802",
            "ticker": "HIGHMIA-24JUL10-B93.5",
            "count": 72,
            "created_time": "2024-07-10T14:19:05.235567Z",
            "yes_price": 68,
            "no_price": 32,
            "taker_side": "yes"
        },
        {
            "trade_id": "93963ae1-b399-402e-bf98-f965802e6403",
            "ticker": "HIGHMIA-24JUL10-B93.5",
            "count": 53,
            "created_time": "2024-07-10T13:40:39.273765Z",
            "yes_price": 56,
            "no_price": 44,
            "taker_side": "no"
        },
        {
            "trade_id": "62559a97-e8a3-4e31-8d4e-0ef90098efc6",
            "ticker": "HIGHMIA-24JUL10-B93.5",
            "count": 18,
            "created_time": "2024-07-10T13:40:39.273765Z",
            "yes_price": 59,
            "no_price": 41,
            "taker_side": "no"
        },
        {
            "trade_id": "3a94c19b-d340-4655-9b7e-25c3a9ff9c61",
            "ticker": "HIGHMIA-24JUL10-B93.5",
            "count": 41,
            "created_time": "2024-07-10T13:40:39.273765Z",
            "yes_price": 58,
            "no_price": 42,
            "taker_side": "no"
        },
        {
            "trade_id": "0016008b-1f1f-492d-84a6-43de060b3f74",
            "ticker": "HIGHMIA-24JUL10-B93.5",
            "count": 36,
            "created_time": "2024-07-10T13:23:03.040805Z",
            "yes_price": 70,
            "no_price": 30,
            "taker_side": "yes"
        },
        {
            "trade_id": "6f1b667e-7061-4102-bd14-9d23f94a9d40",
            "ticker": "HIGHMIA-24JUL10-B93.5",
            "count": 54,
            "created_time": "2024-07-10T13:13:47.272603Z",
            "yes_price": 69,
            "no_price": 31,
            "taker_side": "yes"
        },
        {
            "trade_id": "1c8238ac-7bd7-4c9c-ae36-ccfc0079bd20",
            "ticker": "HIGHMIA-24JUL10-B93.5",
            "count": 30,
            "created_time": "2024-07-10T13:12:32.507382Z",
            "yes_price": 68,
            "no_price": 32,
            "taker_side": "no"
        },
        {
            "trade_id": "7808ee37-b449-4b8a-92ed-d60a6a2b7639",
            "ticker": "HIGHMIA-24JUL10-B93.5",
            "count": 90,
            "created_time": "2024-07-10T13:11:26.710025Z",
            "yes_price": 70,
            "no_price": 30,
            "taker_side": "yes"
        },
        {
            "trade_id": "8e2653ae-c3e4-41ac-b240-04b10f66a6b2",
            "ticker": "HIGHMIA-24JUL10-B93.5",
            "count": 36,
            "created_time": "2024-07-10T13:10:40.799289Z",
            "yes_price": 69,
            "no_price": 31,
            "taker_side": "yes"
        },
        {
            "trade_id": "a9bbe8d1-ae41-4afd-9a39-578f790370a6",
            "ticker": "HIGHMIA-24JUL10-B93.5",
            "count": 36,
            "created_time": "2024-07-10T13:09:45.988203Z",
            "yes_price": 68,
            "no_price": 32,
            "taker_side": "yes"
        },
        {
            "trade_id": "8dccdf13-fbde-4f47-b942-88ff1ca65e41",
            "ticker": "HIGHMIA-24JUL10-B93.5",
            "count": 54,
            "created_time": "2024-07-10T13:07:59.266903Z",
            "yes_price": 68,
            "no_price": 32,
            "taker_side": "yes"
        },
        {
            "trade_id": "908bed2a-1b89-4785-a51f-19c6d7e03c03",
            "ticker": "HIGHMIA-24JUL10-B93.5",
            "count": 57,
            "created_time": "2024-07-10T13:00:30.661479Z",
            "yes_price": 58,
            "no_price": 42,
            "taker_side": "no"
        },
        {
            "trade_id": "ec6b7a33-4e91-4fdf-a550-c212d1e0eec5",
            "ticker": "HIGHMIA-24JUL10-B93.5",
            "count": 3,
            "created_time": "2024-07-10T12:43:35.191129Z",
            "yes_price": 69,
            "no_price": 31,
            "taker_side": "yes"
        },
        {
            "trade_id": "3daa9189-7aa8-474a-96e6-36d248dce319",
            "ticker": "HIGHMIA-24JUL10-B93.5",
            "count": 1,
            "created_time": "2024-07-10T12:43:35.191129Z",
            "yes_price": 61,
            "no_price": 39,
            "taker_side": "yes"
        },
        {
            "trade_id": "d7a89b5a-724d-4fa6-88f8-546666b08509",
            "ticker": "HIGHMIA-24JUL10-B93.5",
            "count": 17,
            "created_time": "2024-07-10T12:41:01.339134Z",
            "yes_price": 59,
            "no_price": 41,
            "taker_side": "no"
        },
        {
            "trade_id": "aa5a03be-0749-461a-89d2-6328e9d09641",
            "ticker": "HIGHMIA-24JUL10-B93.5",
            "count": 2,
            "created_time": "2024-07-10T12:27:56.702024Z",
            "yes_price": 57,
            "no_price": 43,
            "taker_side": "no"
        },
        {
            "trade_id": "765d5bea-489b-4a40-a830-684ef648241d",
            "ticker": "HIGHMIA-24JUL10-B93.5",
            "count": 12,
            "created_time": "2024-07-10T12:15:20.432191Z",
            "yes_price": 61,
            "no_price": 39,
            "taker_side": "yes"
        },
        {
            "trade_id": "de835076-7fd7-4f2e-aaa6-ae0cacf22b95",
            "ticker": "HIGHMIA-24JUL10-B93.5",
            "count": 2,
            "created_time": "2024-07-10T02:49:51.955561Z",
            "yes_price": 48,
            "no_price": 52,
            "taker_side": "no"
        },
        {
            "trade_id": "755f4c09-5858-4569-bf5d-a650e3cb4edf",
            "ticker": "HIGHMIA-24JUL10-B93.5",
            "count": 17,
            "created_time": "2024-07-10T02:35:25.644171Z",
            "yes_price": 56,
            "no_price": 44,
            "taker_side": "yes"
        },
        {
            "trade_id": "dc87b6a0-1362-4ca1-ab6e-41c38294a30a",
            "ticker": "HIGHMIA-24JUL10-B93.5",
            "count": 15,
            "created_time": "2024-07-10T02:34:48.759977Z",
            "yes_price": 49,
            "no_price": 51,
            "taker_side": "no"
        },
        {
            "trade_id": "d4b12219-830f-44fb-a501-db35e84721d5",
            "ticker": "HIGHMIA-24JUL10-B93.5",
            "count": 1,
            "created_time": "2024-07-10T02:34:48.759977Z",
            "yes_price": 46,
            "no_price": 54,
            "taker_side": "no"
        },
        {
            "trade_id": "a00c8a87-80bf-4197-bb3e-f5205eda98bc",
            "ticker": "HIGHMIA-24JUL10-B93.5",
            "count": 15,
            "created_time": "2024-07-10T02:34:48.759977Z",
            "yes_price": 48,
            "no_price": 52,
            "taker_side": "no"
        },
        {
            "trade_id": "ebcdb9c6-2ac7-43ac-a2cb-24238ebfdcd9",
            "ticker": "HIGHMIA-24JUL10-B93.5",
            "count": 15,
            "created_time": "2024-07-10T02:13:24.838979Z",
            "yes_price": 53,
            "no_price": 47,
            "taker_side": "yes"
        },
        {
            "trade_id": "73557081-2fb3-4c5f-8a78-631334809345",
            "ticker": "HIGHMIA-24JUL10-B93.5",
            "count": 1,
            "created_time": "2024-07-10T00:52:52.330996Z",
            "yes_price": 53,
            "no_price": 47,
            "taker_side": "yes"
        },
        {
            "trade_id": "38b7c684-7d8c-4929-ad73-35652f373e56",
            "ticker": "HIGHMIA-24JUL10-B93.5",
            "count": 20,
            "created_time": "2024-07-10T00:52:35.438659Z",
            "yes_price": 53,
            "no_price": 47,
            "taker_side": "yes"
        },
        {
            "trade_id": "275e98d7-b157-4553-9285-a8fc79e36f7e",
            "ticker": "HIGHMIA-24JUL10-B93.5",
            "count": 30,
            "created_time": "2024-07-10T00:25:04.486503Z",
            "yes_price": 53,
            "no_price": 47,
            "taker_side": "yes"
        },
        {
            "trade_id": "a9e0b218-1be1-4821-8ce0-50c30fe8c231",
            "ticker": "HIGHMIA-24JUL10-B93.5",
            "count": 15,
            "created_time": "2024-07-09T22:27:30.905411Z",
            "yes_price": 53,
            "no_price": 47,
            "taker_side": "yes"
        },
        {
            "trade_id": "c849382b-8730-43e1-b8b1-7235bcb29345",
            "ticker": "HIGHMIA-24JUL10-B93.5",
            "count": 15,
            "created_time": "2024-07-09T19:14:25.06041Z",
            "yes_price": 50,
            "no_price": 50,
            "taker_side": "yes"
        },
        {
            "trade_id": "f2c7bf7a-3160-4dfb-b285-7f6672de8b73",
            "ticker": "HIGHMIA-24JUL10-B93.5",
            "count": 30,
            "created_time": "2024-07-09T19:11:54.392906Z",
            "yes_price": 50,
            "no_price": 50,
            "taker_side": "yes"
        },
        {
            "trade_id": "6c270454-98b8-4c78-8444-f9a3d0e70632",
            "ticker": "HIGHMIA-24JUL10-B93.5",
            "count": 33,
            "created_time": "2024-07-09T19:08:14.081935Z",
            "yes_price": 49,
            "no_price": 51,
            "taker_side": "yes"
        },
        {
            "trade_id": "246b12c2-1815-46e7-b3fe-2bcee0edd6fd",
            "ticker": "HIGHMIA-24JUL10-B93.5",
            "count": 30,
            "created_time": "2024-07-09T19:03:45.744367Z",
            "yes_price": 49,
            "no_price": 51,
            "taker_side": "yes"
        },
        {
            "trade_id": "174073a7-74ec-40e8-8938-1325b3733982",
            "ticker": "HIGHMIA-24JUL10-B93.5",
            "count": 150,
            "created_time": "2024-07-09T19:03:45.744367Z",
            "yes_price": 52,
            "no_price": 48,
            "taker_side": "yes"
        },
        {
            "trade_id": "99a92406-63ca-4ce9-a78f-153a63b140cf",
            "ticker": "HIGHMIA-24JUL10-B93.5",
            "count": 45,
            "created_time": "2024-07-09T19:03:14.144937Z",
            "yes_price": 47,
            "no_price": 53,
            "taker_side": "yes"
        },
        {
            "trade_id": "47612674-a530-4d10-abd5-866ad265e0c6",
            "ticker": "HIGHMIA-24JUL10-B93.5",
            "count": 150,
            "created_time": "2024-07-09T19:03:14.144937Z",
            "yes_price": 49,
            "no_price": 51,
            "taker_side": "yes"
        },
        {
            "trade_id": "448a841c-b1e2-45b9-af92-372ca9e0dadc",
            "ticker": "HIGHMIA-24JUL10-B93.5",
            "count": 3,
            "created_time": "2024-07-09T19:03:14.144937Z",
            "yes_price": 46,
            "no_price": 54,
            "taker_side": "yes"
        },
        {
            "trade_id": "1a1680bb-d65b-4021-9212-d1f75fb93ee2",
            "ticker": "HIGHMIA-24JUL10-B93.5",
            "count": 31,
            "created_time": "2024-07-09T18:51:07.179794Z",
            "yes_price": 46,
            "no_price": 54,
            "taker_side": "yes"
        },
        {
            "trade_id": "d1be4a81-740a-4a19-ab6a-a85c01a6292e",
            "ticker": "HIGHMIA-24JUL10-B93.5",
            "count": 4,
            "created_time": "2024-07-09T15:18:41.319738Z",
            "yes_price": 39,
            "no_price": 61,
            "taker_side": "no"
        }
    ],
    "HIGHMIA-24JUL10-T94": [
        {
            "trade_id": "8424c4f2-58a7-477c-9ec6-dbccfe6673c6",
            "ticker": "HIGHMIA-24JUL10-T94",
            "count": 468,
            "created_time": "2024-07-11T03:39:38.725864Z",
            "yes_price": 3,
            "no_price": 97,
            "taker_side": "yes"
        },
        {
            "trade_id": "dc50cd90-91a2-47bb-8dfa-0025b8cc3a87",
            "ticker": "HIGHMIA-24JUL10-T94",
            "count": 467,
            "created_time": "2024-07-10T20:00:58.311974Z",
            "yes_price": 1,
            "no_price": 99,
            "taker_side": "no"
        },
        {
            "trade_id": "9ef33352-416f-41d9-8ace-6bc81543dcab",
            "ticker": "HIGHMIA-24JUL10-T94",
            "count": 4,
            "created_time": "2024-07-10T19:00:45.556122Z",
            "yes_price": 12,
            "no_price": 88,
            "taker_side": "yes"
        },
        {
            "trade_id": "b23bcfac-1abe-4feb-8b69-94d041ee5a24",
            "ticker": "HIGHMIA-24JUL10-T94",
            "count": 3,
            "created_time": "2024-07-10T18:32:29.348711Z",
            "yes_price": 1,
            "no_price": 99,
            "taker_side": "no"
        },
        {
            "trade_id": "732a6b5c-4419-40d6-813a-04e9ebe588e0",
            "ticker": "HIGHMIA-24JUL10-T94",
            "count": 97,
            "created_time": "2024-07-10T18:32:29.348711Z",
            "yes_price": 1,
            "no_price": 99,
            "taker_side": "no"
        },
        {
            "trade_id": "f7024d91-6996-47d2-93d5-b03edb686f27",
            "ticker": "HIGHMIA-24JUL10-T94",
            "count": 4,
            "created_time": "2024-07-10T17:02:10.848486Z",
            "yes_price": 1,
            "no_price": 99,
            "taker_side": "no"
        },
        {
            "trade_id": "a554b0f4-d43f-4d1a-8e38-cf6e02456b86",
            "ticker": "HIGHMIA-24JUL10-T94",
            "count": 40,
            "created_time": "2024-07-10T16:52:47.089083Z",
            "yes_price": 3,
            "no_price": 97,
            "taker_side": "no"
        },
        {
            "trade_id": "71cda538-2a11-411f-bf45-96792e3c2b12",
            "ticker": "HIGHMIA-24JUL10-T94",
            "count": 250,
            "created_time": "2024-07-10T15:58:45.986968Z",
            "yes_price": 3,
            "no_price": 97,
            "taker_side": "no"
        },
        {
            "trade_id": "0470f8ca-2d61-404e-9683-784355bde327",
            "ticker": "HIGHMIA-24JUL10-T94",
            "count": 21,
            "created_time": "2024-07-10T15:58:31.061367Z",
            "yes_price": 3,
            "no_price": 97,
            "taker_side": "no"
        },
        {
            "trade_id": "ea6e8ec9-3e86-4e4a-a2ee-cad1d309511a",
            "ticker": "HIGHMIA-24JUL10-T94",
            "count": 9,
            "created_time": "2024-07-10T14:50:30.699191Z",
            "yes_price": 3,
            "no_price": 97,
            "taker_side": "no"
        },
        {
            "trade_id": "66971313-4072-462b-a0b6-ae6b8ebe11d0",
            "ticker": "HIGHMIA-24JUL10-T94",
            "count": 50,
            "created_time": "2024-07-10T14:21:18.029319Z",
            "yes_price": 4,
            "no_price": 96,
            "taker_side": "no"
        },
        {
            "trade_id": "1328e8e2-6da0-4590-addc-bafb4ecf54d8",
            "ticker": "HIGHMIA-24JUL10-T94",
            "count": 90,
            "created_time": "2024-07-10T14:21:18.029319Z",
            "yes_price": 5,
            "no_price": 95,
            "taker_side": "no"
        },
        {
            "trade_id": "5455b28c-d6b7-491f-bf26-40487804425b",
            "ticker": "HIGHMIA-24JUL10-T94",
            "count": 30,
            "created_time": "2024-07-10T13:12:32.507901Z",
            "yes_price": 9,
            "no_price": 91,
            "taker_side": "no"
        },
        {
            "trade_id": "5e9235d8-b911-4699-a467-8dbafa2dac4a",
            "ticker": "HIGHMIA-24JUL10-T94",
            "count": 3,
            "created_time": "2024-07-10T12:48:09.924882Z",
            "yes_price": 22,
            "no_price": 78,
            "taker_side": "yes"
        },
        {
            "trade_id": "d7979f32-5a2b-4687-8cbc-67cbfd75b2c1",
            "ticker": "HIGHMIA-24JUL10-T94",
            "count": 87,
            "created_time": "2024-07-10T12:17:26.937452Z",
            "yes_price": 13,
            "no_price": 87,
            "taker_side": "no"
        },
        {
            "trade_id": "9cfa6cf6-4244-47d2-b6ab-a855c93614f7",
            "ticker": "HIGHMIA-24JUL10-T94",
            "count": 180,
            "created_time": "2024-07-10T12:17:26.937452Z",
            "yes_price": 14,
            "no_price": 86,
            "taker_side": "no"
        },
        {
            "trade_id": "462b4e1c-ccbb-43c3-812b-a02563b8ed9c",
            "ticker": "HIGHMIA-24JUL10-T94",
            "count": 126,
            "created_time": "2024-07-10T12:17:26.937452Z",
            "yes_price": 16,
            "no_price": 84,
            "taker_side": "no"
        },
        {
            "trade_id": "91009ecf-a091-4d7e-95e0-cb438cce996a",
            "ticker": "HIGHMIA-24JUL10-T94",
            "count": 36,
            "created_time": "2024-07-10T12:15:38.057629Z",
            "yes_price": 18,
            "no_price": 82,
            "taker_side": "no"
        },
        {
            "trade_id": "137b8d5c-b892-4c53-a838-25baddd7119f",
            "ticker": "HIGHMIA-24JUL10-T94",
            "count": 180,
            "created_time": "2024-07-10T12:15:38.057629Z",
            "yes_price": 16,
            "no_price": 84,
            "taker_side": "no"
        },
        {
            "trade_id": "8b3a1152-ad86-45b2-b4ce-40b840834d8c",
            "ticker": "HIGHMIA-24JUL10-T94",
            "count": 40,
            "created_time": "2024-07-10T12:09:29.459301Z",
            "yes_price": 18,
            "no_price": 82,
            "taker_side": "no"
        },
        {
            "trade_id": "77e1ddca-b791-4b64-afae-418cc88ea5ae",
            "ticker": "HIGHMIA-24JUL10-T94",
            "count": 48,
            "created_time": "2024-07-10T12:06:53.526208Z",
            "yes_price": 19,
            "no_price": 81,
            "taker_side": "no"
        },
        {
            "trade_id": "80e0106b-85ba-49f6-a4c1-546e25eb352b",
            "ticker": "HIGHMIA-24JUL10-T94",
            "count": 108,
            "created_time": "2024-07-10T02:22:38.314925Z",
            "yes_price": 9,
            "no_price": 91,
            "taker_side": "no"
        },
        {
            "trade_id": "25976a73-833a-49d7-bebd-a68d0f8aa6a9",
            "ticker": "HIGHMIA-24JUL10-T94",
            "count": 150,
            "created_time": "2024-07-10T02:22:38.314925Z",
            "yes_price": 10,
            "no_price": 90,
            "taker_side": "no"
        },
        {
            "trade_id": "1c91364a-6f0d-42d8-90da-b62464b383c0",
            "ticker": "HIGHMIA-24JUL10-T94",
            "count": 90,
            "created_time": "2024-07-10T02:22:38.314925Z",
            "yes_price": 12,
            "no_price": 88,
            "taker_side": "no"
        },
        {
            "trade_id": "0e611597-c582-4e3c-a5ef-dfbd485769a4",
            "ticker": "HIGHMIA-24JUL10-T94",
            "count": 2,
            "created_time": "2024-07-10T02:22:38.314925Z",
            "yes_price": 10,
            "no_price": 90,
            "taker_side": "no"
        },
        {
            "trade_id": "b2bea2aa-e0c1-489a-aac7-5efb946932e4",
            "ticker": "HIGHMIA-24JUL10-T94",
            "count": 15,
            "created_time": "2024-07-10T02:08:55.383047Z",
            "yes_price": 13,
            "no_price": 87,
            "taker_side": "no"
        },
        {
            "trade_id": "b6ff5b92-8785-44a1-b705-512f973b80b5",
            "ticker": "HIGHMIA-24JUL10-T94",
            "count": 13,
            "created_time": "2024-07-09T23:08:35.915119Z",
            "yes_price": 23,
            "no_price": 77,
            "taker_side": "yes"
        },
        {
            "trade_id": "22f12cf7-15c0-49f8-9ad3-270a4dd4f4c2",
            "ticker": "HIGHMIA-24JUL10-T94",
            "count": 60,
            "created_time": "2024-07-09T23:04:04.561272Z",
            "yes_price": 19,
            "no_price": 81,
            "taker_side": "no"
        },
        {
            "trade_id": "2dd7019b-09a6-48e9-b5b5-543ee8d97b1e",
            "ticker": "HIGHMIA-24JUL10-T94",
            "count": 2,
            "created_time": "2024-07-09T22:56:31.094495Z",
            "yes_price": 20,
            "no_price": 80,
            "taker_side": "yes"
        },
        {
            "trade_id": "c3692f06-3065-435a-a8ad-5de2b9ed8f1b",
            "ticker": "HIGHMIA-24JUL10-T94",
            "count": 30,
            "created_time": "2024-07-09T21:44:08.813633Z",
            "yes_price": 18,
            "no_price": 82,
            "taker_side": "yes"
        },
        {
            "trade_id": "417511f7-0ae4-46c4-b5b2-54bffad6b0c1",
            "ticker": "HIGHMIA-24JUL10-T94",
            "count": 110,
            "created_time": "2024-07-09T21:44:08.813633Z",
            "yes_price": 20,
            "no_price": 80,
            "taker_side": "yes"
        },
        {
            "trade_id": "82837801-217b-4146-887d-4a1752945866",
            "ticker": "HIGHMIA-24JUL10-T94",
            "count": 120,
            "created_time": "2024-07-09T19:56:45.887017Z",
            "yes_price": 12,
            "no_price": 88,
            "taker_side": "no"
        },
        {
            "trade_id": "a87c709b-91d5-4ae0-aff9-881593cd9a51",
            "ticker": "HIGHMIA-24JUL10-T94",
            "count": 30,
            "created_time": "2024-07-09T19:16:40.191372Z",
            "yes_price": 12,
            "no_price": 88,
            "taker_side": "no"
        },
        {
            "trade_id": "e91046b7-783a-4799-b744-0150c9be4f38",
            "ticker": "HIGHMIA-24JUL10-T94",
            "count": 90,
            "created_time": "2024-07-09T19:08:25.620866Z",
            "yes_price": 13,
            "no_price": 87,
            "taker_side": "no"
        },
        {
            "trade_id": "a574e390-941d-48b1-abbb-ce5e1de4520f",
            "ticker": "HIGHMIA-24JUL10-T94",
            "count": 20,
            "created_time": "2024-07-09T17:02:05.339816Z",
            "yes_price": 13,
            "no_price": 87,
            "taker_side": "no"
        },
        {
            "trade_id": "369cc568-e4ae-4d32-be10-bab5a2c22ae0",
            "ticker": "HIGHMIA-24JUL10-T94",
            "count": 19,
            "created_time": "2024-07-09T16:28:35.368529Z",
            "yes_price": 14,
            "no_price": 86,
            "taker_side": "yes"
        },
        {
            "trade_id": "c84a3d91-01da-4f20-856f-5fd39842c1e5",
            "ticker": "HIGHMIA-24JUL10-T94",
            "count": 15,
            "created_time": "2024-07-09T16:28:35.338809Z",
            "yes_price": 14,
            "no_price": 86,
            "taker_side": "yes"
        },
        {
            "trade_id": "832b637f-21ae-4a7f-aba5-9cf136ccef52",
            "ticker": "HIGHMIA-24JUL10-T94",
            "count": 4,
            "created_time": "2024-07-09T15:18:41.348682Z",
            "yes_price": 8,
            "no_price": 92,
            "taker_side": "no"
        }
    ]
}