{
    "HIGHMIA-24JUL19-T86": [
        {
            "trade_id": "e6dfe733-635e-4f3a-9bbf-f4c9b45a860b",
            "ticker": "HIGHMIA-24JUL19-T86",
            "count": 24,
            "created_time": "2024-07-19T12:29:37.992401Z",
            "yes_price": 1,
            "no_price": 99,
            "taker_side": "no"
        },
        {
            "trade_id": "c682fccc-7f1a-45bd-91e6-a811e4379f18",
            "ticker": "HIGHMIA-24JUL19-T86",
            "count": 3,
            "created_time": "2024-07-19T12:09:06.4205Z",
            "yes_price": 1,
            "no_price": 99,
            "taker_side": "no"
        },
        {
            "trade_id": "5854b3cb-e675-41c4-9213-4a62bd0f4e4d",
            "ticker": "HIGHMIA-24JUL19-T86",
            "count": 3,
            "created_time": "2024-07-19T12:09:06.40994Z",
            "yes_price": 1,
            "no_price": 99,
            "taker_side": "no"
        },
        {
            "trade_id": "cbb92e0b-2587-48b1-8ee2-2256b2854369",
            "ticker": "HIGHMIA-24JUL19-T86",
            "count": 20,
            "created_time": "2024-07-18T17:54:53.396251Z",
            "yes_price": 1,
            "no_price": 99,
            "taker_side": "no"
        }
    ],
    "HIGHMIA-24JUL19-B86.5": [
        {
            "trade_id": "6a4ae800-989d-4e73-9366-8f6432d0f4d0",
            "ticker": "HIGHMIA-24JUL19-B86.5",
            "count": 1870,
            "created_time": "2024-07-19T23:43:33.768216Z",
            "yes_price": 1,
            "no_price": 99,
            "taker_side": "yes"
        },
        {
            "trade_id": "e7f4e2af-efdd-445a-a360-9f8f817fc302",
            "ticker": "HIGHMIA-24JUL19-B86.5",
            "count": 24,
            "created_time": "2024-07-19T12:29:33.086115Z",
            "yes_price": 1,
            "no_price": 99,
            "taker_side": "no"
        },
        {
            "trade_id": "26237039-c464-4bb2-88a3-fbf661126609",
            "ticker": "HIGHMIA-24JUL19-B86.5",
            "count": 3,
            "created_time": "2024-07-19T12:09:06.377539Z",
            "yes_price": 1,
            "no_price": 99,
            "taker_side": "no"
        },
        {
            "trade_id": "b13fe14f-ab29-4a2b-bcaa-b556c1b0fc59",
            "ticker": "HIGHMIA-24JUL19-B86.5",
            "count": 3,
            "created_time": "2024-07-19T12:09:06.353863Z",
            "yes_price": 1,
            "no_price": 99,
            "taker_side": "no"
        },
        {
            "trade_id": "251204ca-2533-476e-9ec5-b5e24b1173f9",
            "ticker": "HIGHMIA-24JUL19-B86.5",
            "count": 10,
            "created_time": "2024-07-18T19:44:56.858909Z",
            "yes_price": 5,
            "no_price": 95,
            "taker_side": "yes"
        },
        {
            "trade_id": "38a4d750-3ded-4f58-8fb3-fd262b71b77a",
            "ticker": "HIGHMIA-24JUL19-B86.5",
            "count": 20,
            "created_time": "2024-07-18T17:54:53.416377Z",
            "yes_price": 1,
            "no_price": 99,
            "taker_side": "no"
        }
    ],
    "HIGHMIA-24JUL19-B88.5": [
        {
            "trade_id": "dbe5dc69-c639-4ef2-b3ab-a05453c210f1",
            "ticker": "HIGHMIA-24JUL19-B88.5",
            "count": 1870,
            "created_time": "2024-07-19T23:42:20.86817Z",
            "yes_price": 1,
            "no_price": 99,
            "taker_side": "yes"
        },
        {
            "trade_id": "edd0ce6f-44a7-4d75-ab40-1533f86ffaa7",
            "ticker": "HIGHMIA-24JUL19-B88.5",
            "count": 1870,
            "created_time": "2024-07-19T16:30:46.114583Z",
            "yes_price": 1,
            "no_price": 99,
            "taker_side": "yes"
        },
        {
            "trade_id": "7dc61358-97cc-44fe-a6f8-31a58b9a3448",
            "ticker": "HIGHMIA-24JUL19-B88.5",
            "count": 24,
            "created_time": "2024-07-19T15:37:30.012742Z",
            "yes_price": 1,
            "no_price": 99,
            "taker_side": "no"
        },
        {
            "trade_id": "d29edcc7-a958-47b7-b0f9-2d6b29460c79",
            "ticker": "HIGHMIA-24JUL19-B88.5",
            "count": 3,
            "created_time": "2024-07-19T12:09:06.388275Z",
            "yes_price": 1,
            "no_price": 99,
            "taker_side": "no"
        },
        {
            "trade_id": "4f103d0f-042b-468c-8556-467680ee94b0",
            "ticker": "HIGHMIA-24JUL19-B88.5",
            "count": 3,
            "created_time": "2024-07-19T12:09:06.337286Z",
            "yes_price": 1,
            "no_price": 99,
            "taker_side": "no"
        },
        {
            "trade_id": "3b6232e5-b963-4961-8bdc-b69e99c9cb52",
            "ticker": "HIGHMIA-24JUL19-B88.5",
            "count": 7,
            "created_time": "2024-07-18T19:44:39.095683Z",
            "yes_price": 12,
            "no_price": 88,
            "taker_side": "yes"
        },
        {
            "trade_id": "8e36824f-d95b-4ccb-98cb-8719b3c372f6",
            "ticker": "HIGHMIA-24JUL19-B88.5",
            "count": 20,
            "created_time": "2024-07-18T17:54:53.43128Z",
            "yes_price": 1,
            "no_price": 99,
            "taker_side": "no"
        }
    ],
    "HIGHMIA-24JUL19-B90.5": [
        {
            "trade_id": "a80213d5-09be-49ad-ac6d-f42aed418ee1",
            "ticker": "HIGHMIA-24JUL19-B90.5",
            "count": 534,
            "created_time": "2024-07-20T02:38:03.838764Z",
            "yes_price": 1,
            "no_price": 99,
            "taker_side": "yes"
        },
        {
            "trade_id": "0245925a-f22b-4716-b71f-5a7fb652bb69",
            "ticker": "HIGHMIA-24JUL19-B90.5",
            "count": 9351,
            "created_time": "2024-07-19T23:45:47.044628Z",
            "yes_price": 1,
            "no_price": 99,
            "taker_side": "yes"
        },
        {
            "trade_id": "580699b2-f38d-4164-8858-4541fd762e97",
            "ticker": "HIGHMIA-24JUL19-B90.5",
            "count": 1870,
            "created_time": "2024-07-19T23:42:38.586703Z",
            "yes_price": 1,
            "no_price": 99,
            "taker_side": "yes"
        },
        {
            "trade_id": "f5b88141-ca92-47bc-ac55-0b99e3420d4a",
            "ticker": "HIGHMIA-24JUL19-B90.5",
            "count": 44,
            "created_time": "2024-07-19T17:55:31.836335Z",
            "yes_price": 1,
            "no_price": 99,
            "taker_side": "no"
        },
        {
            "trade_id": "bd109081-532b-4836-81b8-7892a245a216",
            "ticker": "HIGHMIA-24JUL19-B90.5",
            "count": 140,
            "created_time": "2024-07-19T17:55:31.836335Z",
            "yes_price": 1,
            "no_price": 99,
            "taker_side": "no"
        },
        {
            "trade_id": "16f83700-6652-4384-9bde-15145ebf9a3d",
            "ticker": "HIGHMIA-24JUL19-B90.5",
            "count": 28,
            "created_time": "2024-07-19T17:55:31.836335Z",
            "yes_price": 2,
            "no_price": 98,
            "taker_side": "no"
        },
        {
            "trade_id": "f78b0649-4d4b-413b-bb0c-6cbd251231d2",
            "ticker": "HIGHMIA-24JUL19-B90.5",
            "count": 72,
            "created_time": "2024-07-19T17:52:12.075509Z",
            "yes_price": 2,
            "no_price": 98,
            "taker_side": "no"
        },
        {
            "trade_id": "19140e4d-2e1c-45e7-befa-eacf631cd106",
            "ticker": "HIGHMIA-24JUL19-B90.5",
            "count": 27,
            "created_time": "2024-07-19T16:53:17.488594Z",
            "yes_price": 35,
            "no_price": 65,
            "taker_side": "yes"
        },
        {
            "trade_id": "e0be2001-e1e9-458d-aa07-a1087b73f4e4",
            "ticker": "HIGHMIA-24JUL19-B90.5",
            "count": 148,
            "created_time": "2024-07-19T16:30:04.367783Z",
            "yes_price": 27,
            "no_price": 73,
            "taker_side": "yes"
        },
        {
            "trade_id": "a03ba88d-df00-4ecc-80a3-99575df7a904",
            "ticker": "HIGHMIA-24JUL19-B90.5",
            "count": 3,
            "created_time": "2024-07-19T16:30:04.367783Z",
            "yes_price": 60,
            "no_price": 40,
            "taker_side": "yes"
        },
        {
            "trade_id": "682d48e5-3c5c-45b1-ac27-ae8d0f15b740",
            "ticker": "HIGHMIA-24JUL19-B90.5",
            "count": 139,
            "created_time": "2024-07-19T16:30:04.367783Z",
            "yes_price": 26,
            "no_price": 74,
            "taker_side": "yes"
        },
        {
            "trade_id": "42056e0f-a328-44d5-a8a1-afd84e433397",
            "ticker": "HIGHMIA-24JUL19-B90.5",
            "count": 1,
            "created_time": "2024-07-19T16:30:04.367783Z",
            "yes_price": 66,
            "no_price": 34,
            "taker_side": "yes"
        },
        {
            "trade_id": "29c0535a-5413-4c3f-9095-d1bcded8d567",
            "ticker": "HIGHMIA-24JUL19-B90.5",
            "count": 2,
            "created_time": "2024-07-19T16:30:04.367783Z",
            "yes_price": 99,
            "no_price": 1,
            "taker_side": "yes"
        },
        {
            "trade_id": "0aa2b891-6a98-46a7-b701-98b438e855d0",
            "ticker": "HIGHMIA-24JUL19-B90.5",
            "count": 17,
            "created_time": "2024-07-19T16:30:04.367783Z",
            "yes_price": 53,
            "no_price": 47,
            "taker_side": "yes"
        },
        {
            "trade_id": "09e087a8-c917-4a4e-8896-9a83afda4b33",
            "ticker": "HIGHMIA-24JUL19-B90.5",
            "count": 6,
            "created_time": "2024-07-19T16:30:04.367783Z",
            "yes_price": 90,
            "no_price": 10,
            "taker_side": "yes"
        },
        {
            "trade_id": "e7ff7b73-1cc8-45ba-8c45-964f287f0b75",
            "ticker": "HIGHMIA-24JUL19-B90.5",
            "count": 11,
            "created_time": "2024-07-19T15:58:02.083865Z",
            "yes_price": 27,
            "no_price": 73,
            "taker_side": "yes"
        },
        {
            "trade_id": "1a73b785-e8bd-4440-abbb-a2bfab4329d8",
            "ticker": "HIGHMIA-24JUL19-B90.5",
            "count": 25,
            "created_time": "2024-07-19T15:58:02.083865Z",
            "yes_price": 26,
            "no_price": 74,
            "taker_side": "yes"
        },
        {
            "trade_id": "778bd5a6-ed3b-4ca2-a705-a19fef7f737a",
            "ticker": "HIGHMIA-24JUL19-B90.5",
            "count": 35,
            "created_time": "2024-07-19T15:00:51.717193Z",
            "yes_price": 27,
            "no_price": 73,
            "taker_side": "yes"
        },
        {
            "trade_id": "b7b6c406-3db0-46c3-b0b2-63c271054abc",
            "ticker": "HIGHMIA-24JUL19-B90.5",
            "count": 35,
            "created_time": "2024-07-19T14:12:47.943281Z",
            "yes_price": 27,
            "no_price": 73,
            "taker_side": "yes"
        },
        {
            "trade_id": "5fbac4d3-c98d-4a20-98dc-44905b610bf9",
            "ticker": "HIGHMIA-24JUL19-B90.5",
            "count": 14,
            "created_time": "2024-07-19T14:10:21.433256Z",
            "yes_price": 27,
            "no_price": 73,
            "taker_side": "yes"
        },
        {
            "trade_id": "a932a60e-62ce-4976-8336-8b1c46554cb1",
            "ticker": "HIGHMIA-24JUL19-B90.5",
            "count": 13,
            "created_time": "2024-07-19T13:52:11.932001Z",
            "yes_price": 31,
            "no_price": 69,
            "taker_side": "yes"
        },
        {
            "trade_id": "60939ced-508e-438f-a7a1-ce04b8fe7513",
            "ticker": "HIGHMIA-24JUL19-B90.5",
            "count": 18,
            "created_time": "2024-07-19T13:52:11.932001Z",
            "yes_price": 29,
            "no_price": 71,
            "taker_side": "yes"
        },
        {
            "trade_id": "56af7370-9d64-448c-a162-856f9da76bc1",
            "ticker": "HIGHMIA-24JUL19-B90.5",
            "count": 72,
            "created_time": "2024-07-19T13:45:35.721918Z",
            "yes_price": 29,
            "no_price": 71,
            "taker_side": "yes"
        },
        {
            "trade_id": "35fbdeba-be11-439f-ac47-c87a8e361cb6",
            "ticker": "HIGHMIA-24JUL19-B90.5",
            "count": 88,
            "created_time": "2024-07-19T13:05:00.678933Z",
            "yes_price": 14,
            "no_price": 86,
            "taker_side": "yes"
        },
        {
            "trade_id": "90bbcb45-1e3c-4042-ba4d-2da9a057b67c",
            "ticker": "HIGHMIA-24JUL19-B90.5",
            "count": 3,
            "created_time": "2024-07-19T12:09:06.399211Z",
            "yes_price": 1,
            "no_price": 99,
            "taker_side": "no"
        },
        {
            "trade_id": "d8cd444a-add7-48c3-8159-0ba8969751e3",
            "ticker": "HIGHMIA-24JUL19-B90.5",
            "count": 3,
            "created_time": "2024-07-19T12:09:06.366132Z",
            "yes_price": 1,
            "no_price": 99,
            "taker_side": "no"
        },
        {
            "trade_id": "9d044d80-bbde-421e-a976-cc0095037dc3",
            "ticker": "HIGHMIA-24JUL19-B90.5",
            "count": 18,
            "created_time": "2024-07-19T00:58:32.483306Z",
            "yes_price": 13,
            "no_price": 87,
            "taker_side": "no"
        },
        {
            "trade_id": "f84d45db-5e92-4893-a789-93a35c6bc51f",
            "ticker": "HIGHMIA-24JUL19-B90.5",
            "count": 18,
            "created_time": "2024-07-19T00:56:04.552198Z",
            "yes_price": 16,
            "no_price": 84,
            "taker_side": "no"
        },
        {
            "trade_id": "bae617ab-e9e7-440e-abf1-15a79543ce57",
            "ticker": "HIGHMIA-24JUL19-B90.5",
            "count": 69,
            "created_time": "2024-07-19T00:22:04.488955Z",
            "yes_price": 19,
            "no_price": 81,
            "taker_side": "yes"
        },
        {
            "trade_id": "960d4dee-8c56-4918-9c10-951a5252897e",
            "ticker": "HIGHMIA-24JUL19-B90.5",
            "count": 90,
            "created_time": "2024-07-19T00:22:04.488955Z",
            "yes_price": 18,
            "no_price": 82,
            "taker_side": "yes"
        },
        {
            "trade_id": "44160ee2-fda1-45ed-b174-fcf434f18206",
            "ticker": "HIGHMIA-24JUL19-B90.5",
            "count": 18,
            "created_time": "2024-07-18T20:11:18.656519Z",
            "yes_price": 15,
            "no_price": 85,
            "taker_side": "no"
        },
        {
            "trade_id": "9770fc4f-6243-4241-82dd-037531bc0acb",
            "ticker": "HIGHMIA-24JUL19-B90.5",
            "count": 108,
            "created_time": "2024-07-18T20:00:48.84411Z",
            "yes_price": 15,
            "no_price": 85,
            "taker_side": "no"
        },
        {
            "trade_id": "67c5533b-5b12-4c8b-ae43-b47644e3f0ee",
            "ticker": "HIGHMIA-24JUL19-B90.5",
            "count": 90,
            "created_time": "2024-07-18T20:00:27.725768Z",
            "yes_price": 16,
            "no_price": 84,
            "taker_side": "no"
        },
        {
            "trade_id": "2e6ed09e-7829-4532-908a-1bfb25b7a984",
            "ticker": "HIGHMIA-24JUL19-B90.5",
            "count": 300,
            "created_time": "2024-07-18T20:00:27.725768Z",
            "yes_price": 15,
            "no_price": 85,
            "taker_side": "no"
        },
        {
            "trade_id": "dfa144c1-c36d-40f1-95ec-70fe39b11da4",
            "ticker": "HIGHMIA-24JUL19-B90.5",
            "count": 3,
            "created_time": "2024-07-18T19:44:52.410405Z",
            "yes_price": 24,
            "no_price": 76,
            "taker_side": "yes"
        },
        {
            "trade_id": "e307ccac-9046-49e2-81a7-d71023144d50",
            "ticker": "HIGHMIA-24JUL19-B90.5",
            "count": 4,
            "created_time": "2024-07-18T19:21:09.530859Z",
            "yes_price": 14,
            "no_price": 86,
            "taker_side": "no"
        },
        {
            "trade_id": "ad50f514-823e-4abd-9dca-09a7f1eb05fd",
            "ticker": "HIGHMIA-24JUL19-B90.5",
            "count": 20,
            "created_time": "2024-07-18T19:17:07.023044Z",
            "yes_price": 13,
            "no_price": 87,
            "taker_side": "yes"
        },
        {
            "trade_id": "7a249baa-f2b6-4f4f-b164-587968062844",
            "ticker": "HIGHMIA-24JUL19-B90.5",
            "count": 20,
            "created_time": "2024-07-18T17:54:53.444523Z",
            "yes_price": 11,
            "no_price": 89,
            "taker_side": "no"
        },
        {
            "trade_id": "e2a494f1-25b7-46c9-ab8e-7040eb2e536a",
            "ticker": "HIGHMIA-24JUL19-B90.5",
            "count": 5,
            "created_time": "2024-07-18T16:21:10.378683Z",
            "yes_price": 14,
            "no_price": 86,
            "taker_side": "no"
        },
        {
            "trade_id": "fe066552-007f-4110-a110-15e758e84723",
            "ticker": "HIGHMIA-24JUL19-B90.5",
            "count": 30,
            "created_time": "2024-07-18T14:24:53.539768Z",
            "yes_price": 18,
            "no_price": 82,
            "taker_side": "yes"
        }
    ],
    "HIGHMIA-24JUL19-B92.5": [
        {
            "trade_id": "bf0e9a4e-8a4e-42c8-bfe9-4ca0bb00602c",
            "ticker": "HIGHMIA-24JUL19-B92.5",
            "count": 564,
            "created_time": "2024-07-20T02:37:49.735428Z",
            "yes_price": 99,
            "no_price": 1,
            "taker_side": "no"
        },
        {
            "trade_id": "01a46291-e329-49ba-8db5-e08633bb87e5",
            "ticker": "HIGHMIA-24JUL19-B92.5",
            "count": 50,
            "created_time": "2024-07-19T21:51:13.031481Z",
            "yes_price": 99,
            "no_price": 1,
            "taker_side": "yes"
        },
        {
            "trade_id": "b3cd5452-731e-4f3d-b2e5-18c222171295",
            "ticker": "HIGHMIA-24JUL19-B92.5",
            "count": 34,
            "created_time": "2024-07-19T21:25:15.114464Z",
            "yes_price": 51,
            "no_price": 49,
            "taker_side": "no"
        },
        {
            "trade_id": "8a5bac0f-9dfe-4378-8d34-363cafd8d1c1",
            "ticker": "HIGHMIA-24JUL19-B92.5",
            "count": 1,
            "created_time": "2024-07-19T18:53:23.954607Z",
            "yes_price": 98,
            "no_price": 2,
            "taker_side": "yes"
        },
        {
            "trade_id": "20e8922c-2eec-493e-8be8-76266f9b92e0",
            "ticker": "HIGHMIA-24JUL19-B92.5",
            "count": 1,
            "created_time": "2024-07-19T18:41:20.479396Z",
            "yes_price": 15,
            "no_price": 85,
            "taker_side": "no"
        },
        {
            "trade_id": "70d1f73e-e697-4cb8-b4ec-9ea8010dee08",
            "ticker": "HIGHMIA-24JUL19-B92.5",
            "count": 1,
            "created_time": "2024-07-19T18:34:50.108028Z",
            "yes_price": 98,
            "no_price": 2,
            "taker_side": "yes"
        },
        {
            "trade_id": "f111d3b7-bfbe-45e9-b3df-e6c64c760a51",
            "ticker": "HIGHMIA-24JUL19-B92.5",
            "count": 296,
            "created_time": "2024-07-19T17:07:44.754077Z",
            "yes_price": 15,
            "no_price": 85,
            "taker_side": "no"
        },
        {
            "trade_id": "b044ec3b-da89-4693-9662-cc722832fd7f",
            "ticker": "HIGHMIA-24JUL19-B92.5",
            "count": 4,
            "created_time": "2024-07-19T17:07:44.754077Z",
            "yes_price": 50,
            "no_price": 50,
            "taker_side": "no"
        },
        {
            "trade_id": "235a4b1d-ed24-4373-801d-c54d9df7e696",
            "ticker": "HIGHMIA-24JUL19-B92.5",
            "count": 18,
            "created_time": "2024-07-19T13:33:37.860517Z",
            "yes_price": 64,
            "no_price": 36,
            "taker_side": "no"
        },
        {
            "trade_id": "6be0eac6-14f7-4d52-bbe3-8591b4676d2a",
            "ticker": "HIGHMIA-24JUL19-B92.5",
            "count": 3,
            "created_time": "2024-07-19T12:09:06.431072Z",
            "yes_price": 50,
            "no_price": 50,
            "taker_side": "no"
        },
        {
            "trade_id": "96ed1809-6c65-4087-a2f7-70b841b78d19",
            "ticker": "HIGHMIA-24JUL19-B92.5",
            "count": 3,
            "created_time": "2024-07-19T12:09:06.398998Z",
            "yes_price": 50,
            "no_price": 50,
            "taker_side": "no"
        },
        {
            "trade_id": "cc308f87-a0a5-4264-bcab-f6114c8698b5",
            "ticker": "HIGHMIA-24JUL19-B92.5",
            "count": 7,
            "created_time": "2024-07-19T12:08:28.679213Z",
            "yes_price": 72,
            "no_price": 28,
            "taker_side": "yes"
        },
        {
            "trade_id": "9b24817e-35bd-43c7-99b7-e6569bc4f930",
            "ticker": "HIGHMIA-24JUL19-B92.5",
            "count": 8,
            "created_time": "2024-07-19T12:08:28.679213Z",
            "yes_price": 69,
            "no_price": 31,
            "taker_side": "yes"
        },
        {
            "trade_id": "343de036-37d7-4f47-869f-d29fddaaf5d3",
            "ticker": "HIGHMIA-24JUL19-B92.5",
            "count": 54,
            "created_time": "2024-07-19T12:08:28.679213Z",
            "yes_price": 70,
            "no_price": 30,
            "taker_side": "yes"
        },
        {
            "trade_id": "dda45c47-1699-4214-94ea-375d653210cf",
            "ticker": "HIGHMIA-24JUL19-B92.5",
            "count": 12,
            "created_time": "2024-07-19T00:54:38.741188Z",
            "yes_price": 59,
            "no_price": 41,
            "taker_side": "yes"
        },
        {
            "trade_id": "d9e3c48a-b6a1-42bc-bee1-232ea70019aa",
            "ticker": "HIGHMIA-24JUL19-B92.5",
            "count": 50,
            "created_time": "2024-07-19T00:54:38.741188Z",
            "yes_price": 60,
            "no_price": 40,
            "taker_side": "yes"
        },
        {
            "trade_id": "14e67682-21ea-4ed1-acff-94ee42ab94e6",
            "ticker": "HIGHMIA-24JUL19-B92.5",
            "count": 5,
            "created_time": "2024-07-18T20:11:52.974225Z",
            "yes_price": 59,
            "no_price": 41,
            "taker_side": "yes"
        },
        {
            "trade_id": "f123b760-790b-4a16-ba30-a8746d781cbf",
            "ticker": "HIGHMIA-24JUL19-B92.5",
            "count": 72,
            "created_time": "2024-07-18T20:01:28.675167Z",
            "yes_price": 57,
            "no_price": 43,
            "taker_side": "yes"
        },
        {
            "trade_id": "a5ce2f0e-aeb6-4f7b-a4e4-81ad0e047adc",
            "ticker": "HIGHMIA-24JUL19-B92.5",
            "count": 90,
            "created_time": "2024-07-18T20:01:16.15159Z",
            "yes_price": 57,
            "no_price": 43,
            "taker_side": "yes"
        },
        {
            "trade_id": "cc239439-e686-4ac5-a58f-57b8f7baba60",
            "ticker": "HIGHMIA-24JUL19-B92.5",
            "count": 18,
            "created_time": "2024-07-18T19:59:53.904206Z",
            "yes_price": 56,
            "no_price": 44,
            "taker_side": "yes"
        },
        {
            "trade_id": "74b5fee6-d05a-4e7d-b364-06eeb93bbe2b",
            "ticker": "HIGHMIA-24JUL19-B92.5",
            "count": 36,
            "created_time": "2024-07-18T19:51:05.300895Z",
            "yes_price": 56,
            "no_price": 44,
            "taker_side": "yes"
        },
        {
            "trade_id": "81b3f7a5-e04f-4ed3-aa72-810a681f37f9",
            "ticker": "HIGHMIA-24JUL19-B92.5",
            "count": 36,
            "created_time": "2024-07-18T17:57:36.017149Z",
            "yes_price": 55,
            "no_price": 45,
            "taker_side": "yes"
        },
        {
            "trade_id": "c234c7b7-2922-41af-9787-99bba75b6145",
            "ticker": "HIGHMIA-24JUL19-B92.5",
            "count": 6,
            "created_time": "2024-07-18T17:56:39.628833Z",
            "yes_price": 56,
            "no_price": 44,
            "taker_side": "yes"
        },
        {
            "trade_id": "fcac4970-535a-4f6d-baff-133a9f9657ed",
            "ticker": "HIGHMIA-24JUL19-B92.5",
            "count": 125,
            "created_time": "2024-07-18T17:56:13.462501Z",
            "yes_price": 55,
            "no_price": 45,
            "taker_side": "yes"
        },
        {
            "trade_id": "7e500616-df9b-4d12-9a00-049af6852dd0",
            "ticker": "HIGHMIA-24JUL19-B92.5",
            "count": 72,
            "created_time": "2024-07-18T17:54:53.308068Z",
            "yes_price": 51,
            "no_price": 49,
            "taker_side": "yes"
        },
        {
            "trade_id": "745e5315-bf13-487d-8c4f-05a3d71ee9e7",
            "ticker": "HIGHMIA-24JUL19-B92.5",
            "count": 10,
            "created_time": "2024-07-18T17:54:53.308068Z",
            "yes_price": 54,
            "no_price": 46,
            "taker_side": "yes"
        },
        {
            "trade_id": "6a7542da-e3ca-426f-ac85-605a0e3c6155",
            "ticker": "HIGHMIA-24JUL19-B92.5",
            "count": 20,
            "created_time": "2024-07-18T17:54:53.308068Z",
            "yes_price": 50,
            "no_price": 50,
            "taker_side": "yes"
        },
        {
            "trade_id": "30d9078c-134f-4bc4-ac58-2b734229debf",
            "ticker": "HIGHMIA-24JUL19-B92.5",
            "count": 180,
            "created_time": "2024-07-18T17:54:53.308068Z",
            "yes_price": 54,
            "no_price": 46,
            "taker_side": "yes"
        },
        {
            "trade_id": "6d7e0069-dfde-4afe-bb9f-84c58181a7c4",
            "ticker": "HIGHMIA-24JUL19-B92.5",
            "count": 6,
            "created_time": "2024-07-18T16:51:09.242563Z",
            "yes_price": 41,
            "no_price": 59,
            "taker_side": "no"
        },
        {
            "trade_id": "fe3e4a1c-6cda-419d-8f39-874a23d45750",
            "ticker": "HIGHMIA-24JUL19-B92.5",
            "count": 10,
            "created_time": "2024-07-18T16:41:09.943894Z",
            "yes_price": 47,
            "no_price": 53,
            "taker_side": "no"
        },
        {
            "trade_id": "39f684b1-9b73-4e1c-9905-a405984c4ba3",
            "ticker": "HIGHMIA-24JUL19-B92.5",
            "count": 20,
            "created_time": "2024-07-18T16:31:10.138281Z",
            "yes_price": 45,
            "no_price": 55,
            "taker_side": "no"
        },
        {
            "trade_id": "9ec573b4-9f04-418b-a5c0-ba527ea824db",
            "ticker": "HIGHMIA-24JUL19-B92.5",
            "count": 50,
            "created_time": "2024-07-18T14:22:06.384197Z",
            "yes_price": 45,
            "no_price": 55,
            "taker_side": "yes"
        },
        {
            "trade_id": "bd221188-9451-4e5a-9b56-a69a81ac2dac",
            "ticker": "HIGHMIA-24JUL19-B92.5",
            "count": 8,
            "created_time": "2024-07-18T14:21:08.443382Z",
            "yes_price": 44,
            "no_price": 56,
            "taker_side": "no"
        },
        {
            "trade_id": "be220c63-4788-4050-8bea-a9b9c972ac0a",
            "ticker": "HIGHMIA-24JUL19-B92.5",
            "count": 50,
            "created_time": "2024-07-18T14:16:45.390997Z",
            "yes_price": 45,
            "no_price": 55,
            "taker_side": "yes"
        },
        {
            "trade_id": "31e80889-0f0d-4e63-8ec4-77084fd3f828",
            "ticker": "HIGHMIA-24JUL19-B92.5",
            "count": 30,
            "created_time": "2024-07-18T14:12:57.925687Z",
            "yes_price": 37,
            "no_price": 63,
            "taker_side": "yes"
        },
        {
            "trade_id": "874bf63f-6ad6-456c-9e62-f5d0172de3bb",
            "ticker": "HIGHMIA-24JUL19-B92.5",
            "count": 10,
            "created_time": "2024-07-18T14:03:25.411575Z",
            "yes_price": 34,
            "no_price": 66,
            "taker_side": "yes"
        }
    ],
    "HIGHMIA-24JUL19-T93": [
        {
            "trade_id": "4a705e42-fb51-4806-ba22-5b38bdfe22bc",
            "ticker": "HIGHMIA-24JUL19-T93",
            "count": 534,
            "created_time": "2024-07-20T02:38:14.230843Z",
            "yes_price": 1,
            "no_price": 99,
            "taker_side": "yes"
        },
        {
            "trade_id": "a2511289-bc6c-4f4e-90d8-618f4db52f81",
            "ticker": "HIGHMIA-24JUL19-T93",
            "count": 5,
            "created_time": "2024-07-19T23:47:32.293386Z",
            "yes_price": 1,
            "no_price": 99,
            "taker_side": "no"
        },
        {
            "trade_id": "33db60a1-280a-4cbf-9445-7a8b9fe4ee02",
            "ticker": "HIGHMIA-24JUL19-T93",
            "count": 290,
            "created_time": "2024-07-19T21:51:51.776848Z",
            "yes_price": 1,
            "no_price": 99,
            "taker_side": "no"
        },
        {
            "trade_id": "a7cff79d-f409-4ba5-a96e-89cbb44ed4e0",
            "ticker": "HIGHMIA-24JUL19-T93",
            "count": 40,
            "created_time": "2024-07-19T21:51:21.19728Z",
            "yes_price": 1,
            "no_price": 99,
            "taker_side": "no"
        },
        {
            "trade_id": "2e6cf7d7-a3fc-4376-bc38-2a07f91579f1",
            "ticker": "HIGHMIA-24JUL19-T93",
            "count": 10,
            "created_time": "2024-07-19T21:51:21.19728Z",
            "yes_price": 1,
            "no_price": 99,
            "taker_side": "no"
        },
        {
            "trade_id": "486e7bb1-25eb-470b-9d03-5d2a3afc4e45",
            "ticker": "HIGHMIA-24JUL19-T93",
            "count": 5,
            "created_time": "2024-07-19T21:13:39.856797Z",
            "yes_price": 30,
            "no_price": 70,
            "taker_side": "yes"
        },
        {
            "trade_id": "cc4b1141-86ed-4878-9448-5852b3c8a942",
            "ticker": "HIGHMIA-24JUL19-T93",
            "count": 10,
            "created_time": "2024-07-19T20:51:07.52827Z",
            "yes_price": 1,
            "no_price": 99,
            "taker_side": "no"
        },
        {
            "trade_id": "49037d14-c5fd-4f1e-99df-ed3e8f170a55",
            "ticker": "HIGHMIA-24JUL19-T93",
            "count": 65,
            "created_time": "2024-07-19T20:06:09.477088Z",
            "yes_price": 12,
            "no_price": 88,
            "taker_side": "no"
        },
        {
            "trade_id": "445811d3-2ff6-4a6f-b2a6-a12326626ed4",
            "ticker": "HIGHMIA-24JUL19-T93",
            "count": 1,
            "created_time": "2024-07-19T18:53:24.006843Z",
            "yes_price": 3,
            "no_price": 97,
            "taker_side": "no"
        },
        {
            "trade_id": "11969afb-0396-49df-a9f7-b22b25e8e70c",
            "ticker": "HIGHMIA-24JUL19-T93",
            "count": 1,
            "created_time": "2024-07-19T18:34:50.166428Z",
            "yes_price": 3,
            "no_price": 97,
            "taker_side": "no"
        },
        {
            "trade_id": "cb1bd60b-0020-4427-ad2c-395e17afa164",
            "ticker": "HIGHMIA-24JUL19-T93",
            "count": 65,
            "created_time": "2024-07-19T12:43:16.492951Z",
            "yes_price": 12,
            "no_price": 88,
            "taker_side": "no"
        },
        {
            "trade_id": "b12d50a4-dc3e-4e8e-b855-0e531638dde8",
            "ticker": "HIGHMIA-24JUL19-T93",
            "count": 1,
            "created_time": "2024-07-19T12:43:16.492951Z",
            "yes_price": 13,
            "no_price": 87,
            "taker_side": "no"
        },
        {
            "trade_id": "dae592da-f93c-4bb8-ac95-6316bf7f88e9",
            "ticker": "HIGHMIA-24JUL19-T93",
            "count": 8,
            "created_time": "2024-07-19T12:38:31.717179Z",
            "yes_price": 15,
            "no_price": 85,
            "taker_side": "no"
        },
        {
            "trade_id": "9f65d965-8da4-4c9d-a202-47988957cbf1",
            "ticker": "HIGHMIA-24JUL19-T93",
            "count": 3,
            "created_time": "2024-07-19T12:09:06.377317Z",
            "yes_price": 78,
            "no_price": 22,
            "taker_side": "no"
        },
        {
            "trade_id": "08267e4c-6be2-4f78-a07a-26fbe908dbd8",
            "ticker": "HIGHMIA-24JUL19-T93",
            "count": 18,
            "created_time": "2024-07-19T01:45:40.851256Z",
            "yes_price": 27,
            "no_price": 73,
            "taker_side": "no"
        },
        {
            "trade_id": "0cb4de8e-24cc-4c01-bc2f-e4ca26580a97",
            "ticker": "HIGHMIA-24JUL19-T93",
            "count": 90,
            "created_time": "2024-07-19T01:22:52.078719Z",
            "yes_price": 27,
            "no_price": 73,
            "taker_side": "no"
        },
        {
            "trade_id": "51316c74-2da8-4d32-ad43-48ae81524518",
            "ticker": "HIGHMIA-24JUL19-T93",
            "count": 44,
            "created_time": "2024-07-19T01:22:26.691146Z",
            "yes_price": 28,
            "no_price": 72,
            "taker_side": "no"
        },
        {
            "trade_id": "f88c2204-c2d3-43c4-b427-d6669cd05ae5",
            "ticker": "HIGHMIA-24JUL19-T93",
            "count": 64,
            "created_time": "2024-07-19T01:22:19.563806Z",
            "yes_price": 28,
            "no_price": 72,
            "taker_side": "yes"
        },
        {
            "trade_id": "9b185913-5e1d-4dfd-b7e2-7747fe077a75",
            "ticker": "HIGHMIA-24JUL19-T93",
            "count": 36,
            "created_time": "2024-07-19T01:22:05.937431Z",
            "yes_price": 28,
            "no_price": 72,
            "taker_side": "no"
        },
        {
            "trade_id": "d4ffcc01-62a9-4131-ba96-11b06125f3d8",
            "ticker": "HIGHMIA-24JUL19-T93",
            "count": 65,
            "created_time": "2024-07-19T01:04:43.358007Z",
            "yes_price": 24,
            "no_price": 76,
            "taker_side": "yes"
        },
        {
            "trade_id": "61baf8d8-2d3d-4919-b133-1f911f4ec687",
            "ticker": "HIGHMIA-24JUL19-T93",
            "count": 18,
            "created_time": "2024-07-19T00:58:21.628903Z",
            "yes_price": 20,
            "no_price": 80,
            "taker_side": "no"
        },
        {
            "trade_id": "06afb797-e133-4c34-a519-d397c7e7a34e",
            "ticker": "HIGHMIA-24JUL19-T93",
            "count": 36,
            "created_time": "2024-07-19T00:53:41.537818Z",
            "yes_price": 18,
            "no_price": 82,
            "taker_side": "no"
        },
        {
            "trade_id": "10a7f8d4-a3e0-43c1-be0d-31b134520ae1",
            "ticker": "HIGHMIA-24JUL19-T93",
            "count": 180,
            "created_time": "2024-07-19T00:22:41.463177Z",
            "yes_price": 25,
            "no_price": 75,
            "taker_side": "no"
        },
        {
            "trade_id": "01fe396d-4872-448e-b0ec-0c9b7ad27467",
            "ticker": "HIGHMIA-24JUL19-T93",
            "count": 54,
            "created_time": "2024-07-19T00:22:41.463177Z",
            "yes_price": 27,
            "no_price": 73,
            "taker_side": "no"
        },
        {
            "trade_id": "f7743376-a2b0-40a8-81fd-f857784ebdcc",
            "ticker": "HIGHMIA-24JUL19-T93",
            "count": 16,
            "created_time": "2024-07-18T20:11:37.702985Z",
            "yes_price": 22,
            "no_price": 78,
            "taker_side": "no"
        },
        {
            "trade_id": "cc7a2f0f-ab21-4334-bd66-baa5e3bc8ffe",
            "ticker": "HIGHMIA-24JUL19-T93",
            "count": 1,
            "created_time": "2024-07-18T20:11:10.402231Z",
            "yes_price": 28,
            "no_price": 72,
            "taker_side": "yes"
        },
        {
            "trade_id": "4c968c3c-42a4-4bf9-9157-64df263210cb",
            "ticker": "HIGHMIA-24JUL19-T93",
            "count": 18,
            "created_time": "2024-07-18T20:01:05.574038Z",
            "yes_price": 23,
            "no_price": 77,
            "taker_side": "no"
        },
        {
            "trade_id": "90f2116f-8b5c-4577-b0f8-9e9fbaa2cab0",
            "ticker": "HIGHMIA-24JUL19-T93",
            "count": 20,
            "created_time": "2024-07-18T19:59:13.111713Z",
            "yes_price": 22,
            "no_price": 78,
            "taker_side": "no"
        },
        {
            "trade_id": "dd6204e6-a952-4835-8064-31db165f5b76",
            "ticker": "HIGHMIA-24JUL19-T93",
            "count": 8,
            "created_time": "2024-07-18T18:01:10.429721Z",
            "yes_price": 35,
            "no_price": 65,
            "taker_side": "yes"
        },
        {
            "trade_id": "6bd5858e-47a9-47de-b625-40ec2e827703",
            "ticker": "HIGHMIA-24JUL19-T93",
            "count": 30,
            "created_time": "2024-07-18T17:57:08.50069Z",
            "yes_price": 26,
            "no_price": 74,
            "taker_side": "no"
        },
        {
            "trade_id": "ed818e93-31a4-43a9-a4cb-3b266c77e27a",
            "ticker": "HIGHMIA-24JUL19-T93",
            "count": 72,
            "created_time": "2024-07-18T17:55:50.330995Z",
            "yes_price": 31,
            "no_price": 69,
            "taker_side": "no"
        },
        {
            "trade_id": "9db02a9c-d07d-4248-9fcd-3065f68fdb20",
            "ticker": "HIGHMIA-24JUL19-T93",
            "count": 180,
            "created_time": "2024-07-18T17:55:50.330995Z",
            "yes_price": 27,
            "no_price": 73,
            "taker_side": "no"
        },
        {
            "trade_id": "8b03bb3c-3ae3-4ea6-b967-18040e76c6fd",
            "ticker": "HIGHMIA-24JUL19-T93",
            "count": 180,
            "created_time": "2024-07-18T17:55:50.330995Z",
            "yes_price": 28,
            "no_price": 72,
            "taker_side": "no"
        },
        {
            "trade_id": "1ef96520-688a-47dd-8cd7-9fd4a873b737",
            "ticker": "HIGHMIA-24JUL19-T93",
            "count": 20,
            "created_time": "2024-07-18T17:54:53.416095Z",
            "yes_price": 39,
            "no_price": 61,
            "taker_side": "no"
        },
        {
            "trade_id": "c9943058-cc61-471f-ba01-f723fda9599a",
            "ticker": "HIGHMIA-24JUL19-T93",
            "count": 18,
            "created_time": "2024-07-18T17:21:10.16479Z",
            "yes_price": 39,
            "no_price": 61,
            "taker_side": "yes"
        },
        {
            "trade_id": "60f83ff7-e62c-4299-a50e-b5e148b6bc09",
            "ticker": "HIGHMIA-24JUL19-T93",
            "count": 11,
            "created_time": "2024-07-18T17:12:54.683331Z",
            "yes_price": 39,
            "no_price": 61,
            "taker_side": "yes"
        },
        {
            "trade_id": "c1cb9c44-c0a3-4f14-9021-ecc6df1a4f9d",
            "ticker": "HIGHMIA-24JUL19-T93",
            "count": 20,
            "created_time": "2024-07-18T17:12:51.980686Z",
            "yes_price": 39,
            "no_price": 61,
            "taker_side": "no"
        },
        {
            "trade_id": "9f2c3d6a-4773-4f82-b20f-aa73720aa953",
            "ticker": "HIGHMIA-24JUL19-T93",
            "count": 20,
            "created_time": "2024-07-18T17:12:51.980686Z",
            "yes_price": 39,
            "no_price": 61,
            "taker_side": "no"
        },
        {
            "trade_id": "4e5081e9-79af-43e5-a162-49c9ec78c7a0",
            "ticker": "HIGHMIA-24JUL19-T93",
            "count": 72,
            "created_time": "2024-07-18T17:09:23.83933Z",
            "yes_price": 39,
            "no_price": 61,
            "taker_side": "yes"
        },
        {
            "trade_id": "de4ee11c-5fa1-49df-8865-4081e5f9bd27",
            "ticker": "HIGHMIA-24JUL19-T93",
            "count": 54,
            "created_time": "2024-07-18T17:09:08.793979Z",
            "yes_price": 38,
            "no_price": 62,
            "taker_side": "yes"
        },
        {
            "trade_id": "eab0aa3c-3a68-4827-bcba-92f7d0d09943",
            "ticker": "HIGHMIA-24JUL19-T93",
            "count": 1,
            "created_time": "2024-07-18T15:32:53.192774Z",
            "yes_price": 38,
            "no_price": 62,
            "taker_side": "yes"
        },
        {
            "trade_id": "99b869db-93ca-435d-ad34-834081c99662",
            "ticker": "HIGHMIA-24JUL19-T93",
            "count": 6,
            "created_time": "2024-07-18T15:32:53.176496Z",
            "yes_price": 35,
            "no_price": 65,
            "taker_side": "yes"
        },
        {
            "trade_id": "b16d9a2f-53c8-430d-81a5-a821e9316b23",
            "ticker": "HIGHMIA-24JUL19-T93",
            "count": 10,
            "created_time": "2024-07-18T15:09:10.600023Z",
            "yes_price": 35,
            "no_price": 65,
            "taker_side": "yes"
        },
        {
            "trade_id": "7c83f00e-b37a-45b2-8feb-8a504f1e9751",
            "ticker": "HIGHMIA-24JUL19-T93",
            "count": 44,
            "created_time": "2024-07-18T15:09:10.600023Z",
            "yes_price": 35,
            "no_price": 65,
            "taker_side": "yes"
        },
        {
            "trade_id": "17cb2812-00fd-4d13-8cd4-1dcef3922534",
            "ticker": "HIGHMIA-24JUL19-T93",
            "count": 90,
            "created_time": "2024-07-18T15:05:04.840389Z",
            "yes_price": 35,
            "no_price": 65,
            "taker_side": "yes"
        },
        {
            "trade_id": "5d938ec3-1cbc-49d7-b657-f8cf86492825",
            "ticker": "HIGHMIA-24JUL19-T93",
            "count": 23,
            "created_time": "2024-07-18T15:01:04.546021Z",
            "yes_price": 33,
            "no_price": 67,
            "taker_side": "yes"
        },
        {
            "trade_id": "23c76584-9690-4401-b89c-c074d4a12a40",
            "ticker": "HIGHMIA-24JUL19-T93",
            "count": 10,
            "created_time": "2024-07-18T14:59:11.96285Z",
            "yes_price": 32,
            "no_price": 68,
            "taker_side": "no"
        },
        {
            "trade_id": "8f9538bc-8b46-4c10-aa29-27152db2c327",
            "ticker": "HIGHMIA-24JUL19-T93",
            "count": 32,
            "created_time": "2024-07-18T14:57:11.302197Z",
            "yes_price": 33,
            "no_price": 67,
            "taker_side": "yes"
        },
        {
            "trade_id": "7c28c52d-781f-41ca-912f-6b0d41f2acbd",
            "ticker": "HIGHMIA-24JUL19-T93",
            "count": 58,
            "created_time": "2024-07-18T14:57:11.302197Z",
            "yes_price": 33,
            "no_price": 67,
            "taker_side": "yes"
        },
        {
            "trade_id": "67e13233-5884-4d8c-a04e-25d3af2fea8f",
            "ticker": "HIGHMIA-24JUL19-T93",
            "count": 6,
            "created_time": "2024-07-18T14:56:58.239435Z",
            "yes_price": 32,
            "no_price": 68,
            "taker_side": "yes"
        },
        {
            "trade_id": "15808cc5-b357-4089-8cc0-0054c76f93a7",
            "ticker": "HIGHMIA-24JUL19-T93",
            "count": 12,
            "created_time": "2024-07-18T14:56:58.239435Z",
            "yes_price": 33,
            "no_price": 67,
            "taker_side": "yes"
        },
        {
            "trade_id": "33eb27be-51da-4c3e-9df7-336203eb759f",
            "ticker": "HIGHMIA-24JUL19-T93",
            "count": 70,
            "created_time": "2024-07-18T14:54:24.003677Z",
            "yes_price": 31,
            "no_price": 69,
            "taker_side": "no"
        },
        {
            "trade_id": "5c4bc8fd-5d1d-4b97-a720-e1d1d9e95ee9",
            "ticker": "HIGHMIA-24JUL19-T93",
            "count": 72,
            "created_time": "2024-07-18T14:52:56.284702Z",
            "yes_price": 32,
            "no_price": 68,
            "taker_side": "yes"
        },
        {
            "trade_id": "737ea521-85f2-44b4-a088-867ae1371059",
            "ticker": "HIGHMIA-24JUL19-T93",
            "count": 17,
            "created_time": "2024-07-18T14:36:08.729756Z",
            "yes_price": 30,
            "no_price": 70,
            "taker_side": "no"
        },
        {
            "trade_id": "1aa8b14e-82d5-4e12-90b0-0d158eab982e",
            "ticker": "HIGHMIA-24JUL19-T93",
            "count": 29,
            "created_time": "2024-07-18T14:33:34.224419Z",
            "yes_price": 30,
            "no_price": 70,
            "taker_side": "no"
        },
        {
            "trade_id": "8d0c2985-4804-4e0f-8c4c-238a4592bf57",
            "ticker": "HIGHMIA-24JUL19-T93",
            "count": 4,
            "created_time": "2024-07-18T14:33:03.886921Z",
            "yes_price": 30,
            "no_price": 70,
            "taker_side": "yes"
        },
        {
            "trade_id": "0f1efb07-1d55-4a0d-afe6-910171d8cbe3",
            "ticker": "HIGHMIA-24JUL19-T93",
            "count": 4,
            "created_time": "2024-07-18T14:33:03.886921Z",
            "yes_price": 31,
            "no_price": 69,
            "taker_side": "yes"
        },
        {
            "trade_id": "635f8758-a321-4507-86a7-8f9fdfcb04c1",
            "ticker": "HIGHMIA-24JUL19-T93",
            "count": 4,
            "created_time": "2024-07-18T14:21:08.48402Z",
            "yes_price": 30,
            "no_price": 70,
            "taker_side": "yes"
        },
        {
            "trade_id": "d3e43678-e030-48cc-8958-f7dfd48197c0",
            "ticker": "HIGHMIA-24JUL19-T93",
            "count": 4,
            "created_time": "2024-07-18T14:17:08.012921Z",
            "yes_price": 30,
            "no_price": 70,
            "taker_side": "no"
        },
        {
            "trade_id": "4c0f426e-bd36-47dd-a095-da35ea5d52ba",
            "ticker": "HIGHMIA-24JUL19-T93",
            "count": 4,
            "created_time": "2024-07-18T14:16:52.997382Z",
            "yes_price": 30,
            "no_price": 70,
            "taker_side": "no"
        },
        {
            "trade_id": "57971559-0d70-4015-b4a7-ec071934eca1",
            "ticker": "HIGHMIA-24JUL19-T93",
            "count": 4,
            "created_time": "2024-07-18T14:16:37.800443Z",
            "yes_price": 30,
            "no_price": 70,
            "taker_side": "no"
        },
        {
            "trade_id": "475c1cfd-7476-4789-baec-70315a3725ea",
            "ticker": "HIGHMIA-24JUL19-T93",
            "count": 4,
            "created_time": "2024-07-18T14:16:22.791883Z",
            "yes_price": 30,
            "no_price": 70,
            "taker_side": "no"
        },
        {
            "trade_id": "5a8fc37a-9c5d-42c8-b76c-6cdec89ddd15",
            "ticker": "HIGHMIA-24JUL19-T93",
            "count": 4,
            "created_time": "2024-07-18T14:16:07.72045Z",
            "yes_price": 30,
            "no_price": 70,
            "taker_side": "no"
        },
        {
            "trade_id": "93d3ae5c-fcd8-4805-aeec-69fefc873e25",
            "ticker": "HIGHMIA-24JUL19-T93",
            "count": 4,
            "created_time": "2024-07-18T14:15:52.670557Z",
            "yes_price": 30,
            "no_price": 70,
            "taker_side": "no"
        },
        {
            "trade_id": "85706cc0-ce7e-4bd5-b49a-69cd1030c4f0",
            "ticker": "HIGHMIA-24JUL19-T93",
            "count": 4,
            "created_time": "2024-07-18T14:15:35.4625Z",
            "yes_price": 30,
            "no_price": 70,
            "taker_side": "no"
        },
        {
            "trade_id": "5ce9429e-1f69-45cb-96d2-fbe08b05e88a",
            "ticker": "HIGHMIA-24JUL19-T93",
            "count": 4,
            "created_time": "2024-07-18T14:15:20.364166Z",
            "yes_price": 30,
            "no_price": 70,
            "taker_side": "no"
        },
        {
            "trade_id": "bdb38cb8-bd0a-4388-bf13-596509e84320",
            "ticker": "HIGHMIA-24JUL19-T93",
            "count": 4,
            "created_time": "2024-07-18T14:15:05.272469Z",
            "yes_price": 30,
            "no_price": 70,
            "taker_side": "no"
        },
        {
            "trade_id": "e77d2eb0-15d0-4c2e-a0b7-974615dbb59e",
            "ticker": "HIGHMIA-24JUL19-T93",
            "count": 4,
            "created_time": "2024-07-18T14:14:50.002638Z",
            "yes_price": 30,
            "no_price": 70,
            "taker_side": "no"
        },
        {
            "trade_id": "73d251b4-4193-4727-b52c-c7a27b690829",
            "ticker": "HIGHMIA-24JUL19-T93",
            "count": 4,
            "created_time": "2024-07-18T14:14:35.643385Z",
            "yes_price": 30,
            "no_price": 70,
            "taker_side": "no"
        },
        {
            "trade_id": "48761934-ea33-4bdc-a812-77e6c68af526",
            "ticker": "HIGHMIA-24JUL19-T93",
            "count": 4,
            "created_time": "2024-07-18T14:14:19.682133Z",
            "yes_price": 30,
            "no_price": 70,
            "taker_side": "no"
        },
        {
            "trade_id": "7fc34f9b-bd8c-4d7a-bd63-448e57de9d11",
            "ticker": "HIGHMIA-24JUL19-T93",
            "count": 4,
            "created_time": "2024-07-18T14:14:04.308188Z",
            "yes_price": 30,
            "no_price": 70,
            "taker_side": "no"
        },
        {
            "trade_id": "d1c4019a-829b-4c44-94bd-81afa41cc6ae",
            "ticker": "HIGHMIA-24JUL19-T93",
            "count": 4,
            "created_time": "2024-07-18T14:13:48.48829Z",
            "yes_price": 30,
            "no_price": 70,
            "taker_side": "no"
        },
        {
            "trade_id": "ec44218b-4db8-4011-a839-b222b104029d",
            "ticker": "HIGHMIA-24JUL19-T93",
            "count": 4,
            "created_time": "2024-07-18T14:13:39.91112Z",
            "yes_price": 30,
            "no_price": 70,
            "taker_side": "yes"
        },
        {
            "trade_id": "6a1eeede-4376-4c97-8db9-84285cb1b938",
            "ticker": "HIGHMIA-24JUL19-T93",
            "count": 36,
            "created_time": "2024-07-18T14:13:27.843394Z",
            "yes_price": 31,
            "no_price": 69,
            "taker_side": "no"
        },
        {
            "trade_id": "89112514-57b5-495a-8bfd-22f309ad4f84",
            "ticker": "HIGHMIA-24JUL19-T93",
            "count": 30,
            "created_time": "2024-07-18T14:11:51.113759Z",
            "yes_price": 37,
            "no_price": 63,
            "taker_side": "no"
        },
        {
            "trade_id": "201b3572-5c2e-49bb-8ba4-f1bc05c752a6",
            "ticker": "HIGHMIA-24JUL19-T93",
            "count": 30,
            "created_time": "2024-07-18T14:03:53.480253Z",
            "yes_price": 40,
            "no_price": 60,
            "taker_side": "no"
        }
    ]
}