{
    "HIGHMIA-24FEB01-T70": [],
    "HIGHMIA-24FEB01-B70.5": [],
    "HIGHMIA-24FEB01-B72.5": [
        {
            "trade_id": "0db135f7-e566-49bf-9260-f144b826d874",
            "ticker": "HIGHMIA-24FEB01-B72.5",
            "count": 398,
            "created_time": "2024-02-01T22:22:50.826528Z",
            "yes_price": 1,
            "no_price": 99,
            "taker_side": "yes"
        },
        {
            "trade_id": "8eb024a4-ff1e-407e-8e00-d09afe34e8e4",
            "ticker": "HIGHMIA-24FEB01-B72.5",
            "count": 98,
            "created_time": "2024-02-01T21:26:39.212913Z",
            "yes_price": 33,
            "no_price": 67,
            "taker_side": "no"
        },
        {
            "trade_id": "f5578adb-6064-4f1a-9c7f-309e7e74a01b",
            "ticker": "HIGHMIA-24FEB01-B72.5",
            "count": 33,
            "created_time": "2024-01-31T19:52:10.192869Z",
            "yes_price": 8,
            "no_price": 92,
            "taker_side": "no"
        },
        {
            "trade_id": "f2b6151f-b440-430c-af02-87364f759fe7",
            "ticker": "HIGHMIA-24FEB01-B72.5",
            "count": 48,
            "created_time": "2024-01-31T18:41:40.247611Z",
            "yes_price": 12,
            "no_price": 88,
            "taker_side": "no"
        },
        {
            "trade_id": "d1dc9f39-5203-42a5-8bd8-02cc23603fa8",
            "ticker": "HIGHMIA-24FEB01-B72.5",
            "count": 29,
            "created_time": "2024-01-31T18:41:40.247611Z",
            "yes_price": 14,
            "no_price": 86,
            "taker_side": "no"
        },
        {
            "trade_id": "cd70d46a-7c87-473b-9cee-64c720d6ec53",
            "ticker": "HIGHMIA-24FEB01-B72.5",
            "count": 19,
            "created_time": "2024-01-31T18:41:08.663181Z",
            "yes_price": 14,
            "no_price": 86,
            "taker_side": "no"
        },
        {
            "trade_id": "a8e2a341-523c-4ea8-ae0e-55f90b08bf9b",
            "ticker": "HIGHMIA-24FEB01-B72.5",
            "count": 112,
            "created_time": "2024-01-31T18:36:52.276777Z",
            "yes_price": 15,
            "no_price": 85,
            "taker_side": "no"
        },
        {
            "trade_id": "8d8fd88f-667f-49cc-b082-eed685632efc",
            "ticker": "HIGHMIA-24FEB01-B72.5",
            "count": 45,
            "created_time": "2024-01-31T18:36:52.276777Z",
            "yes_price": 18,
            "no_price": 82,
            "taker_side": "no"
        },
        {
            "trade_id": "4f70ceee-9876-45d9-b58e-482085ef7adf",
            "ticker": "HIGHMIA-24FEB01-B72.5",
            "count": 112,
            "created_time": "2024-01-31T18:36:52.276777Z",
            "yes_price": 16,
            "no_price": 84,
            "taker_side": "no"
        },
        {
            "trade_id": "cae12a42-8682-481d-bd65-8b1dfa1469fd",
            "ticker": "HIGHMIA-24FEB01-B72.5",
            "count": 1,
            "created_time": "2024-01-31T17:30:25.253637Z",
            "yes_price": 21,
            "no_price": 79,
            "taker_side": "no"
        },
        {
            "trade_id": "f0f9b7fa-e53e-457d-a3aa-acc95f455d89",
            "ticker": "HIGHMIA-24FEB01-B72.5",
            "count": 5,
            "created_time": "2024-01-31T15:15:05.469044Z",
            "yes_price": 22,
            "no_price": 78,
            "taker_side": "no"
        }
    ],
    "HIGHMIA-24FEB01-B74.5": [
        {
            "trade_id": "f6b9e02c-3833-49b3-a35c-28d34d318406",
            "ticker": "HIGHMIA-24FEB01-B74.5",
            "count": 45,
            "created_time": "2024-02-01T22:23:49.544768Z",
            "yes_price": 98,
            "no_price": 2,
            "taker_side": "no"
        },
        {
            "trade_id": "679effc7-951b-4b4c-b5e0-d4c6085b28af",
            "ticker": "HIGHMIA-24FEB01-B74.5",
            "count": 492,
            "created_time": "2024-02-01T22:23:49.544768Z",
            "yes_price": 97,
            "no_price": 3,
            "taker_side": "no"
        },
        {
            "trade_id": "15fc9b71-a12d-4472-a92c-d191026398dd",
            "ticker": "HIGHMIA-24FEB01-B74.5",
            "count": 5,
            "created_time": "2024-02-01T22:23:49.544768Z",
            "yes_price": 98,
            "no_price": 2,
            "taker_side": "no"
        },
        {
            "trade_id": "3acf804b-06e3-4623-badd-7852bfb1373a",
            "ticker": "HIGHMIA-24FEB01-B74.5",
            "count": 146,
            "created_time": "2024-02-01T22:02:35.625794Z",
            "yes_price": 98,
            "no_price": 2,
            "taker_side": "no"
        },
        {
            "trade_id": "1574fc1d-1d0c-47be-b6b3-c867ddf377ec",
            "ticker": "HIGHMIA-24FEB01-B74.5",
            "count": 7,
            "created_time": "2024-02-01T21:47:24.583862Z",
            "yes_price": 98,
            "no_price": 2,
            "taker_side": "no"
        },
        {
            "trade_id": "1d29ee19-405c-4659-90e4-aaa577275105",
            "ticker": "HIGHMIA-24FEB01-B74.5",
            "count": 2,
            "created_time": "2024-02-01T21:30:11.027167Z",
            "yes_price": 98,
            "no_price": 2,
            "taker_side": "no"
        },
        {
            "trade_id": "ef58c62e-f6e1-41a0-96bc-fa60f7694a9b",
            "ticker": "HIGHMIA-24FEB01-B74.5",
            "count": 200,
            "created_time": "2024-02-01T21:29:53.393142Z",
            "yes_price": 97,
            "no_price": 3,
            "taker_side": "no"
        },
        {
            "trade_id": "11659058-3e78-418d-800c-7577b3151ac8",
            "ticker": "HIGHMIA-24FEB01-B74.5",
            "count": 2,
            "created_time": "2024-02-01T21:29:11.626816Z",
            "yes_price": 97,
            "no_price": 3,
            "taker_side": "no"
        },
        {
            "trade_id": "33fec9a6-eda7-4e33-a0bb-e9562ff3fb5b",
            "ticker": "HIGHMIA-24FEB01-B74.5",
            "count": 2,
            "created_time": "2024-02-01T21:29:10.654967Z",
            "yes_price": 97,
            "no_price": 3,
            "taker_side": "no"
        },
        {
            "trade_id": "ea3e1822-dcee-43c3-a1b8-b687483c0784",
            "ticker": "HIGHMIA-24FEB01-B74.5",
            "count": 2,
            "created_time": "2024-02-01T21:29:09.680334Z",
            "yes_price": 97,
            "no_price": 3,
            "taker_side": "no"
        },
        {
            "trade_id": "bf669683-878e-493f-9bc4-41d484e5a597",
            "ticker": "HIGHMIA-24FEB01-B74.5",
            "count": 2,
            "created_time": "2024-02-01T21:29:08.694557Z",
            "yes_price": 97,
            "no_price": 3,
            "taker_side": "no"
        },
        {
            "trade_id": "938c82ca-5438-4127-8d11-9f5675bba8c8",
            "ticker": "HIGHMIA-24FEB01-B74.5",
            "count": 48,
            "created_time": "2024-02-01T13:54:24.22349Z",
            "yes_price": 72,
            "no_price": 28,
            "taker_side": "yes"
        },
        {
            "trade_id": "64e0066a-3d84-4411-99be-05033f094cd6",
            "ticker": "HIGHMIA-24FEB01-B74.5",
            "count": 16,
            "created_time": "2024-02-01T13:54:24.22349Z",
            "yes_price": 68,
            "no_price": 32,
            "taker_side": "yes"
        },
        {
            "trade_id": "4ee43473-8a40-4ab9-9da9-705c01c48126",
            "ticker": "HIGHMIA-24FEB01-B74.5",
            "count": 82,
            "created_time": "2024-02-01T13:54:24.22349Z",
            "yes_price": 70,
            "no_price": 30,
            "taker_side": "yes"
        },
        {
            "trade_id": "ed65a0d6-d3ad-4225-8bac-8c9bf3e055d5",
            "ticker": "HIGHMIA-24FEB01-B74.5",
            "count": 4,
            "created_time": "2024-02-01T02:32:50.602282Z",
            "yes_price": 66,
            "no_price": 34,
            "taker_side": "yes"
        },
        {
            "trade_id": "5afacfbe-05db-45de-a77f-56ad6165f5f7",
            "ticker": "HIGHMIA-24FEB01-B74.5",
            "count": 7,
            "created_time": "2024-01-31T23:45:32.31806Z",
            "yes_price": 65,
            "no_price": 35,
            "taker_side": "yes"
        },
        {
            "trade_id": "03d05ed5-ff04-4082-8069-652cd0013e44",
            "ticker": "HIGHMIA-24FEB01-B74.5",
            "count": 5,
            "created_time": "2024-01-31T19:24:03.875941Z",
            "yes_price": 57,
            "no_price": 43,
            "taker_side": "yes"
        },
        {
            "trade_id": "b5653cce-c851-43e3-aa4c-e26e75c32c07",
            "ticker": "HIGHMIA-24FEB01-B74.5",
            "count": 112,
            "created_time": "2024-01-31T18:37:09.312949Z",
            "yes_price": 54,
            "no_price": 46,
            "taker_side": "yes"
        },
        {
            "trade_id": "5500dd2c-43c0-401f-a99a-8a496b98e1ef",
            "ticker": "HIGHMIA-24FEB01-B74.5",
            "count": 56,
            "created_time": "2024-01-31T18:37:09.312949Z",
            "yes_price": 51,
            "no_price": 49,
            "taker_side": "yes"
        },
        {
            "trade_id": "0e689084-4fc3-4684-aac0-9e18e91434ef",
            "ticker": "HIGHMIA-24FEB01-B74.5",
            "count": 112,
            "created_time": "2024-01-31T18:37:09.312949Z",
            "yes_price": 56,
            "no_price": 44,
            "taker_side": "yes"
        },
        {
            "trade_id": "81edaa53-b8ea-4448-8b84-00c98f09e84e",
            "ticker": "HIGHMIA-24FEB01-B74.5",
            "count": 112,
            "created_time": "2024-01-31T18:36:34.785777Z",
            "yes_price": 49,
            "no_price": 51,
            "taker_side": "yes"
        },
        {
            "trade_id": "74e55535-3b4c-437e-a1b4-27fbe4fa0ef5",
            "ticker": "HIGHMIA-24FEB01-B74.5",
            "count": 33,
            "created_time": "2024-01-31T18:36:34.785777Z",
            "yes_price": 44,
            "no_price": 56,
            "taker_side": "yes"
        },
        {
            "trade_id": "384a2c4f-7a46-4a31-87ae-1d21154f64cf",
            "ticker": "HIGHMIA-24FEB01-B74.5",
            "count": 112,
            "created_time": "2024-01-31T18:36:34.785777Z",
            "yes_price": 46,
            "no_price": 54,
            "taker_side": "yes"
        },
        {
            "trade_id": "6cd73fcc-e41d-4e24-92aa-5b60d24f29b5",
            "ticker": "HIGHMIA-24FEB01-B74.5",
            "count": 20,
            "created_time": "2024-01-31T17:30:51.873589Z",
            "yes_price": 44,
            "no_price": 56,
            "taker_side": "yes"
        },
        {
            "trade_id": "dd2ff99c-b9b2-440c-8d85-2e8afe550750",
            "ticker": "HIGHMIA-24FEB01-B74.5",
            "count": 1,
            "created_time": "2024-01-31T17:30:25.849845Z",
            "yes_price": 38,
            "no_price": 62,
            "taker_side": "no"
        }
    ],
    "HIGHMIA-24FEB01-B76.5": [
        {
            "trade_id": "c1822198-2db4-4c05-839c-b248c517326e",
            "ticker": "HIGHMIA-24FEB01-B76.5",
            "count": 36,
            "created_time": "2024-02-01T13:50:57.359712Z",
            "yes_price": 30,
            "no_price": 70,
            "taker_side": "no"
        },
        {
            "trade_id": "4b829c30-91f1-4589-87da-5bbb82f6d758",
            "ticker": "HIGHMIA-24FEB01-B76.5",
            "count": 39,
            "created_time": "2024-02-01T13:50:57.359712Z",
            "yes_price": 32,
            "no_price": 68,
            "taker_side": "no"
        },
        {
            "trade_id": "b15f10e7-4a24-48a9-9996-c911a4b5bb15",
            "ticker": "HIGHMIA-24FEB01-B76.5",
            "count": 59,
            "created_time": "2024-02-01T04:14:54.188351Z",
            "yes_price": 22,
            "no_price": 78,
            "taker_side": "yes"
        },
        {
            "trade_id": "155f9de6-c9c9-454c-aba4-916797eb1916",
            "ticker": "HIGHMIA-24FEB01-B76.5",
            "count": 51,
            "created_time": "2024-02-01T03:48:40.271987Z",
            "yes_price": 21,
            "no_price": 79,
            "taker_side": "yes"
        },
        {
            "trade_id": "16fec854-01dc-4f8e-8c03-fe56271412ac",
            "ticker": "HIGHMIA-24FEB01-B76.5",
            "count": 17,
            "created_time": "2024-02-01T03:48:34.01082Z",
            "yes_price": 20,
            "no_price": 80,
            "taker_side": "yes"
        },
        {
            "trade_id": "f6693d61-c0da-45e6-adde-335fe585871b",
            "ticker": "HIGHMIA-24FEB01-B76.5",
            "count": 50,
            "created_time": "2024-02-01T03:33:40.514363Z",
            "yes_price": 23,
            "no_price": 77,
            "taker_side": "yes"
        },
        {
            "trade_id": "fd6c1aa2-4c74-4678-9a5f-095e6617aa99",
            "ticker": "HIGHMIA-24FEB01-B76.5",
            "count": 33,
            "created_time": "2024-02-01T03:33:24.073137Z",
            "yes_price": 22,
            "no_price": 78,
            "taker_side": "yes"
        },
        {
            "trade_id": "eb5ce2f7-2251-43b3-8461-ed56f03a5050",
            "ticker": "HIGHMIA-24FEB01-B76.5",
            "count": 58,
            "created_time": "2024-02-01T03:30:30.459583Z",
            "yes_price": 23,
            "no_price": 77,
            "taker_side": "yes"
        },
        {
            "trade_id": "72b8eefc-82b3-4775-aafc-9a544b45ccf2",
            "ticker": "HIGHMIA-24FEB01-B76.5",
            "count": 24,
            "created_time": "2024-02-01T03:30:21.865197Z",
            "yes_price": 22,
            "no_price": 78,
            "taker_side": "yes"
        },
        {
            "trade_id": "e0dec966-90c8-4cac-b26d-2a6be832d85f",
            "ticker": "HIGHMIA-24FEB01-B76.5",
            "count": 47,
            "created_time": "2024-02-01T03:05:24.206598Z",
            "yes_price": 23,
            "no_price": 77,
            "taker_side": "yes"
        },
        {
            "trade_id": "1ecd945e-6cb9-47f2-92ba-21961daa5faf",
            "ticker": "HIGHMIA-24FEB01-B76.5",
            "count": 62,
            "created_time": "2024-02-01T03:05:17.495316Z",
            "yes_price": 22,
            "no_price": 78,
            "taker_side": "yes"
        },
        {
            "trade_id": "10b8538e-cab5-4bfa-9269-e8ed0dca9c93",
            "ticker": "HIGHMIA-24FEB01-B76.5",
            "count": 15,
            "created_time": "2024-02-01T03:05:11.645506Z",
            "yes_price": 21,
            "no_price": 79,
            "taker_side": "yes"
        },
        {
            "trade_id": "8e02ec8b-d490-4f3f-8845-6b4c2d3a1df6",
            "ticker": "HIGHMIA-24FEB01-B76.5",
            "count": 4,
            "created_time": "2024-02-01T01:07:45.00087Z",
            "yes_price": 16,
            "no_price": 84,
            "taker_side": "no"
        },
        {
            "trade_id": "be7ad9c8-4087-48c6-8d3f-6992e8ec793b",
            "ticker": "HIGHMIA-24FEB01-B76.5",
            "count": 1,
            "created_time": "2024-01-31T20:34:11.869924Z",
            "yes_price": 17,
            "no_price": 83,
            "taker_side": "no"
        },
        {
            "trade_id": "9fe901af-fd58-4f92-a280-78e1929791e6",
            "ticker": "HIGHMIA-24FEB01-B76.5",
            "count": 48,
            "created_time": "2024-01-31T18:41:21.625024Z",
            "yes_price": 18,
            "no_price": 82,
            "taker_side": "no"
        },
        {
            "trade_id": "94f9856b-d737-46da-ba97-20c7e4e42556",
            "ticker": "HIGHMIA-24FEB01-B76.5",
            "count": 48,
            "created_time": "2024-01-31T18:41:21.625024Z",
            "yes_price": 19,
            "no_price": 81,
            "taker_side": "no"
        },
        {
            "trade_id": "607938ed-1a4a-4632-9b90-d8df42791709",
            "ticker": "HIGHMIA-24FEB01-B76.5",
            "count": 100,
            "created_time": "2024-01-31T18:41:21.625024Z",
            "yes_price": 18,
            "no_price": 82,
            "taker_side": "no"
        },
        {
            "trade_id": "fdd5d76d-c0dc-4e33-a144-6bb8c61b6499",
            "ticker": "HIGHMIA-24FEB01-B76.5",
            "count": 54,
            "created_time": "2024-01-31T18:40:51.298318Z",
            "yes_price": 23,
            "no_price": 77,
            "taker_side": "no"
        },
        {
            "trade_id": "958e396b-c46c-4641-847f-2565c8403826",
            "ticker": "HIGHMIA-24FEB01-B76.5",
            "count": 100,
            "created_time": "2024-01-31T18:40:51.298318Z",
            "yes_price": 21,
            "no_price": 79,
            "taker_side": "no"
        },
        {
            "trade_id": "7c0b5e3e-9285-4131-81a2-eb424077065a",
            "ticker": "HIGHMIA-24FEB01-B76.5",
            "count": 48,
            "created_time": "2024-01-31T18:40:51.298318Z",
            "yes_price": 21,
            "no_price": 79,
            "taker_side": "no"
        },
        {
            "trade_id": "23d02a06-7293-4db5-988d-f83d704323e1",
            "ticker": "HIGHMIA-24FEB01-B76.5",
            "count": 34,
            "created_time": "2024-01-31T18:40:51.298318Z",
            "yes_price": 23,
            "no_price": 77,
            "taker_side": "no"
        },
        {
            "trade_id": "c14d36de-f4e8-489e-92a2-9696db8e8292",
            "ticker": "HIGHMIA-24FEB01-B76.5",
            "count": 46,
            "created_time": "2024-01-31T18:40:38.133071Z",
            "yes_price": 23,
            "no_price": 77,
            "taker_side": "no"
        },
        {
            "trade_id": "473dcbab-667e-45d8-9893-454045ad5b81",
            "ticker": "HIGHMIA-24FEB01-B76.5",
            "count": 50,
            "created_time": "2024-01-31T18:40:38.133071Z",
            "yes_price": 25,
            "no_price": 75,
            "taker_side": "no"
        },
        {
            "trade_id": "bc4c0672-c6f6-4b94-b198-fb5b8fc6cded",
            "ticker": "HIGHMIA-24FEB01-B76.5",
            "count": 22,
            "created_time": "2024-01-31T18:40:00.356555Z",
            "yes_price": 27,
            "no_price": 73,
            "taker_side": "yes"
        },
        {
            "trade_id": "83719e1d-ee23-4ea6-a9be-a645475dbecc",
            "ticker": "HIGHMIA-24FEB01-B76.5",
            "count": 37,
            "created_time": "2024-01-31T18:40:00.356555Z",
            "yes_price": 31,
            "no_price": 69,
            "taker_side": "yes"
        },
        {
            "trade_id": "11ebaf6f-cb4c-4ec7-aa3c-f8c98d57bc16",
            "ticker": "HIGHMIA-24FEB01-B76.5",
            "count": 37,
            "created_time": "2024-01-31T18:40:00.356555Z",
            "yes_price": 29,
            "no_price": 71,
            "taker_side": "yes"
        },
        {
            "trade_id": "f771d190-d61d-44a8-8fc9-489bd740fb3b",
            "ticker": "HIGHMIA-24FEB01-B76.5",
            "count": 43,
            "created_time": "2024-01-31T18:37:13.267666Z",
            "yes_price": 27,
            "no_price": 73,
            "taker_side": "no"
        },
        {
            "trade_id": "7ecf571e-0636-41ba-a6a6-dc7724745488",
            "ticker": "HIGHMIA-24FEB01-B76.5",
            "count": 89,
            "created_time": "2024-01-31T15:27:55.174256Z",
            "yes_price": 31,
            "no_price": 69,
            "taker_side": "yes"
        },
        {
            "trade_id": "235840a9-981c-4922-97a6-1f6a136b04db",
            "ticker": "HIGHMIA-24FEB01-B76.5",
            "count": 17,
            "created_time": "2024-01-31T15:27:55.174256Z",
            "yes_price": 29,
            "no_price": 71,
            "taker_side": "yes"
        },
        {
            "trade_id": "00d657f8-e1bb-4c17-9a27-7cff5bb2a4d6",
            "ticker": "HIGHMIA-24FEB01-B76.5",
            "count": 1,
            "created_time": "2024-01-31T15:27:55.174256Z",
            "yes_price": 29,
            "no_price": 71,
            "taker_side": "yes"
        }
    ],
    "HIGHMIA-24FEB01-T77": [
        {
            "trade_id": "82947368-ae76-4c01-8e01-5cdea624d04d",
            "ticker": "HIGHMIA-24FEB01-T77",
            "count": 300,
            "created_time": "2024-02-01T17:56:54.87226Z",
            "yes_price": 1,
            "no_price": 99,
            "taker_side": "no"
        },
        {
            "trade_id": "b2505cda-d9bc-40bc-9eef-64b1df1fe969",
            "ticker": "HIGHMIA-24FEB01-T77",
            "count": 1,
            "created_time": "2024-01-31T17:30:26.687158Z",
            "yes_price": 16,
            "no_price": 84,
            "taker_side": "yes"
        }
    ]
}