{
    "HIGHMIA-24APR15-T75": [
        {
            "trade_id": "eeb7c8ec-a206-47d6-ac3d-3547d72597d8",
            "ticker": "HIGHMIA-24APR15-T75",
            "count": 1,
            "created_time": "2024-04-15T21:37:10.173409Z",
            "yes_price": 1,
            "no_price": 99,
            "taker_side": "yes"
        }
    ],
    "HIGHMIA-24APR15-B75.5": [
        {
            "trade_id": "56f9d177-5fa0-4b3e-a89b-8473bf9678f5",
            "ticker": "HIGHMIA-24APR15-B75.5",
            "count": 1,
            "created_time": "2024-04-15T21:37:10.214075Z",
            "yes_price": 1,
            "no_price": 99,
            "taker_side": "yes"
        }
    ],
    "HIGHMIA-24APR15-B77.5": [
        {
            "trade_id": "cd16df09-8821-40fc-aacd-a53ddb2e712d",
            "ticker": "HIGHMIA-24APR15-B77.5",
            "count": 1,
            "created_time": "2024-04-15T21:37:10.20502Z",
            "yes_price": 1,
            "no_price": 99,
            "taker_side": "yes"
        },
        {
            "trade_id": "3b02795e-4552-4e46-b235-fc7b148eb896",
            "ticker": "HIGHMIA-24APR15-B77.5",
            "count": 93,
            "created_time": "2024-04-15T16:58:53.184358Z",
            "yes_price": 1,
            "no_price": 99,
            "taker_side": "yes"
        },
        {
            "trade_id": "e45a8ba1-8ee5-4a79-bca7-17ad3bf349a5",
            "ticker": "HIGHMIA-24APR15-B77.5",
            "count": 1,
            "created_time": "2024-04-15T13:00:35.398398Z",
            "yes_price": 4,
            "no_price": 96,
            "taker_side": "yes"
        },
        {
            "trade_id": "88a2c896-8263-41c9-9f69-6dcb26906190",
            "ticker": "HIGHMIA-24APR15-B77.5",
            "count": 70,
            "created_time": "2024-04-15T13:00:35.398398Z",
            "yes_price": 5,
            "no_price": 95,
            "taker_side": "yes"
        }
    ],
    "HIGHMIA-24APR15-B79.5": [
        {
            "trade_id": "35bea916-7a4e-427a-a800-69783059a130",
            "ticker": "HIGHMIA-24APR15-B79.5",
            "count": 1,
            "created_time": "2024-04-15T21:37:10.193176Z",
            "yes_price": 3,
            "no_price": 97,
            "taker_side": "yes"
        },
        {
            "trade_id": "397216fb-e62f-4055-8981-d4cd6c943398",
            "ticker": "HIGHMIA-24APR15-B79.5",
            "count": 780,
            "created_time": "2024-04-15T21:07:08.444516Z",
            "yes_price": 3,
            "no_price": 97,
            "taker_side": "yes"
        },
        {
            "trade_id": "7272313f-bc2f-4500-8e2d-4767b13398d2",
            "ticker": "HIGHMIA-24APR15-B79.5",
            "count": 1,
            "created_time": "2024-04-15T20:53:22.996721Z",
            "yes_price": 2,
            "no_price": 98,
            "taker_side": "yes"
        },
        {
            "trade_id": "42e7694a-1805-44df-b208-d7d4a48e0a13",
            "ticker": "HIGHMIA-24APR15-B79.5",
            "count": 155,
            "created_time": "2024-04-15T20:53:22.996721Z",
            "yes_price": 3,
            "no_price": 97,
            "taker_side": "yes"
        },
        {
            "trade_id": "4552b849-aef3-4bd0-89b2-51a08a5d4223",
            "ticker": "HIGHMIA-24APR15-B79.5",
            "count": 2,
            "created_time": "2024-04-15T20:20:13.725723Z",
            "yes_price": 7,
            "no_price": 93,
            "taker_side": "no"
        },
        {
            "trade_id": "2e13d954-3017-4828-a130-33fd85492b2c",
            "ticker": "HIGHMIA-24APR15-B79.5",
            "count": 4,
            "created_time": "2024-04-15T20:20:13.725723Z",
            "yes_price": 14,
            "no_price": 86,
            "taker_side": "no"
        },
        {
            "trade_id": "2f68a951-43cd-4a84-aaab-afdf87ebb9f3",
            "ticker": "HIGHMIA-24APR15-B79.5",
            "count": 4,
            "created_time": "2024-04-15T19:34:09.394471Z",
            "yes_price": 17,
            "no_price": 83,
            "taker_side": "no"
        },
        {
            "trade_id": "47b1e54f-a2fd-49cf-9515-96dc1d945f9b",
            "ticker": "HIGHMIA-24APR15-B79.5",
            "count": 4,
            "created_time": "2024-04-15T19:33:51.576045Z",
            "yes_price": 22,
            "no_price": 78,
            "taker_side": "no"
        },
        {
            "trade_id": "d5d75b99-a262-43ad-8e1a-bf3bd37d2488",
            "ticker": "HIGHMIA-24APR15-B79.5",
            "count": 4,
            "created_time": "2024-04-15T19:30:19.726552Z",
            "yes_price": 33,
            "no_price": 67,
            "taker_side": "no"
        },
        {
            "trade_id": "0b43c4a4-8579-4e77-982a-ce4e3a5e03be",
            "ticker": "HIGHMIA-24APR15-B79.5",
            "count": 10,
            "created_time": "2024-04-15T18:56:22.251194Z",
            "yes_price": 75,
            "no_price": 25,
            "taker_side": "no"
        },
        {
            "trade_id": "fa41a8ab-c8ef-4623-b450-cd756dded3e0",
            "ticker": "HIGHMIA-24APR15-B79.5",
            "count": 3,
            "created_time": "2024-04-15T18:55:35.757826Z",
            "yes_price": 75,
            "no_price": 25,
            "taker_side": "no"
        },
        {
            "trade_id": "a29e0adc-1372-4375-a17e-6dcb2647dddb",
            "ticker": "HIGHMIA-24APR15-B79.5",
            "count": 1,
            "created_time": "2024-04-15T18:48:15.895404Z",
            "yes_price": 73,
            "no_price": 27,
            "taker_side": "yes"
        },
        {
            "trade_id": "a1c2fed9-a621-4294-b69c-bca3a78fbb42",
            "ticker": "HIGHMIA-24APR15-B79.5",
            "count": 10,
            "created_time": "2024-04-15T18:48:15.895404Z",
            "yes_price": 85,
            "no_price": 15,
            "taker_side": "yes"
        },
        {
            "trade_id": "24f9375d-5465-4c91-b31c-047346724c3b",
            "ticker": "HIGHMIA-24APR15-B79.5",
            "count": 1,
            "created_time": "2024-04-15T18:48:15.895404Z",
            "yes_price": 73,
            "no_price": 27,
            "taker_side": "yes"
        },
        {
            "trade_id": "dcdbb8fa-184e-4c5b-94cd-1195e33f1e82",
            "ticker": "HIGHMIA-24APR15-B79.5",
            "count": 3,
            "created_time": "2024-04-15T18:46:58.42366Z",
            "yes_price": 85,
            "no_price": 15,
            "taker_side": "yes"
        },
        {
            "trade_id": "bb042e9b-1f4b-405f-9e5f-06429329124e",
            "ticker": "HIGHMIA-24APR15-B79.5",
            "count": 12,
            "created_time": "2024-04-15T18:46:58.42366Z",
            "yes_price": 54,
            "no_price": 46,
            "taker_side": "yes"
        },
        {
            "trade_id": "153afcdd-750a-4b00-bf7e-3e738efb3443",
            "ticker": "HIGHMIA-24APR15-B79.5",
            "count": 17,
            "created_time": "2024-04-15T18:46:09.882569Z",
            "yes_price": 54,
            "no_price": 46,
            "taker_side": "yes"
        },
        {
            "trade_id": "96345995-2950-4578-a3af-2259fd41ac4a",
            "ticker": "HIGHMIA-24APR15-B79.5",
            "count": 17,
            "created_time": "2024-04-15T18:43:36.904108Z",
            "yes_price": 54,
            "no_price": 46,
            "taker_side": "yes"
        },
        {
            "trade_id": "b7159473-c168-42e8-a073-c460d1211cf1",
            "ticker": "HIGHMIA-24APR15-B79.5",
            "count": 6,
            "created_time": "2024-04-15T18:42:38.272545Z",
            "yes_price": 54,
            "no_price": 46,
            "taker_side": "yes"
        },
        {
            "trade_id": "40197a8d-5083-4bef-8ec0-bd3dcf940662",
            "ticker": "HIGHMIA-24APR15-B79.5",
            "count": 3,
            "created_time": "2024-04-15T18:42:38.272545Z",
            "yes_price": 52,
            "no_price": 48,
            "taker_side": "yes"
        },
        {
            "trade_id": "8a4605bb-bcec-421d-8b48-d243919a431d",
            "ticker": "HIGHMIA-24APR15-B79.5",
            "count": 8,
            "created_time": "2024-04-15T17:41:13.634538Z",
            "yes_price": 51,
            "no_price": 49,
            "taker_side": "yes"
        },
        {
            "trade_id": "42561211-8f0c-4cc6-a869-a90c82ec3d16",
            "ticker": "HIGHMIA-24APR15-B79.5",
            "count": 1,
            "created_time": "2024-04-15T17:41:13.634538Z",
            "yes_price": 52,
            "no_price": 48,
            "taker_side": "yes"
        },
        {
            "trade_id": "5ebf6c3c-17e5-4826-8186-2a12027a15fd",
            "ticker": "HIGHMIA-24APR15-B79.5",
            "count": 11,
            "created_time": "2024-04-15T15:21:39.254521Z",
            "yes_price": 12,
            "no_price": 88,
            "taker_side": "no"
        },
        {
            "trade_id": "68c17811-d88c-453e-8221-3f16a2b3fbce",
            "ticker": "HIGHMIA-24APR15-B79.5",
            "count": 5,
            "created_time": "2024-04-15T14:05:21.061834Z",
            "yes_price": 20,
            "no_price": 80,
            "taker_side": "yes"
        },
        {
            "trade_id": "18c3b9be-500b-4e2d-9a22-c3dc11236be4",
            "ticker": "HIGHMIA-24APR15-B79.5",
            "count": 7,
            "created_time": "2024-04-15T14:05:21.061834Z",
            "yes_price": 54,
            "no_price": 46,
            "taker_side": "yes"
        },
        {
            "trade_id": "800b4fe0-c296-40e6-902e-7b67282bf22b",
            "ticker": "HIGHMIA-24APR15-B79.5",
            "count": 1,
            "created_time": "2024-04-15T13:42:03.991625Z",
            "yes_price": 12,
            "no_price": 88,
            "taker_side": "no"
        },
        {
            "trade_id": "c20fbc2d-68d0-480a-9d07-906c67024899",
            "ticker": "HIGHMIA-24APR15-B79.5",
            "count": 6,
            "created_time": "2024-04-15T13:01:16.582423Z",
            "yes_price": 16,
            "no_price": 84,
            "taker_side": "yes"
        },
        {
            "trade_id": "a2d3672e-5a21-4ae6-9c83-981f59a67a0d",
            "ticker": "HIGHMIA-24APR15-B79.5",
            "count": 9,
            "created_time": "2024-04-15T12:12:21.206276Z",
            "yes_price": 19,
            "no_price": 81,
            "taker_side": "yes"
        },
        {
            "trade_id": "1c0e3460-2442-4937-9838-a2be700c1654",
            "ticker": "HIGHMIA-24APR15-B79.5",
            "count": 25,
            "created_time": "2024-04-15T12:07:35.889453Z",
            "yes_price": 12,
            "no_price": 88,
            "taker_side": "yes"
        },
        {
            "trade_id": "0b8a36c7-4ad9-4da5-98d2-b952150ed0bc",
            "ticker": "HIGHMIA-24APR15-B79.5",
            "count": 1,
            "created_time": "2024-04-15T12:00:11.437359Z",
            "yes_price": 20,
            "no_price": 80,
            "taker_side": "yes"
        },
        {
            "trade_id": "164a3bc3-ff8f-410c-b4ea-ede9b42730cc",
            "ticker": "HIGHMIA-24APR15-B79.5",
            "count": 6,
            "created_time": "2024-04-15T03:11:49.159489Z",
            "yes_price": 8,
            "no_price": 92,
            "taker_side": "no"
        },
        {
            "trade_id": "7cc4ed49-f429-4de2-9ad0-979f375a5599",
            "ticker": "HIGHMIA-24APR15-B79.5",
            "count": 1,
            "created_time": "2024-04-14T21:59:00.845564Z",
            "yes_price": 3,
            "no_price": 97,
            "taker_side": "no"
        },
        {
            "trade_id": "8e1166c2-0b8e-4ca4-b081-0e85f32b0a7d",
            "ticker": "HIGHMIA-24APR15-B79.5",
            "count": 18,
            "created_time": "2024-04-14T18:24:04.297943Z",
            "yes_price": 16,
            "no_price": 84,
            "taker_side": "no"
        },
        {
            "trade_id": "139c2185-108a-4b7b-b236-ffd340443411",
            "ticker": "HIGHMIA-24APR15-B79.5",
            "count": 5,
            "created_time": "2024-04-14T16:46:40.567295Z",
            "yes_price": 16,
            "no_price": 84,
            "taker_side": "no"
        },
        {
            "trade_id": "2d85e663-29ee-4d97-aac3-0c2faefeb5cc",
            "ticker": "HIGHMIA-24APR15-B79.5",
            "count": 1,
            "created_time": "2024-04-14T16:44:40.271685Z",
            "yes_price": 16,
            "no_price": 84,
            "taker_side": "no"
        },
        {
            "trade_id": "2d72cfe3-62c8-4de8-9c6c-6fa2ab1cb5b6",
            "ticker": "HIGHMIA-24APR15-B79.5",
            "count": 10,
            "created_time": "2024-04-14T16:34:45.696038Z",
            "yes_price": 16,
            "no_price": 84,
            "taker_side": "no"
        },
        {
            "trade_id": "46be98ea-7a8b-41d4-b8b5-98a7ba525ba2",
            "ticker": "HIGHMIA-24APR15-B79.5",
            "count": 6,
            "created_time": "2024-04-14T16:33:23.915973Z",
            "yes_price": 16,
            "no_price": 84,
            "taker_side": "yes"
        }
    ],
    "HIGHMIA-24APR15-B81.5": [
        {
            "trade_id": "76aaa769-f5f9-44a9-8020-5fb95aeea4bc",
            "ticker": "HIGHMIA-24APR15-B81.5",
            "count": 9,
            "created_time": "2024-04-15T23:01:29.572219Z",
            "yes_price": 98,
            "no_price": 2,
            "taker_side": "yes"
        },
        {
            "trade_id": "540f1f9e-77e4-4390-bf1a-14d4f20931be",
            "ticker": "HIGHMIA-24APR15-B81.5",
            "count": 1,
            "created_time": "2024-04-15T23:01:29.572219Z",
            "yes_price": 97,
            "no_price": 3,
            "taker_side": "yes"
        },
        {
            "trade_id": "fd2382f8-ad28-4524-b4d4-6cd4f615e68b",
            "ticker": "HIGHMIA-24APR15-B81.5",
            "count": 5,
            "created_time": "2024-04-15T21:37:06.381934Z",
            "yes_price": 70,
            "no_price": 30,
            "taker_side": "no"
        },
        {
            "trade_id": "cd09f9c5-c107-4e8f-92c9-c9facae43b1d",
            "ticker": "HIGHMIA-24APR15-B81.5",
            "count": 14,
            "created_time": "2024-04-15T21:37:06.381934Z",
            "yes_price": 67,
            "no_price": 33,
            "taker_side": "no"
        },
        {
            "trade_id": "9c77da38-79ed-493b-a139-7dec4db0aeb0",
            "ticker": "HIGHMIA-24APR15-B81.5",
            "count": 9,
            "created_time": "2024-04-15T21:37:06.381934Z",
            "yes_price": 80,
            "no_price": 20,
            "taker_side": "no"
        },
        {
            "trade_id": "7c0ddf91-91c0-465b-98eb-0efc8f66cdc0",
            "ticker": "HIGHMIA-24APR15-B81.5",
            "count": 1,
            "created_time": "2024-04-15T21:37:06.381934Z",
            "yes_price": 72,
            "no_price": 28,
            "taker_side": "no"
        },
        {
            "trade_id": "2b3ab5a6-9946-4aab-95ee-1e27f3caf49b",
            "ticker": "HIGHMIA-24APR15-B81.5",
            "count": 1,
            "created_time": "2024-04-15T21:37:06.381934Z",
            "yes_price": 81,
            "no_price": 19,
            "taker_side": "no"
        },
        {
            "trade_id": "579f74fe-fd72-405f-8d85-cec58030f0ed",
            "ticker": "HIGHMIA-24APR15-B81.5",
            "count": 4,
            "created_time": "2024-04-15T20:20:17.348322Z",
            "yes_price": 93,
            "no_price": 7,
            "taker_side": "yes"
        },
        {
            "trade_id": "52ddc1bb-1dd0-4862-890d-b9de544661e1",
            "ticker": "HIGHMIA-24APR15-B81.5",
            "count": 5,
            "created_time": "2024-04-15T20:20:17.348322Z",
            "yes_price": 94,
            "no_price": 6,
            "taker_side": "yes"
        },
        {
            "trade_id": "523a7101-e27c-4b37-b209-e60acf2e095a",
            "ticker": "HIGHMIA-24APR15-B81.5",
            "count": 3,
            "created_time": "2024-04-15T18:55:35.678948Z",
            "yes_price": 25,
            "no_price": 75,
            "taker_side": "yes"
        },
        {
            "trade_id": "4b594475-7933-410f-a990-d718c2266d03",
            "ticker": "HIGHMIA-24APR15-B81.5",
            "count": 1,
            "created_time": "2024-04-15T18:48:16.079046Z",
            "yes_price": 25,
            "no_price": 75,
            "taker_side": "no"
        },
        {
            "trade_id": "cd16e40e-0d3a-48dc-b9b7-7b162989a5ef",
            "ticker": "HIGHMIA-24APR15-B81.5",
            "count": 1,
            "created_time": "2024-04-15T18:48:15.976645Z",
            "yes_price": 25,
            "no_price": 75,
            "taker_side": "no"
        },
        {
            "trade_id": "a6ed0357-c4b2-4488-bfa0-0384e5975f48",
            "ticker": "HIGHMIA-24APR15-B81.5",
            "count": 1,
            "created_time": "2024-04-15T14:30:52.27432Z",
            "yes_price": 65,
            "no_price": 35,
            "taker_side": "no"
        },
        {
            "trade_id": "a5b8f094-ecd2-4b89-8c32-153e2fc579cc",
            "ticker": "HIGHMIA-24APR15-B81.5",
            "count": 52,
            "created_time": "2024-04-15T14:30:52.27432Z",
            "yes_price": 64,
            "no_price": 36,
            "taker_side": "no"
        },
        {
            "trade_id": "ccdf8414-883f-4652-93d1-84b10d421e22",
            "ticker": "HIGHMIA-24APR15-B81.5",
            "count": 1,
            "created_time": "2024-04-15T13:42:03.918058Z",
            "yes_price": 99,
            "no_price": 1,
            "taker_side": "yes"
        },
        {
            "trade_id": "ce6c2268-56e5-49fe-acd2-ffd922c3d4e6",
            "ticker": "HIGHMIA-24APR15-B81.5",
            "count": 1,
            "created_time": "2024-04-15T12:44:44.586893Z",
            "yes_price": 83,
            "no_price": 17,
            "taker_side": "yes"
        },
        {
            "trade_id": "1dc2d9b0-c8a7-4570-8d0c-f07640b3cf73",
            "ticker": "HIGHMIA-24APR15-B81.5",
            "count": 59,
            "created_time": "2024-04-15T12:44:44.586893Z",
            "yes_price": 81,
            "no_price": 19,
            "taker_side": "yes"
        },
        {
            "trade_id": "91dcdf55-085b-4eea-8c97-d32c697937cb",
            "ticker": "HIGHMIA-24APR15-B81.5",
            "count": 9,
            "created_time": "2024-04-15T12:12:21.306336Z",
            "yes_price": 75,
            "no_price": 25,
            "taker_side": "no"
        },
        {
            "trade_id": "9a53f5d5-47c8-42be-8f78-cd15dd1dd6a0",
            "ticker": "HIGHMIA-24APR15-B81.5",
            "count": 33,
            "created_time": "2024-04-15T03:58:34.301393Z",
            "yes_price": 60,
            "no_price": 40,
            "taker_side": "no"
        },
        {
            "trade_id": "c395cd97-9bae-4907-9a08-59ed079a33f0",
            "ticker": "HIGHMIA-24APR15-B81.5",
            "count": 33,
            "created_time": "2024-04-15T03:21:12.093556Z",
            "yes_price": 61,
            "no_price": 39,
            "taker_side": "no"
        },
        {
            "trade_id": "fdf97fd8-14d5-4907-924a-61406c8fc425",
            "ticker": "HIGHMIA-24APR15-B81.5",
            "count": 33,
            "created_time": "2024-04-15T03:21:00.610478Z",
            "yes_price": 62,
            "no_price": 38,
            "taker_side": "no"
        },
        {
            "trade_id": "8e22d0c3-50b5-4e92-9f4b-8846d557dc35",
            "ticker": "HIGHMIA-24APR15-B81.5",
            "count": 33,
            "created_time": "2024-04-15T03:20:52.829409Z",
            "yes_price": 63,
            "no_price": 37,
            "taker_side": "no"
        },
        {
            "trade_id": "a1d2b5be-b86f-44d2-85e1-95427aee1c4d",
            "ticker": "HIGHMIA-24APR15-B81.5",
            "count": 33,
            "created_time": "2024-04-15T03:20:42.888376Z",
            "yes_price": 64,
            "no_price": 36,
            "taker_side": "no"
        },
        {
            "trade_id": "705f0bfe-0a74-4904-b34b-d289e422fedf",
            "ticker": "HIGHMIA-24APR15-B81.5",
            "count": 13,
            "created_time": "2024-04-15T03:20:34.461754Z",
            "yes_price": 65,
            "no_price": 35,
            "taker_side": "no"
        },
        {
            "trade_id": "213c9f49-db33-4c20-87d2-61ef159463aa",
            "ticker": "HIGHMIA-24APR15-B81.5",
            "count": 6,
            "created_time": "2024-04-15T03:11:49.084194Z",
            "yes_price": 71,
            "no_price": 29,
            "taker_side": "yes"
        },
        {
            "trade_id": "d6d06dae-91ce-45bf-872c-c5e36a1b997e",
            "ticker": "HIGHMIA-24APR15-B81.5",
            "count": 44,
            "created_time": "2024-04-15T02:49:39.720962Z",
            "yes_price": 69,
            "no_price": 31,
            "taker_side": "yes"
        },
        {
            "trade_id": "a128f58a-1bc6-41c7-86a2-5114c40e7170",
            "ticker": "HIGHMIA-24APR15-B81.5",
            "count": 77,
            "created_time": "2024-04-15T02:49:39.720962Z",
            "yes_price": 72,
            "no_price": 28,
            "taker_side": "yes"
        },
        {
            "trade_id": "04ad1608-f370-4319-a182-8cc30b9f2c05",
            "ticker": "HIGHMIA-24APR15-B81.5",
            "count": 2,
            "created_time": "2024-04-14T21:59:01.168743Z",
            "yes_price": 60,
            "no_price": 40,
            "taker_side": "no"
        },
        {
            "trade_id": "f4675372-004f-46ed-9d6b-b0111de0612f",
            "ticker": "HIGHMIA-24APR15-B81.5",
            "count": 16,
            "created_time": "2024-04-14T20:43:13.846657Z",
            "yes_price": 62,
            "no_price": 38,
            "taker_side": "yes"
        },
        {
            "trade_id": "3dc871db-2196-4bb3-beb3-c41f4ec5337a",
            "ticker": "HIGHMIA-24APR15-B81.5",
            "count": 82,
            "created_time": "2024-04-14T20:43:13.846657Z",
            "yes_price": 64,
            "no_price": 36,
            "taker_side": "yes"
        },
        {
            "trade_id": "f42b91e5-1162-4e2a-a3a3-ecb6ae35b68d",
            "ticker": "HIGHMIA-24APR15-B81.5",
            "count": 46,
            "created_time": "2024-04-14T18:36:02.773455Z",
            "yes_price": 62,
            "no_price": 38,
            "taker_side": "yes"
        },
        {
            "trade_id": "89dab4d0-fc60-44dc-8691-f23ea68e274f",
            "ticker": "HIGHMIA-24APR15-B81.5",
            "count": 10,
            "created_time": "2024-04-14T18:35:17.913594Z",
            "yes_price": 54,
            "no_price": 46,
            "taker_side": "no"
        },
        {
            "trade_id": "93245dc3-b135-443f-b072-a1e32e8fc262",
            "ticker": "HIGHMIA-24APR15-B81.5",
            "count": 82,
            "created_time": "2024-04-14T18:25:22.708607Z",
            "yes_price": 60,
            "no_price": 40,
            "taker_side": "yes"
        },
        {
            "trade_id": "18efd00e-dc2c-4bed-bb55-c1dff48efbdb",
            "ticker": "HIGHMIA-24APR15-B81.5",
            "count": 24,
            "created_time": "2024-04-14T18:25:22.708607Z",
            "yes_price": 58,
            "no_price": 42,
            "taker_side": "yes"
        },
        {
            "trade_id": "da5a98af-9a5c-497f-aa16-6bc26c85d7aa",
            "ticker": "HIGHMIA-24APR15-B81.5",
            "count": 82,
            "created_time": "2024-04-14T18:24:29.005159Z",
            "yes_price": 57,
            "no_price": 43,
            "taker_side": "yes"
        },
        {
            "trade_id": "1c824fbf-75a0-4a01-8fe5-e60bf8a2bd94",
            "ticker": "HIGHMIA-24APR15-B81.5",
            "count": 41,
            "created_time": "2024-04-14T18:24:29.005159Z",
            "yes_price": 55,
            "no_price": 45,
            "taker_side": "yes"
        },
        {
            "trade_id": "0f8b12f1-68f5-45a5-8ffb-8323b7c5ae5d",
            "ticker": "HIGHMIA-24APR15-B81.5",
            "count": 82,
            "created_time": "2024-04-14T18:24:29.005159Z",
            "yes_price": 60,
            "no_price": 40,
            "taker_side": "yes"
        },
        {
            "trade_id": "dee48285-9efc-4226-8720-9cdede7e24b3",
            "ticker": "HIGHMIA-24APR15-B81.5",
            "count": 10,
            "created_time": "2024-04-14T17:30:21.91498Z",
            "yes_price": 46,
            "no_price": 54,
            "taker_side": "no"
        },
        {
            "trade_id": "4354dc4b-c3d2-4be0-931e-727c3f5fc912",
            "ticker": "HIGHMIA-24APR15-B81.5",
            "count": 5,
            "created_time": "2024-04-14T16:46:40.554392Z",
            "yes_price": 46,
            "no_price": 54,
            "taker_side": "no"
        },
        {
            "trade_id": "3dad64b0-d0b9-4c73-ab01-208d2924dd7e",
            "ticker": "HIGHMIA-24APR15-B81.5",
            "count": 1,
            "created_time": "2024-04-14T16:44:40.298512Z",
            "yes_price": 46,
            "no_price": 54,
            "taker_side": "no"
        },
        {
            "trade_id": "714f8ab0-a76f-4534-abc8-3d3f82304c59",
            "ticker": "HIGHMIA-24APR15-B81.5",
            "count": 10,
            "created_time": "2024-04-14T16:34:45.615599Z",
            "yes_price": 51,
            "no_price": 49,
            "taker_side": "yes"
        },
        {
            "trade_id": "a8c23fe4-80c7-4e5f-8c0e-67e01115259b",
            "ticker": "HIGHMIA-24APR15-B81.5",
            "count": 30,
            "created_time": "2024-04-14T14:58:32.145137Z",
            "yes_price": 54,
            "no_price": 46,
            "taker_side": "yes"
        },
        {
            "trade_id": "f51f39cc-1692-4a7a-aa5d-60a1a4f3b35e",
            "ticker": "HIGHMIA-24APR15-B81.5",
            "count": 5,
            "created_time": "2024-04-14T14:12:39.978498Z",
            "yes_price": 60,
            "no_price": 40,
            "taker_side": "no"
        }
    ],
    "HIGHMIA-24APR15-T82": [
        {
            "trade_id": "d5cb8459-b2c0-4452-b9e3-a59f2f04b06e",
            "ticker": "HIGHMIA-24APR15-T82",
            "count": 1,
            "created_time": "2024-04-15T23:29:05.41658Z",
            "yes_price": 1,
            "no_price": 99,
            "taker_side": "no"
        },
        {
            "trade_id": "b73e50b1-7311-4991-bda2-ec84a7c5f062",
            "ticker": "HIGHMIA-24APR15-T82",
            "count": 14,
            "created_time": "2024-04-15T22:39:52.007663Z",
            "yes_price": 33,
            "no_price": 67,
            "taker_side": "yes"
        },
        {
            "trade_id": "19b9db04-1534-4b9c-9e18-aa59c1d8d72e",
            "ticker": "HIGHMIA-24APR15-T82",
            "count": 1,
            "created_time": "2024-04-15T21:37:10.183492Z",
            "yes_price": 19,
            "no_price": 81,
            "taker_side": "yes"
        },
        {
            "trade_id": "ac69177f-0a62-48cf-925a-d26cdd62fa2e",
            "ticker": "HIGHMIA-24APR15-T82",
            "count": 3,
            "created_time": "2024-04-15T18:55:35.753586Z",
            "yes_price": 4,
            "no_price": 96,
            "taker_side": "no"
        },
        {
            "trade_id": "02bf9a3f-d84c-41c4-9951-2aaa3d591b7e",
            "ticker": "HIGHMIA-24APR15-T82",
            "count": 1,
            "created_time": "2024-04-15T18:48:15.974346Z",
            "yes_price": 5,
            "no_price": 95,
            "taker_side": "no"
        },
        {
            "trade_id": "b6201828-92a3-4129-be08-f118287f07c7",
            "ticker": "HIGHMIA-24APR15-T82",
            "count": 1,
            "created_time": "2024-04-15T13:42:03.989864Z",
            "yes_price": 6,
            "no_price": 94,
            "taker_side": "no"
        },
        {
            "trade_id": "998d5c14-9392-4450-b225-7f392676f297",
            "ticker": "HIGHMIA-24APR15-T82",
            "count": 9,
            "created_time": "2024-04-15T12:12:21.289515Z",
            "yes_price": 7,
            "no_price": 93,
            "taker_side": "no"
        },
        {
            "trade_id": "3ad45151-3668-4e95-91a2-bfb5c15bafb4",
            "ticker": "HIGHMIA-24APR15-T82",
            "count": 4,
            "created_time": "2024-04-15T12:01:54.609261Z",
            "yes_price": 13,
            "no_price": 87,
            "taker_side": "no"
        },
        {
            "trade_id": "fe1eb055-21bb-4dc0-8b8d-9b09ba07235f",
            "ticker": "HIGHMIA-24APR15-T82",
            "count": 5,
            "created_time": "2024-04-15T03:50:11.842118Z",
            "yes_price": 30,
            "no_price": 70,
            "taker_side": "yes"
        },
        {
            "trade_id": "5f4a960e-f81b-4544-a54c-6ab28911333b",
            "ticker": "HIGHMIA-24APR15-T82",
            "count": 6,
            "created_time": "2024-04-15T03:11:49.141346Z",
            "yes_price": 21,
            "no_price": 79,
            "taker_side": "no"
        },
        {
            "trade_id": "8914f5df-77e8-4f9c-bfca-5a69cfa71ea4",
            "ticker": "HIGHMIA-24APR15-T82",
            "count": 7,
            "created_time": "2024-04-14T23:00:36.063225Z",
            "yes_price": 29,
            "no_price": 71,
            "taker_side": "no"
        },
        {
            "trade_id": "79cb2e35-4b0e-4349-a3c6-95aa71a2d972",
            "ticker": "HIGHMIA-24APR15-T82",
            "count": 3,
            "created_time": "2024-04-14T21:59:01.521759Z",
            "yes_price": 30,
            "no_price": 70,
            "taker_side": "yes"
        },
        {
            "trade_id": "790b5483-2d57-4438-b455-6b55a7303ca7",
            "ticker": "HIGHMIA-24APR15-T82",
            "count": 8,
            "created_time": "2024-04-14T18:46:20.374552Z",
            "yes_price": 35,
            "no_price": 65,
            "taker_side": "yes"
        },
        {
            "trade_id": "57cfa4e1-435b-4f00-8c22-35c45bbbad02",
            "ticker": "HIGHMIA-24APR15-T82",
            "count": 82,
            "created_time": "2024-04-14T18:25:05.943121Z",
            "yes_price": 32,
            "no_price": 68,
            "taker_side": "no"
        },
        {
            "trade_id": "0221977f-8eab-4cd1-a7b0-cb5f97558c1c",
            "ticker": "HIGHMIA-24APR15-T82",
            "count": 82,
            "created_time": "2024-04-14T18:25:05.943121Z",
            "yes_price": 34,
            "no_price": 66,
            "taker_side": "no"
        },
        {
            "trade_id": "a605a3c4-82ab-4d73-bc21-f20956160428",
            "ticker": "HIGHMIA-24APR15-T82",
            "count": 82,
            "created_time": "2024-04-14T18:23:38.147943Z",
            "yes_price": 38,
            "no_price": 62,
            "taker_side": "no"
        },
        {
            "trade_id": "3a486996-1fe9-4f7a-a306-6cf9288e0b4b",
            "ticker": "HIGHMIA-24APR15-T82",
            "count": 82,
            "created_time": "2024-04-14T18:23:38.147943Z",
            "yes_price": 36,
            "no_price": 64,
            "taker_side": "no"
        },
        {
            "trade_id": "24f7d738-0c8a-4812-88a2-b1da5ab86bfe",
            "ticker": "HIGHMIA-24APR15-T82",
            "count": 5,
            "created_time": "2024-04-14T16:46:40.464708Z",
            "yes_price": 40,
            "no_price": 60,
            "taker_side": "no"
        },
        {
            "trade_id": "0c00f3f1-c821-489a-a6f6-70b319c9b4be",
            "ticker": "HIGHMIA-24APR15-T82",
            "count": 1,
            "created_time": "2024-04-14T16:44:40.205199Z",
            "yes_price": 41,
            "no_price": 59,
            "taker_side": "yes"
        },
        {
            "trade_id": "27b54276-67d6-4c1a-9540-ecf22196b41b",
            "ticker": "HIGHMIA-24APR15-T82",
            "count": 1,
            "created_time": "2024-04-14T16:43:18.058366Z",
            "yes_price": 40,
            "no_price": 60,
            "taker_side": "no"
        },
        {
            "trade_id": "62b27457-822a-4aa4-af4d-56c8de10355f",
            "ticker": "HIGHMIA-24APR15-T82",
            "count": 10,
            "created_time": "2024-04-14T16:34:45.683747Z",
            "yes_price": 40,
            "no_price": 60,
            "taker_side": "no"
        },
        {
            "trade_id": "85338c10-1e95-4f20-b86a-44f7c37adb18",
            "ticker": "HIGHMIA-24APR15-T82",
            "count": 16,
            "created_time": "2024-04-14T14:17:05.768532Z",
            "yes_price": 33,
            "no_price": 67,
            "taker_side": "no"
        },
        {
            "trade_id": "67bbfc6b-60ca-4a84-ad56-5262281fceb5",
            "ticker": "HIGHMIA-24APR15-T82",
            "count": 43,
            "created_time": "2024-04-14T14:17:05.768532Z",
            "yes_price": 31,
            "no_price": 69,
            "taker_side": "no"
        }
    ]
}