{
    "HIGHMIA-24FEB14-T72": [],
    "HIGHMIA-24FEB14-B72.5": [],
    "HIGHMIA-24FEB14-B74.5": [],
    "HIGHMIA-24FEB14-B76.5": [
        {
            "trade_id": "da40034b-ff64-4bb6-be31-13b1729413d4",
            "ticker": "HIGHMIA-24FEB14-B76.5",
            "count": 78,
            "created_time": "2024-02-14T01:54:35.893039Z",
            "yes_price": 53,
            "no_price": 47,
            "taker_side": "yes"
        },
        {
            "trade_id": "9870376c-46f2-4773-be51-a36bb2199e83",
            "ticker": "HIGHMIA-24FEB14-B76.5",
            "count": 77,
            "created_time": "2024-02-14T01:54:35.893039Z",
            "yes_price": 50,
            "no_price": 50,
            "taker_side": "yes"
        },
        {
            "trade_id": "725bf41a-82e9-4734-a1c2-affe7bd64096",
            "ticker": "HIGHMIA-24FEB14-B76.5",
            "count": 23,
            "created_time": "2024-02-14T01:54:35.893039Z",
            "yes_price": 48,
            "no_price": 52,
            "taker_side": "yes"
        },
        {
            "trade_id": "706aa9c6-f9b1-4c20-8e69-b595c31b46b7",
            "ticker": "HIGHMIA-24FEB14-B76.5",
            "count": 15,
            "created_time": "2024-02-14T00:15:31.893318Z",
            "yes_price": 41,
            "no_price": 59,
            "taker_side": "yes"
        },
        {
            "trade_id": "949ea70d-922e-4dcb-8a92-f0385f5fbfd5",
            "ticker": "HIGHMIA-24FEB14-B76.5",
            "count": 24,
            "created_time": "2024-02-13T21:48:44.658249Z",
            "yes_price": 39,
            "no_price": 61,
            "taker_side": "yes"
        },
        {
            "trade_id": "e4105ac4-0681-4883-8fc2-dfebc17ee5c6",
            "ticker": "HIGHMIA-24FEB14-B76.5",
            "count": 8,
            "created_time": "2024-02-13T19:01:37.572909Z",
            "yes_price": 53,
            "no_price": 47,
            "taker_side": "yes"
        },
        {
            "trade_id": "25131fd9-8334-4909-a446-d963c9abd8ad",
            "ticker": "HIGHMIA-24FEB14-B76.5",
            "count": 82,
            "created_time": "2024-02-13T19:01:37.572909Z",
            "yes_price": 56,
            "no_price": 44,
            "taker_side": "yes"
        },
        {
            "trade_id": "f2758994-2078-4186-98dd-9696338bdc0d",
            "ticker": "HIGHMIA-24FEB14-B76.5",
            "count": 16,
            "created_time": "2024-02-13T19:00:57.240393Z",
            "yes_price": 46,
            "no_price": 54,
            "taker_side": "yes"
        },
        {
            "trade_id": "e38ad5ba-daf3-40bf-925f-79c54006bdd4",
            "ticker": "HIGHMIA-24FEB14-B76.5",
            "count": 3,
            "created_time": "2024-02-13T19:00:57.240393Z",
            "yes_price": 46,
            "no_price": 54,
            "taker_side": "yes"
        },
        {
            "trade_id": "d4405adf-9afe-4ee3-81b9-7ebea9ba7436",
            "ticker": "HIGHMIA-24FEB14-B76.5",
            "count": 82,
            "created_time": "2024-02-13T19:00:57.240393Z",
            "yes_price": 51,
            "no_price": 49,
            "taker_side": "yes"
        },
        {
            "trade_id": "39607aa7-dc03-465f-8c50-273f16b30880",
            "ticker": "HIGHMIA-24FEB14-B76.5",
            "count": 82,
            "created_time": "2024-02-13T19:00:57.240393Z",
            "yes_price": 48,
            "no_price": 52,
            "taker_side": "yes"
        },
        {
            "trade_id": "8930ee02-0f00-4ddb-a460-cc41d06b824a",
            "ticker": "HIGHMIA-24FEB14-B76.5",
            "count": 1,
            "created_time": "2024-02-13T17:30:27.896027Z",
            "yes_price": 40,
            "no_price": 60,
            "taker_side": "no"
        },
        {
            "trade_id": "d6400a28-0eb8-4a4d-89ac-b769729b422b",
            "ticker": "HIGHMIA-24FEB14-B76.5",
            "count": 82,
            "created_time": "2024-02-13T15:35:14.430817Z",
            "yes_price": 42,
            "no_price": 58,
            "taker_side": "no"
        },
        {
            "trade_id": "90a3a331-a9f1-4809-811c-4ec33ee563f8",
            "ticker": "HIGHMIA-24FEB14-B76.5",
            "count": 6,
            "created_time": "2024-02-13T15:15:05.067481Z",
            "yes_price": 42,
            "no_price": 58,
            "taker_side": "no"
        }
    ],
    "HIGHMIA-24FEB14-B78.5": [
        {
            "trade_id": "684dedb4-3945-4f94-bdd2-7addb2fe19be",
            "ticker": "HIGHMIA-24FEB14-B78.5",
            "count": 81,
            "created_time": "2024-02-14T18:06:17.044626Z",
            "yes_price": 1,
            "no_price": 99,
            "taker_side": "yes"
        },
        {
            "trade_id": "c52bf7ec-9c50-4422-a838-0d446e3e7057",
            "ticker": "HIGHMIA-24FEB14-B78.5",
            "count": 18,
            "created_time": "2024-02-14T13:01:53.953264Z",
            "yes_price": 59,
            "no_price": 41,
            "taker_side": "yes"
        },
        {
            "trade_id": "4932433a-0950-44a3-8641-c676dc9f1ca4",
            "ticker": "HIGHMIA-24FEB14-B78.5",
            "count": 62,
            "created_time": "2024-02-14T13:01:53.953264Z",
            "yes_price": 62,
            "no_price": 38,
            "taker_side": "yes"
        },
        {
            "trade_id": "f808fcc8-c2f9-481a-90a7-8576e3dbd6c9",
            "ticker": "HIGHMIA-24FEB14-B78.5",
            "count": 12,
            "created_time": "2024-02-14T13:01:42.606319Z",
            "yes_price": 54,
            "no_price": 46,
            "taker_side": "yes"
        },
        {
            "trade_id": "db4a9bc0-f205-45e9-9983-960c2e4d8535",
            "ticker": "HIGHMIA-24FEB14-B78.5",
            "count": 62,
            "created_time": "2024-02-14T13:01:42.606319Z",
            "yes_price": 59,
            "no_price": 41,
            "taker_side": "yes"
        },
        {
            "trade_id": "21b6eb4e-bd7f-4ab9-9ba6-5328cfb4bd40",
            "ticker": "HIGHMIA-24FEB14-B78.5",
            "count": 62,
            "created_time": "2024-02-14T13:01:42.606319Z",
            "yes_price": 57,
            "no_price": 43,
            "taker_side": "yes"
        },
        {
            "trade_id": "acd1a253-f153-4fa2-9a98-b84e36cd1360",
            "ticker": "HIGHMIA-24FEB14-B78.5",
            "count": 36,
            "created_time": "2024-02-14T04:56:41.142334Z",
            "yes_price": 36,
            "no_price": 64,
            "taker_side": "yes"
        },
        {
            "trade_id": "5ca0ff4c-1c6a-4c06-b4d6-28c678eb6ef6",
            "ticker": "HIGHMIA-24FEB14-B78.5",
            "count": 29,
            "created_time": "2024-02-14T04:56:33.767463Z",
            "yes_price": 35,
            "no_price": 65,
            "taker_side": "yes"
        },
        {
            "trade_id": "c61178b9-27fc-4238-ae23-b3d1aa74b688",
            "ticker": "HIGHMIA-24FEB14-B78.5",
            "count": 36,
            "created_time": "2024-02-14T04:56:22.666493Z",
            "yes_price": 34,
            "no_price": 66,
            "taker_side": "yes"
        },
        {
            "trade_id": "bf390010-247b-4f9a-9f64-7512a2e9e240",
            "ticker": "HIGHMIA-24FEB14-B78.5",
            "count": 36,
            "created_time": "2024-02-14T04:52:42.180565Z",
            "yes_price": 33,
            "no_price": 67,
            "taker_side": "yes"
        },
        {
            "trade_id": "4e6021a7-46ea-4170-b082-9a1f3042b25d",
            "ticker": "HIGHMIA-24FEB14-B78.5",
            "count": 29,
            "created_time": "2024-02-14T04:52:36.175292Z",
            "yes_price": 32,
            "no_price": 68,
            "taker_side": "yes"
        },
        {
            "trade_id": "03e3580c-fbaa-4f16-9147-8effd670f2d3",
            "ticker": "HIGHMIA-24FEB14-B78.5",
            "count": 1,
            "created_time": "2024-02-14T02:17:01.252707Z",
            "yes_price": 37,
            "no_price": 63,
            "taker_side": "no"
        },
        {
            "trade_id": "40c2d222-90d4-4d60-9dd3-7d350d0a9244",
            "ticker": "HIGHMIA-24FEB14-B78.5",
            "count": 1,
            "created_time": "2024-02-14T00:36:49.260586Z",
            "yes_price": 41,
            "no_price": 59,
            "taker_side": "no"
        },
        {
            "trade_id": "a00e7695-9759-49c5-ab31-e81f7b406b00",
            "ticker": "HIGHMIA-24FEB14-B78.5",
            "count": 1,
            "created_time": "2024-02-13T23:36:09.61354Z",
            "yes_price": 46,
            "no_price": 54,
            "taker_side": "no"
        },
        {
            "trade_id": "289bfedb-ddaf-48c6-afeb-ae9b8e45064b",
            "ticker": "HIGHMIA-24FEB14-B78.5",
            "count": 1,
            "created_time": "2024-02-13T20:36:11.537767Z",
            "yes_price": 38,
            "no_price": 62,
            "taker_side": "no"
        },
        {
            "trade_id": "9261cfe4-9d51-4e67-b6f8-fe5a1f57d984",
            "ticker": "HIGHMIA-24FEB14-B78.5",
            "count": 1,
            "created_time": "2024-02-13T20:08:36.249117Z",
            "yes_price": 38,
            "no_price": 62,
            "taker_side": "no"
        },
        {
            "trade_id": "91c3a1d6-2beb-4125-b2ab-f4f90807e545",
            "ticker": "HIGHMIA-24FEB14-B78.5",
            "count": 41,
            "created_time": "2024-02-13T20:02:40.443773Z",
            "yes_price": 43,
            "no_price": 57,
            "taker_side": "yes"
        },
        {
            "trade_id": "1d8fe1ec-d424-4242-8155-8d8254e9c602",
            "ticker": "HIGHMIA-24FEB14-B78.5",
            "count": 82,
            "created_time": "2024-02-13T20:02:40.443773Z",
            "yes_price": 44,
            "no_price": 56,
            "taker_side": "yes"
        },
        {
            "trade_id": "aaa2b6eb-f7e1-4944-a62b-b9f36ba67077",
            "ticker": "HIGHMIA-24FEB14-B78.5",
            "count": 82,
            "created_time": "2024-02-13T20:02:25.424022Z",
            "yes_price": 41,
            "no_price": 59,
            "taker_side": "yes"
        },
        {
            "trade_id": "7fc77569-72a1-459c-b6e2-777033eb6755",
            "ticker": "HIGHMIA-24FEB14-B78.5",
            "count": 39,
            "created_time": "2024-02-13T20:02:25.424022Z",
            "yes_price": 39,
            "no_price": 61,
            "taker_side": "yes"
        },
        {
            "trade_id": "cba1f9cb-9cb0-413c-aaa5-78b914c9fb89",
            "ticker": "HIGHMIA-24FEB14-B78.5",
            "count": 47,
            "created_time": "2024-02-13T20:02:12.253202Z",
            "yes_price": 35,
            "no_price": 65,
            "taker_side": "yes"
        },
        {
            "trade_id": "1d2d13be-c51a-49ff-a02d-4082e39907d9",
            "ticker": "HIGHMIA-24FEB14-B78.5",
            "count": 78,
            "created_time": "2024-02-13T20:02:12.253202Z",
            "yes_price": 37,
            "no_price": 63,
            "taker_side": "yes"
        },
        {
            "trade_id": "03f3d16c-3d33-4284-8f60-20437dc363e0",
            "ticker": "HIGHMIA-24FEB14-B78.5",
            "count": 39,
            "created_time": "2024-02-13T20:02:12.253202Z",
            "yes_price": 39,
            "no_price": 61,
            "taker_side": "yes"
        },
        {
            "trade_id": "f1ad4746-90d2-4a51-9c47-25e3cc84c93e",
            "ticker": "HIGHMIA-24FEB14-B78.5",
            "count": 41,
            "created_time": "2024-02-13T19:01:25.413898Z",
            "yes_price": 31,
            "no_price": 69,
            "taker_side": "no"
        },
        {
            "trade_id": "d44ef97f-d2e8-4cbd-8492-3043326ea0b5",
            "ticker": "HIGHMIA-24FEB14-B78.5",
            "count": 41,
            "created_time": "2024-02-13T19:01:10.634406Z",
            "yes_price": 34,
            "no_price": 66,
            "taker_side": "no"
        },
        {
            "trade_id": "08ba6009-0461-440d-91a3-865e492cf401",
            "ticker": "HIGHMIA-24FEB14-B78.5",
            "count": 82,
            "created_time": "2024-02-13T19:01:10.634406Z",
            "yes_price": 32,
            "no_price": 68,
            "taker_side": "no"
        },
        {
            "trade_id": "e70bd7cf-9362-4749-a1bf-cd4d026fe2f7",
            "ticker": "HIGHMIA-24FEB14-B78.5",
            "count": 1,
            "created_time": "2024-02-13T18:24:33.465186Z",
            "yes_price": 45,
            "no_price": 55,
            "taker_side": "yes"
        },
        {
            "trade_id": "16dbca21-2919-4061-9b06-5f3c68d0b53f",
            "ticker": "HIGHMIA-24FEB14-B78.5",
            "count": 1,
            "created_time": "2024-02-13T17:30:28.444186Z",
            "yes_price": 39,
            "no_price": 61,
            "taker_side": "no"
        },
        {
            "trade_id": "97757703-e7ba-44c2-9880-f65d9ebb84e8",
            "ticker": "HIGHMIA-24FEB14-B78.5",
            "count": 1,
            "created_time": "2024-02-13T16:37:00.846932Z",
            "yes_price": 39,
            "no_price": 61,
            "taker_side": "no"
        }
    ],
    "HIGHMIA-24FEB14-T79": [
        {
            "trade_id": "73f24f70-699a-458a-8423-7b010b7f9082",
            "ticker": "HIGHMIA-24FEB14-T79",
            "count": 10,
            "created_time": "2024-02-14T18:06:17.041453Z",
            "yes_price": 80,
            "no_price": 20,
            "taker_side": "yes"
        },
        {
            "trade_id": "4488a9da-ae2a-4bd6-8dee-fb59b35e2d1a",
            "ticker": "HIGHMIA-24FEB14-T79",
            "count": 71,
            "created_time": "2024-02-14T18:06:17.041453Z",
            "yes_price": 80,
            "no_price": 20,
            "taker_side": "yes"
        },
        {
            "trade_id": "06d3d689-3658-4e80-8e29-c11c488aae70",
            "ticker": "HIGHMIA-24FEB14-T79",
            "count": 150,
            "created_time": "2024-02-13T19:01:17.87057Z",
            "yes_price": 10,
            "no_price": 90,
            "taker_side": "no"
        },
        {
            "trade_id": "0cc71d13-1127-4ef0-8112-643ee630a4f3",
            "ticker": "HIGHMIA-24FEB14-T79",
            "count": 31,
            "created_time": "2024-02-13T18:34:32.194101Z",
            "yes_price": 15,
            "no_price": 85,
            "taker_side": "yes"
        },
        {
            "trade_id": "ec10afab-dfb1-4d26-955a-2ef93b91bc8f",
            "ticker": "HIGHMIA-24FEB14-T79",
            "count": 18,
            "created_time": "2024-02-13T18:28:34.283482Z",
            "yes_price": 15,
            "no_price": 85,
            "taker_side": "no"
        },
        {
            "trade_id": "63580a05-5708-4904-bfc2-d69a01d0a929",
            "ticker": "HIGHMIA-24FEB14-T79",
            "count": 33,
            "created_time": "2024-02-13T18:28:29.466497Z",
            "yes_price": 15,
            "no_price": 85,
            "taker_side": "no"
        },
        {
            "trade_id": "e94767a2-0871-4202-88a0-126d0b29cfb4",
            "ticker": "HIGHMIA-24FEB14-T79",
            "count": 39,
            "created_time": "2024-02-13T18:28:29.434354Z",
            "yes_price": 20,
            "no_price": 80,
            "taker_side": "no"
        },
        {
            "trade_id": "d521cf5a-6f13-4374-b6a9-3d0f35072787",
            "ticker": "HIGHMIA-24FEB14-T79",
            "count": 43,
            "created_time": "2024-02-13T18:28:29.434354Z",
            "yes_price": 15,
            "no_price": 85,
            "taker_side": "no"
        },
        {
            "trade_id": "d0d735d5-f63b-46bd-b539-b350b89ec421",
            "ticker": "HIGHMIA-24FEB14-T79",
            "count": 1,
            "created_time": "2024-02-13T17:24:08.646635Z",
            "yes_price": 19,
            "no_price": 81,
            "taker_side": "yes"
        },
        {
            "trade_id": "ebc5dc9a-67d3-4e8a-8df5-74ea38e0be90",
            "ticker": "HIGHMIA-24FEB14-T79",
            "count": 6,
            "created_time": "2024-02-13T15:35:19.271512Z",
            "yes_price": 16,
            "no_price": 84,
            "taker_side": "yes"
        }
    ]
}