{
    "KXHIGHMIA-24NOV07-T80": [
        {
            "trade_id": "1987df2a-668f-4a49-8230-acf4ddfc2ed9",
            "ticker": "KXHIGHMIA-24NOV07-T80",
            "count": 280,
            "created_time": "2024-11-07T07:20:01.515568Z",
            "yes_price": 1,
            "no_price": 99,
            "taker_side": "yes"
        },
        {
            "trade_id": "c4ed2b83-f067-4441-96d8-2bc0401b2704",
            "ticker": "KXHIGHMIA-24NOV07-T80",
            "count": 50,
            "created_time": "2024-11-07T05:55:45.970475Z",
            "yes_price": 1,
            "no_price": 99,
            "taker_side": "no"
        },
        {
            "trade_id": "1d0a6a0d-25d5-4264-88a5-5b8d29f3b940",
            "ticker": "KXHIGHMIA-24NOV07-T80",
            "count": 5,
            "created_time": "2024-11-07T05:50:51.787934Z",
            "yes_price": 1,
            "no_price": 99,
            "taker_side": "no"
        },
        {
            "trade_id": "e348fd0b-28e1-40ec-84e0-2a8854a564f5",
            "ticker": "KXHIGHMIA-24NOV07-T80",
            "count": 5,
            "created_time": "2024-11-07T05:32:31.372289Z",
            "yes_price": 1,
            "no_price": 99,
            "taker_side": "no"
        },
        {
            "trade_id": "180312b9-7bc3-4321-8e44-d73a0eb03a0b",
            "ticker": "KXHIGHMIA-24NOV07-T80",
            "count": 4,
            "created_time": "2024-11-07T05:10:00.493201Z",
            "yes_price": 1,
            "no_price": 99,
            "taker_side": "no"
        },
        {
            "trade_id": "0055644f-9652-45bc-be1a-5f7346c45472",
            "ticker": "KXHIGHMIA-24NOV07-T80",
            "count": 5,
            "created_time": "2024-11-07T05:07:08.518697Z",
            "yes_price": 1,
            "no_price": 99,
            "taker_side": "no"
        },
        {
            "trade_id": "19ba8abc-a521-4d8d-8999-de732ff50c47",
            "ticker": "KXHIGHMIA-24NOV07-T80",
            "count": 10,
            "created_time": "2024-11-07T05:06:15.566913Z",
            "yes_price": 1,
            "no_price": 99,
            "taker_side": "no"
        },
        {
            "trade_id": "302d3d45-22af-4c5a-8159-e88256d92490",
            "ticker": "KXHIGHMIA-24NOV07-T80",
            "count": 1,
            "created_time": "2024-11-07T03:42:52.185414Z",
            "yes_price": 1,
            "no_price": 99,
            "taker_side": "no"
        }
    ],
    "KXHIGHMIA-24NOV07-B80.5": [
        {
            "trade_id": "5453c679-b43f-4a55-9501-fa9afd064ef7",
            "ticker": "KXHIGHMIA-24NOV07-B80.5",
            "count": 935,
            "created_time": "2024-11-08T01:01:36.584045Z",
            "yes_price": 1,
            "no_price": 99,
            "taker_side": "yes"
        },
        {
            "trade_id": "e6702454-a60f-4b1c-9dd5-226fdfb74ae6",
            "ticker": "KXHIGHMIA-24NOV07-B80.5",
            "count": 80,
            "created_time": "2024-11-07T05:55:45.955303Z",
            "yes_price": 1,
            "no_price": 99,
            "taker_side": "no"
        },
        {
            "trade_id": "dd76adf0-955b-458e-ba91-39d6fefd6549",
            "ticker": "KXHIGHMIA-24NOV07-B80.5",
            "count": 80,
            "created_time": "2024-11-07T05:55:45.955303Z",
            "yes_price": 1,
            "no_price": 99,
            "taker_side": "no"
        },
        {
            "trade_id": "6856a838-1f2b-4b4b-a8cc-d737364d1269",
            "ticker": "KXHIGHMIA-24NOV07-B80.5",
            "count": 80,
            "created_time": "2024-11-07T05:55:45.955303Z",
            "yes_price": 1,
            "no_price": 99,
            "taker_side": "no"
        },
        {
            "trade_id": "63b42f8b-9f47-46d1-a9a5-0ade2281d529",
            "ticker": "KXHIGHMIA-24NOV07-B80.5",
            "count": 58,
            "created_time": "2024-11-07T05:55:45.955303Z",
            "yes_price": 1,
            "no_price": 99,
            "taker_side": "no"
        },
        {
            "trade_id": "300fa49e-bec7-40ff-9e73-00fd22cd74d3",
            "ticker": "KXHIGHMIA-24NOV07-B80.5",
            "count": 55,
            "created_time": "2024-11-07T05:55:45.955303Z",
            "yes_price": 1,
            "no_price": 99,
            "taker_side": "no"
        },
        {
            "trade_id": "17ff6e90-646c-49d5-a9b0-fcb00d882b17",
            "ticker": "KXHIGHMIA-24NOV07-B80.5",
            "count": 80,
            "created_time": "2024-11-07T05:55:45.955303Z",
            "yes_price": 1,
            "no_price": 99,
            "taker_side": "no"
        },
        {
            "trade_id": "35920965-d7d0-49c3-94f4-a83f3050e69a",
            "ticker": "KXHIGHMIA-24NOV07-B80.5",
            "count": 5,
            "created_time": "2024-11-07T05:50:51.782859Z",
            "yes_price": 2,
            "no_price": 98,
            "taker_side": "no"
        },
        {
            "trade_id": "141befe6-e54c-4af2-9e1e-ee7f375e5ff8",
            "ticker": "KXHIGHMIA-24NOV07-B80.5",
            "count": 5,
            "created_time": "2024-11-07T05:32:31.362923Z",
            "yes_price": 2,
            "no_price": 98,
            "taker_side": "no"
        },
        {
            "trade_id": "f559e3c7-405a-4377-9c6d-043010bbd49b",
            "ticker": "KXHIGHMIA-24NOV07-B80.5",
            "count": 4,
            "created_time": "2024-11-07T05:10:00.489797Z",
            "yes_price": 4,
            "no_price": 96,
            "taker_side": "no"
        },
        {
            "trade_id": "ada63e02-02ee-4358-86bf-faabead719c7",
            "ticker": "KXHIGHMIA-24NOV07-B80.5",
            "count": 5,
            "created_time": "2024-11-07T05:07:08.532834Z",
            "yes_price": 5,
            "no_price": 95,
            "taker_side": "no"
        },
        {
            "trade_id": "fe5041c1-81ff-45d8-8853-e2be359e9785",
            "ticker": "KXHIGHMIA-24NOV07-B80.5",
            "count": 7,
            "created_time": "2024-11-07T04:18:28.045596Z",
            "yes_price": 16,
            "no_price": 84,
            "taker_side": "yes"
        },
        {
            "trade_id": "29492713-2788-4cec-bf64-f6ff150a234f",
            "ticker": "KXHIGHMIA-24NOV07-B80.5",
            "count": 7,
            "created_time": "2024-11-07T04:18:28.045596Z",
            "yes_price": 16,
            "no_price": 84,
            "taker_side": "yes"
        },
        {
            "trade_id": "0526f97b-5dfb-4844-b3eb-cc8aa0689834",
            "ticker": "KXHIGHMIA-24NOV07-B80.5",
            "count": 7,
            "created_time": "2024-11-07T04:18:28.045596Z",
            "yes_price": 16,
            "no_price": 84,
            "taker_side": "yes"
        },
        {
            "trade_id": "b3f68584-9efb-4686-83d2-4348bbe3eb50",
            "ticker": "KXHIGHMIA-24NOV07-B80.5",
            "count": 1,
            "created_time": "2024-11-07T03:42:52.201333Z",
            "yes_price": 2,
            "no_price": 98,
            "taker_side": "no"
        },
        {
            "trade_id": "ec1b48a5-527b-4f65-a658-dd1273100724",
            "ticker": "KXHIGHMIA-24NOV07-B80.5",
            "count": 1,
            "created_time": "2024-11-06T19:01:56.730892Z",
            "yes_price": 12,
            "no_price": 88,
            "taker_side": "yes"
        },
        {
            "trade_id": "94cd51e0-e34d-4f21-9a24-a60284188bc2",
            "ticker": "KXHIGHMIA-24NOV07-B80.5",
            "count": 7,
            "created_time": "2024-11-06T19:01:56.730892Z",
            "yes_price": 12,
            "no_price": 88,
            "taker_side": "yes"
        },
        {
            "trade_id": "32dc6142-41d5-470c-ac5e-c0e877ac4498",
            "ticker": "KXHIGHMIA-24NOV07-B80.5",
            "count": 1,
            "created_time": "2024-11-06T19:01:56.730892Z",
            "yes_price": 22,
            "no_price": 78,
            "taker_side": "yes"
        },
        {
            "trade_id": "0a2cd8e3-c589-414e-b2ab-2c72368b42b1",
            "ticker": "KXHIGHMIA-24NOV07-B80.5",
            "count": 2,
            "created_time": "2024-11-06T19:01:56.730892Z",
            "yes_price": 79,
            "no_price": 21,
            "taker_side": "yes"
        }
    ],
    "KXHIGHMIA-24NOV07-B82.5": [
        {
            "trade_id": "f0b6e4e2-2398-419f-8799-b813bd915605",
            "ticker": "KXHIGHMIA-24NOV07-B82.5",
            "count": 178,
            "created_time": "2024-11-08T04:57:11.725582Z",
            "yes_price": 1,
            "no_price": 99,
            "taker_side": "yes"
        },
        {
            "trade_id": "e2662ef8-99df-4f5e-aca3-ca7769084857",
            "ticker": "KXHIGHMIA-24NOV07-B82.5",
            "count": 100,
            "created_time": "2024-11-08T04:57:11.725582Z",
            "yes_price": 2,
            "no_price": 98,
            "taker_side": "yes"
        },
        {
            "trade_id": "aa392e5c-5879-4cb2-b1e9-2d8b9eb81397",
            "ticker": "KXHIGHMIA-24NOV07-B82.5",
            "count": 1000,
            "created_time": "2024-11-08T04:57:11.725582Z",
            "yes_price": 2,
            "no_price": 98,
            "taker_side": "yes"
        },
        {
            "trade_id": "4cb7bb8c-0231-4f13-825f-59df1bda9234",
            "ticker": "KXHIGHMIA-24NOV07-B82.5",
            "count": 7107,
            "created_time": "2024-11-08T04:57:11.725582Z",
            "yes_price": 2,
            "no_price": 98,
            "taker_side": "yes"
        },
        {
            "trade_id": "2e93bd4e-ec79-4152-84c4-253ee98a2da3",
            "ticker": "KXHIGHMIA-24NOV07-B82.5",
            "count": 2100,
            "created_time": "2024-11-08T04:57:11.725582Z",
            "yes_price": 1,
            "no_price": 99,
            "taker_side": "yes"
        },
        {
            "trade_id": "bdfe9cec-35bb-40b0-a4a4-ba82a3515e33",
            "ticker": "KXHIGHMIA-24NOV07-B82.5",
            "count": 15,
            "created_time": "2024-11-08T01:28:02.34378Z",
            "yes_price": 1,
            "no_price": 99,
            "taker_side": "yes"
        },
        {
            "trade_id": "60fa4fc8-96c1-46ec-8ae5-41aa860fa2ac",
            "ticker": "KXHIGHMIA-24NOV07-B82.5",
            "count": 300,
            "created_time": "2024-11-08T00:54:46.339983Z",
            "yes_price": 1,
            "no_price": 99,
            "taker_side": "yes"
        },
        {
            "trade_id": "afd3faec-9738-4589-8152-176b1bb3269c",
            "ticker": "KXHIGHMIA-24NOV07-B82.5",
            "count": 1,
            "created_time": "2024-11-08T00:49:12.828689Z",
            "yes_price": 1,
            "no_price": 99,
            "taker_side": "yes"
        },
        {
            "trade_id": "ab2db898-0bc5-4863-a662-fe3ab7fec4e2",
            "ticker": "KXHIGHMIA-24NOV07-B82.5",
            "count": 2,
            "created_time": "2024-11-08T00:49:12.828689Z",
            "yes_price": 1,
            "no_price": 99,
            "taker_side": "yes"
        },
        {
            "trade_id": "521f3785-2e34-41d2-a088-2f93715acbd4",
            "ticker": "KXHIGHMIA-24NOV07-B82.5",
            "count": 258,
            "created_time": "2024-11-08T00:49:12.828689Z",
            "yes_price": 1,
            "no_price": 99,
            "taker_side": "yes"
        },
        {
            "trade_id": "49700aab-0ff4-4c6d-a850-3b7bceb96167",
            "ticker": "KXHIGHMIA-24NOV07-B82.5",
            "count": 1,
            "created_time": "2024-11-08T00:49:12.828689Z",
            "yes_price": 1,
            "no_price": 99,
            "taker_side": "yes"
        },
        {
            "trade_id": "4010a169-780e-40f0-b562-2ac7f6852ec0",
            "ticker": "KXHIGHMIA-24NOV07-B82.5",
            "count": 7,
            "created_time": "2024-11-08T00:49:12.828689Z",
            "yes_price": 1,
            "no_price": 99,
            "taker_side": "yes"
        },
        {
            "trade_id": "0ff0fba6-0eb6-4e42-b20e-0ec6b750a3ad",
            "ticker": "KXHIGHMIA-24NOV07-B82.5",
            "count": 30,
            "created_time": "2024-11-08T00:49:12.828689Z",
            "yes_price": 1,
            "no_price": 99,
            "taker_side": "yes"
        },
        {
            "trade_id": "0a9a2a79-1889-4b88-8c4c-183c624aa786",
            "ticker": "KXHIGHMIA-24NOV07-B82.5",
            "count": 1,
            "created_time": "2024-11-08T00:49:12.828689Z",
            "yes_price": 1,
            "no_price": 99,
            "taker_side": "yes"
        },
        {
            "trade_id": "c27142ff-ebcb-4421-8a87-f1418469a947",
            "ticker": "KXHIGHMIA-24NOV07-B82.5",
            "count": 93,
            "created_time": "2024-11-07T23:34:55.830325Z",
            "yes_price": 1,
            "no_price": 99,
            "taker_side": "yes"
        },
        {
            "trade_id": "97b3d1b6-017d-4496-8416-a21759077166",
            "ticker": "KXHIGHMIA-24NOV07-B82.5",
            "count": 2000,
            "created_time": "2024-11-07T23:07:51.264302Z",
            "yes_price": 1,
            "no_price": 99,
            "taker_side": "yes"
        },
        {
            "trade_id": "bb7baec1-2eae-4ed4-b0f9-cd6467df50d3",
            "ticker": "KXHIGHMIA-24NOV07-B82.5",
            "count": 807,
            "created_time": "2024-11-07T22:55:11.110102Z",
            "yes_price": 1,
            "no_price": 99,
            "taker_side": "yes"
        },
        {
            "trade_id": "47d0ed4a-971d-4410-9110-2358782ed7f7",
            "ticker": "KXHIGHMIA-24NOV07-B82.5",
            "count": 3828,
            "created_time": "2024-11-07T22:55:11.110102Z",
            "yes_price": 1,
            "no_price": 99,
            "taker_side": "yes"
        },
        {
            "trade_id": "078d14db-1dce-4e1a-a63c-436827c020e7",
            "ticker": "KXHIGHMIA-24NOV07-B82.5",
            "count": 40,
            "created_time": "2024-11-07T22:55:11.110102Z",
            "yes_price": 1,
            "no_price": 99,
            "taker_side": "yes"
        },
        {
            "trade_id": "fd07c9cd-8038-47bd-aeaa-69b5e8d17404",
            "ticker": "KXHIGHMIA-24NOV07-B82.5",
            "count": 300,
            "created_time": "2024-11-07T20:57:34.633714Z",
            "yes_price": 1,
            "no_price": 99,
            "taker_side": "yes"
        },
        {
            "trade_id": "24822752-e029-40ce-9685-83e6b6877187",
            "ticker": "KXHIGHMIA-24NOV07-B82.5",
            "count": 1402,
            "created_time": "2024-11-07T20:42:22.136497Z",
            "yes_price": 1,
            "no_price": 99,
            "taker_side": "yes"
        },
        {
            "trade_id": "4de21415-9cb6-4197-8d13-5e654ec9fb04",
            "ticker": "KXHIGHMIA-24NOV07-B82.5",
            "count": 93,
            "created_time": "2024-11-07T20:40:26.494378Z",
            "yes_price": 1,
            "no_price": 99,
            "taker_side": "yes"
        },
        {
            "trade_id": "b4d21013-78ef-4016-8883-ece19e8eac7c",
            "ticker": "KXHIGHMIA-24NOV07-B82.5",
            "count": 9351,
            "created_time": "2024-11-07T19:33:12.176117Z",
            "yes_price": 1,
            "no_price": 99,
            "taker_side": "yes"
        },
        {
            "trade_id": "4cac8076-6cc6-4e7d-a809-09cec207f7c6",
            "ticker": "KXHIGHMIA-24NOV07-B82.5",
            "count": 935,
            "created_time": "2024-11-07T18:55:42.131317Z",
            "yes_price": 1,
            "no_price": 99,
            "taker_side": "yes"
        },
        {
            "trade_id": "916ffcf2-ba32-430a-aff4-5940188ce2e1",
            "ticker": "KXHIGHMIA-24NOV07-B82.5",
            "count": 374,
            "created_time": "2024-11-07T18:37:18.851246Z",
            "yes_price": 1,
            "no_price": 99,
            "taker_side": "yes"
        },
        {
            "trade_id": "1e937e89-edde-41ba-8375-1df42c2a2b2e",
            "ticker": "KXHIGHMIA-24NOV07-B82.5",
            "count": 93,
            "created_time": "2024-11-07T18:02:23.3076Z",
            "yes_price": 1,
            "no_price": 99,
            "taker_side": "yes"
        },
        {
            "trade_id": "763b21a8-c394-4490-bd04-f04861e8aa3e",
            "ticker": "KXHIGHMIA-24NOV07-B82.5",
            "count": 93,
            "created_time": "2024-11-07T16:39:12.916555Z",
            "yes_price": 1,
            "no_price": 99,
            "taker_side": "yes"
        },
        {
            "trade_id": "ec165d64-6c5d-40ec-b6fd-1e6266ccf028",
            "ticker": "KXHIGHMIA-24NOV07-B82.5",
            "count": 670,
            "created_time": "2024-11-07T15:49:24.544919Z",
            "yes_price": 1,
            "no_price": 99,
            "taker_side": "yes"
        },
        {
            "trade_id": "d9b5c808-a620-40ab-85c7-c04c1177b9f9",
            "ticker": "KXHIGHMIA-24NOV07-B82.5",
            "count": 2337,
            "created_time": "2024-11-07T15:44:48.200223Z",
            "yes_price": 1,
            "no_price": 99,
            "taker_side": "yes"
        },
        {
            "trade_id": "835b123b-a4be-451e-8583-5d6481d8e3b2",
            "ticker": "KXHIGHMIA-24NOV07-B82.5",
            "count": 98,
            "created_time": "2024-11-07T15:43:28.51381Z",
            "yes_price": 1,
            "no_price": 99,
            "taker_side": "yes"
        },
        {
            "trade_id": "389539df-e2d6-4370-8d02-640213792cf4",
            "ticker": "KXHIGHMIA-24NOV07-B82.5",
            "count": 525,
            "created_time": "2024-11-07T15:28:36.565678Z",
            "yes_price": 1,
            "no_price": 99,
            "taker_side": "yes"
        },
        {
            "trade_id": "84359236-3f5e-4de3-9f59-a03b8b3ae71a",
            "ticker": "KXHIGHMIA-24NOV07-B82.5",
            "count": 467,
            "created_time": "2024-11-07T15:06:58.999098Z",
            "yes_price": 1,
            "no_price": 99,
            "taker_side": "yes"
        },
        {
            "trade_id": "ff57637b-da52-411c-a2f7-a0dbad6ece51",
            "ticker": "KXHIGHMIA-24NOV07-B82.5",
            "count": 100,
            "created_time": "2024-11-07T15:00:23.123089Z",
            "yes_price": 1,
            "no_price": 99,
            "taker_side": "no"
        },
        {
            "trade_id": "f1e564bc-4fc2-400e-8dc6-b8fcdc67169f",
            "ticker": "KXHIGHMIA-24NOV07-B82.5",
            "count": 100,
            "created_time": "2024-11-07T15:00:23.123089Z",
            "yes_price": 1,
            "no_price": 99,
            "taker_side": "no"
        },
        {
            "trade_id": "e39278d9-b393-453f-b3a5-9b15b2e6e18e",
            "ticker": "KXHIGHMIA-24NOV07-B82.5",
            "count": 100,
            "created_time": "2024-11-07T15:00:23.123089Z",
            "yes_price": 1,
            "no_price": 99,
            "taker_side": "no"
        },
        {
            "trade_id": "e12458dc-b2f8-4d48-a057-8ccf27309f59",
            "ticker": "KXHIGHMIA-24NOV07-B82.5",
            "count": 100,
            "created_time": "2024-11-07T15:00:23.123089Z",
            "yes_price": 1,
            "no_price": 99,
            "taker_side": "no"
        },
        {
            "trade_id": "d8df1e6d-f517-42f8-9fec-ebb5b3d9c66d",
            "ticker": "KXHIGHMIA-24NOV07-B82.5",
            "count": 100,
            "created_time": "2024-11-07T15:00:23.123089Z",
            "yes_price": 1,
            "no_price": 99,
            "taker_side": "no"
        },
        {
            "trade_id": "d834dfdc-9e6a-4b00-936e-f0d4a2af5c32",
            "ticker": "KXHIGHMIA-24NOV07-B82.5",
            "count": 100,
            "created_time": "2024-11-07T15:00:23.123089Z",
            "yes_price": 1,
            "no_price": 99,
            "taker_side": "no"
        },
        {
            "trade_id": "ca920633-712c-4587-b04c-05864b085234",
            "ticker": "KXHIGHMIA-24NOV07-B82.5",
            "count": 100,
            "created_time": "2024-11-07T15:00:23.123089Z",
            "yes_price": 1,
            "no_price": 99,
            "taker_side": "no"
        },
        {
            "trade_id": "c5ef6468-da25-4600-b49b-165f0a7c4adc",
            "ticker": "KXHIGHMIA-24NOV07-B82.5",
            "count": 100,
            "created_time": "2024-11-07T15:00:23.123089Z",
            "yes_price": 1,
            "no_price": 99,
            "taker_side": "no"
        },
        {
            "trade_id": "c029beab-4018-489e-90a5-b399bbbb1b95",
            "ticker": "KXHIGHMIA-24NOV07-B82.5",
            "count": 100,
            "created_time": "2024-11-07T15:00:23.123089Z",
            "yes_price": 1,
            "no_price": 99,
            "taker_side": "no"
        },
        {
            "trade_id": "b37680a4-7453-4e46-bf94-12459b25cddc",
            "ticker": "KXHIGHMIA-24NOV07-B82.5",
            "count": 100,
            "created_time": "2024-11-07T15:00:23.123089Z",
            "yes_price": 1,
            "no_price": 99,
            "taker_side": "no"
        },
        {
            "trade_id": "aabe33b4-450e-4247-9b61-72371eb9f2a1",
            "ticker": "KXHIGHMIA-24NOV07-B82.5",
            "count": 100,
            "created_time": "2024-11-07T15:00:23.123089Z",
            "yes_price": 1,
            "no_price": 99,
            "taker_side": "no"
        },
        {
            "trade_id": "90cf3226-53d5-4984-818c-cab5abbdade7",
            "ticker": "KXHIGHMIA-24NOV07-B82.5",
            "count": 100,
            "created_time": "2024-11-07T15:00:23.123089Z",
            "yes_price": 1,
            "no_price": 99,
            "taker_side": "no"
        },
        {
            "trade_id": "907d9e86-6e59-4a95-a3f6-3f4ada070fea",
            "ticker": "KXHIGHMIA-24NOV07-B82.5",
            "count": 100,
            "created_time": "2024-11-07T15:00:23.123089Z",
            "yes_price": 1,
            "no_price": 99,
            "taker_side": "no"
        },
        {
            "trade_id": "8e8a8d95-466c-450c-9345-98bdefcc6795",
            "ticker": "KXHIGHMIA-24NOV07-B82.5",
            "count": 100,
            "created_time": "2024-11-07T15:00:23.123089Z",
            "yes_price": 1,
            "no_price": 99,
            "taker_side": "no"
        },
        {
            "trade_id": "82429805-c0ad-45d6-8619-a4ecb4721433",
            "ticker": "KXHIGHMIA-24NOV07-B82.5",
            "count": 100,
            "created_time": "2024-11-07T15:00:23.123089Z",
            "yes_price": 1,
            "no_price": 99,
            "taker_side": "no"
        },
        {
            "trade_id": "7db5b5f4-ec80-4760-b289-106f9e506b30",
            "ticker": "KXHIGHMIA-24NOV07-B82.5",
            "count": 100,
            "created_time": "2024-11-07T15:00:23.123089Z",
            "yes_price": 1,
            "no_price": 99,
            "taker_side": "no"
        },
        {
            "trade_id": "6c4a4447-3b42-4330-9bbe-b47fdba21b2b",
            "ticker": "KXHIGHMIA-24NOV07-B82.5",
            "count": 100,
            "created_time": "2024-11-07T15:00:23.123089Z",
            "yes_price": 1,
            "no_price": 99,
            "taker_side": "no"
        },
        {
            "trade_id": "662efe65-ddbb-4a53-afdd-2cb48dc283f7",
            "ticker": "KXHIGHMIA-24NOV07-B82.5",
            "count": 100,
            "created_time": "2024-11-07T15:00:23.123089Z",
            "yes_price": 1,
            "no_price": 99,
            "taker_side": "no"
        },
        {
            "trade_id": "605d4527-240a-4efd-ac7b-13dce886740d",
            "ticker": "KXHIGHMIA-24NOV07-B82.5",
            "count": 100,
            "created_time": "2024-11-07T15:00:23.123089Z",
            "yes_price": 1,
            "no_price": 99,
            "taker_side": "no"
        },
        {
            "trade_id": "5df54579-2c49-4c14-a55c-00c6da576212",
            "ticker": "KXHIGHMIA-24NOV07-B82.5",
            "count": 100,
            "created_time": "2024-11-07T15:00:23.123089Z",
            "yes_price": 1,
            "no_price": 99,
            "taker_side": "no"
        },
        {
            "trade_id": "5798e4e3-9dbf-4523-ac82-b86a7541836f",
            "ticker": "KXHIGHMIA-24NOV07-B82.5",
            "count": 754,
            "created_time": "2024-11-07T15:00:23.123089Z",
            "yes_price": 1,
            "no_price": 99,
            "taker_side": "no"
        },
        {
            "trade_id": "50756a3c-460c-494f-a80f-3fdb74b7fa13",
            "ticker": "KXHIGHMIA-24NOV07-B82.5",
            "count": 100,
            "created_time": "2024-11-07T15:00:23.123089Z",
            "yes_price": 1,
            "no_price": 99,
            "taker_side": "no"
        },
        {
            "trade_id": "42dccbab-f2b8-425b-96bb-7c0ee6765693",
            "ticker": "KXHIGHMIA-24NOV07-B82.5",
            "count": 100,
            "created_time": "2024-11-07T15:00:23.123089Z",
            "yes_price": 1,
            "no_price": 99,
            "taker_side": "no"
        },
        {
            "trade_id": "42c72e2e-2c0a-4999-8a53-abaf41bded72",
            "ticker": "KXHIGHMIA-24NOV07-B82.5",
            "count": 100,
            "created_time": "2024-11-07T15:00:23.123089Z",
            "yes_price": 1,
            "no_price": 99,
            "taker_side": "no"
        },
        {
            "trade_id": "37f8a71f-b68f-45b6-90c0-4d076219e8ad",
            "ticker": "KXHIGHMIA-24NOV07-B82.5",
            "count": 100,
            "created_time": "2024-11-07T15:00:23.123089Z",
            "yes_price": 1,
            "no_price": 99,
            "taker_side": "no"
        },
        {
            "trade_id": "32301041-2de3-4d3f-bb88-9235c3283cf3",
            "ticker": "KXHIGHMIA-24NOV07-B82.5",
            "count": 100,
            "created_time": "2024-11-07T15:00:23.123089Z",
            "yes_price": 1,
            "no_price": 99,
            "taker_side": "no"
        },
        {
            "trade_id": "275279cf-962f-4e88-a862-23c11d2e612d",
            "ticker": "KXHIGHMIA-24NOV07-B82.5",
            "count": 100,
            "created_time": "2024-11-07T15:00:23.123089Z",
            "yes_price": 1,
            "no_price": 99,
            "taker_side": "no"
        },
        {
            "trade_id": "1bf246fb-ea3f-4537-8cd5-f7a02f5dce1e",
            "ticker": "KXHIGHMIA-24NOV07-B82.5",
            "count": 100,
            "created_time": "2024-11-07T15:00:23.123089Z",
            "yes_price": 1,
            "no_price": 99,
            "taker_side": "no"
        },
        {
            "trade_id": "16085165-ca2f-4aa0-8d1f-85e65df867b5",
            "ticker": "KXHIGHMIA-24NOV07-B82.5",
            "count": 100,
            "created_time": "2024-11-07T15:00:23.123089Z",
            "yes_price": 1,
            "no_price": 99,
            "taker_side": "no"
        },
        {
            "trade_id": "0da080df-8e2b-449a-b0c5-3979bb82b089",
            "ticker": "KXHIGHMIA-24NOV07-B82.5",
            "count": 100,
            "created_time": "2024-11-07T15:00:23.123089Z",
            "yes_price": 1,
            "no_price": 99,
            "taker_side": "no"
        },
        {
            "trade_id": "0d0cb911-126b-4356-8251-c0ded804ecad",
            "ticker": "KXHIGHMIA-24NOV07-B82.5",
            "count": 100,
            "created_time": "2024-11-07T15:00:23.123089Z",
            "yes_price": 1,
            "no_price": 99,
            "taker_side": "no"
        },
        {
            "trade_id": "0c6c225e-8f68-4829-92ac-16cb48047dfb",
            "ticker": "KXHIGHMIA-24NOV07-B82.5",
            "count": 51,
            "created_time": "2024-11-07T15:00:23.123089Z",
            "yes_price": 1,
            "no_price": 99,
            "taker_side": "no"
        },
        {
            "trade_id": "1abd9091-ab36-4dac-9da0-55aedff53249",
            "ticker": "KXHIGHMIA-24NOV07-B82.5",
            "count": 35,
            "created_time": "2024-11-07T15:00:08.003136Z",
            "yes_price": 1,
            "no_price": 99,
            "taker_side": "no"
        },
        {
            "trade_id": "ac8842ea-a9c9-4d58-8eee-9ce6d0df24e7",
            "ticker": "KXHIGHMIA-24NOV07-B82.5",
            "count": 190,
            "created_time": "2024-11-07T14:59:03.407417Z",
            "yes_price": 1,
            "no_price": 99,
            "taker_side": "no"
        },
        {
            "trade_id": "fc7cb3bc-d2c9-4f57-993b-aceaff9a2c69",
            "ticker": "KXHIGHMIA-24NOV07-B82.5",
            "count": 21,
            "created_time": "2024-11-07T14:55:55.963048Z",
            "yes_price": 1,
            "no_price": 99,
            "taker_side": "no"
        },
        {
            "trade_id": "b703b499-7371-42de-813f-ad1b360917c9",
            "ticker": "KXHIGHMIA-24NOV07-B82.5",
            "count": 78,
            "created_time": "2024-11-07T14:55:55.963048Z",
            "yes_price": 1,
            "no_price": 99,
            "taker_side": "no"
        },
        {
            "trade_id": "8148810c-c404-4775-916d-78717d3f34cf",
            "ticker": "KXHIGHMIA-24NOV07-B82.5",
            "count": 1,
            "created_time": "2024-11-07T14:55:55.963048Z",
            "yes_price": 1,
            "no_price": 99,
            "taker_side": "no"
        },
        {
            "trade_id": "61b591b9-d297-4e79-ac60-ce845c9ac4e9",
            "ticker": "KXHIGHMIA-24NOV07-B82.5",
            "count": 91,
            "created_time": "2024-11-07T14:55:52.609088Z",
            "yes_price": 2,
            "no_price": 98,
            "taker_side": "no"
        },
        {
            "trade_id": "ffb33e4c-4359-4a09-b96a-b8a29f8f1b54",
            "ticker": "KXHIGHMIA-24NOV07-B82.5",
            "count": 109,
            "created_time": "2024-11-07T14:55:46.439607Z",
            "yes_price": 2,
            "no_price": 98,
            "taker_side": "no"
        },
        {
            "trade_id": "40fe3451-2830-4c45-b65c-5bfb5344d3c3",
            "ticker": "KXHIGHMIA-24NOV07-B82.5",
            "count": 200,
            "created_time": "2024-11-07T14:55:46.375187Z",
            "yes_price": 2,
            "no_price": 98,
            "taker_side": "no"
        },
        {
            "trade_id": "a0edd167-c7ab-4b1a-9812-00f1d323f963",
            "ticker": "KXHIGHMIA-24NOV07-B82.5",
            "count": 200,
            "created_time": "2024-11-07T14:55:46.285994Z",
            "yes_price": 2,
            "no_price": 98,
            "taker_side": "no"
        },
        {
            "trade_id": "1f068052-cb6d-4df4-b076-8cc918f21377",
            "ticker": "KXHIGHMIA-24NOV07-B82.5",
            "count": 200,
            "created_time": "2024-11-07T14:55:46.225033Z",
            "yes_price": 2,
            "no_price": 98,
            "taker_side": "no"
        },
        {
            "trade_id": "585fa4f4-d5c1-4ff4-add8-64a4acc5a1a0",
            "ticker": "KXHIGHMIA-24NOV07-B82.5",
            "count": 200,
            "created_time": "2024-11-07T14:55:46.132146Z",
            "yes_price": 2,
            "no_price": 98,
            "taker_side": "no"
        },
        {
            "trade_id": "6b2d4702-cc78-4954-856d-45a75441d4b7",
            "ticker": "KXHIGHMIA-24NOV07-B82.5",
            "count": 31,
            "created_time": "2024-11-07T14:53:44.597182Z",
            "yes_price": 3,
            "no_price": 97,
            "taker_side": "no"
        },
        {
            "trade_id": "faa7dba1-6324-441b-b529-e1794cc06e2a",
            "ticker": "KXHIGHMIA-24NOV07-B82.5",
            "count": 500,
            "created_time": "2024-11-07T14:53:43.197466Z",
            "yes_price": 3,
            "no_price": 97,
            "taker_side": "no"
        },
        {
            "trade_id": "e65c327a-9ea7-4279-8d52-75a156133c2e",
            "ticker": "KXHIGHMIA-24NOV07-B82.5",
            "count": 31,
            "created_time": "2024-11-07T14:53:41.574454Z",
            "yes_price": 3,
            "no_price": 97,
            "taker_side": "no"
        },
        {
            "trade_id": "4c3051e7-fc4f-4280-b598-447dfabf5d3e",
            "ticker": "KXHIGHMIA-24NOV07-B82.5",
            "count": 469,
            "created_time": "2024-11-07T14:53:41.574454Z",
            "yes_price": 3,
            "no_price": 97,
            "taker_side": "no"
        },
        {
            "trade_id": "c525c927-7907-4c6d-bc1e-05909268284b",
            "ticker": "KXHIGHMIA-24NOV07-B82.5",
            "count": 216,
            "created_time": "2024-11-07T14:53:27.564442Z",
            "yes_price": 4,
            "no_price": 96,
            "taker_side": "no"
        },
        {
            "trade_id": "a94ce81b-93aa-45e0-80ed-ee41f398ea09",
            "ticker": "KXHIGHMIA-24NOV07-B82.5",
            "count": 500,
            "created_time": "2024-11-07T14:53:26.689546Z",
            "yes_price": 4,
            "no_price": 96,
            "taker_side": "no"
        },
        {
            "trade_id": "b9413ac7-6869-4036-b093-565ae61d2e02",
            "ticker": "KXHIGHMIA-24NOV07-B82.5",
            "count": 100,
            "created_time": "2024-11-07T14:53:22.126319Z",
            "yes_price": 4,
            "no_price": 96,
            "taker_side": "no"
        },
        {
            "trade_id": "98651cc8-6248-4f5d-9108-24368cb196da",
            "ticker": "KXHIGHMIA-24NOV07-B82.5",
            "count": 84,
            "created_time": "2024-11-07T14:53:21.469276Z",
            "yes_price": 4,
            "no_price": 96,
            "taker_side": "no"
        },
        {
            "trade_id": "1b516570-c423-4b30-813c-4ecf8a4aba0a",
            "ticker": "KXHIGHMIA-24NOV07-B82.5",
            "count": 16,
            "created_time": "2024-11-07T14:53:21.469276Z",
            "yes_price": 4,
            "no_price": 96,
            "taker_side": "no"
        },
        {
            "trade_id": "90ea3726-bc8f-46ee-8459-f2b1f28ebcef",
            "ticker": "KXHIGHMIA-24NOV07-B82.5",
            "count": 100,
            "created_time": "2024-11-07T14:52:45.807771Z",
            "yes_price": 5,
            "no_price": 95,
            "taker_side": "no"
        },
        {
            "trade_id": "5e1af370-294f-44cb-9f96-84d9618d487c",
            "ticker": "KXHIGHMIA-24NOV07-B82.5",
            "count": 100,
            "created_time": "2024-11-07T14:52:45.286679Z",
            "yes_price": 5,
            "no_price": 95,
            "taker_side": "no"
        },
        {
            "trade_id": "1518353a-257e-4dfa-af4d-ef3aede3b2a0",
            "ticker": "KXHIGHMIA-24NOV07-B82.5",
            "count": 100,
            "created_time": "2024-11-07T14:52:44.885836Z",
            "yes_price": 5,
            "no_price": 95,
            "taker_side": "no"
        },
        {
            "trade_id": "dbaccdd2-6ff7-4a29-8eff-e471844a0b55",
            "ticker": "KXHIGHMIA-24NOV07-B82.5",
            "count": 100,
            "created_time": "2024-11-07T14:52:44.100038Z",
            "yes_price": 5,
            "no_price": 95,
            "taker_side": "no"
        },
        {
            "trade_id": "729c8ab5-66af-4433-b0a1-4003662ee794",
            "ticker": "KXHIGHMIA-24NOV07-B82.5",
            "count": 100,
            "created_time": "2024-11-07T14:52:43.669864Z",
            "yes_price": 5,
            "no_price": 95,
            "taker_side": "no"
        },
        {
            "trade_id": "af79de0a-4da2-4b6b-9f26-cd54c1317954",
            "ticker": "KXHIGHMIA-24NOV07-B82.5",
            "count": 100,
            "created_time": "2024-11-07T14:52:43.322494Z",
            "yes_price": 5,
            "no_price": 95,
            "taker_side": "no"
        },
        {
            "trade_id": "7aa49879-bc28-47a2-919d-22eeb546421a",
            "ticker": "KXHIGHMIA-24NOV07-B82.5",
            "count": 100,
            "created_time": "2024-11-07T14:52:43.009772Z",
            "yes_price": 5,
            "no_price": 95,
            "taker_side": "no"
        },
        {
            "trade_id": "16985b75-bcb6-420b-a54b-3f9ab2751fc2",
            "ticker": "KXHIGHMIA-24NOV07-B82.5",
            "count": 100,
            "created_time": "2024-11-07T14:52:42.658835Z",
            "yes_price": 5,
            "no_price": 95,
            "taker_side": "no"
        },
        {
            "trade_id": "6a363006-fcbb-4e1a-aea4-1eea54d59b63",
            "ticker": "KXHIGHMIA-24NOV07-B82.5",
            "count": 100,
            "created_time": "2024-11-07T14:52:41.936692Z",
            "yes_price": 5,
            "no_price": 95,
            "taker_side": "no"
        },
        {
            "trade_id": "b2d9589f-aa66-4da4-b334-45003a872a10",
            "ticker": "KXHIGHMIA-24NOV07-B82.5",
            "count": 100,
            "created_time": "2024-11-07T14:52:40.646163Z",
            "yes_price": 5,
            "no_price": 95,
            "taker_side": "no"
        },
        {
            "trade_id": "0da25c65-f3de-41d1-97b6-4a0709ae3551",
            "ticker": "KXHIGHMIA-24NOV07-B82.5",
            "count": 100,
            "created_time": "2024-11-07T14:46:12.253512Z",
            "yes_price": 5,
            "no_price": 95,
            "taker_side": "no"
        },
        {
            "trade_id": "40d29d9d-849d-4c90-8649-933234086820",
            "ticker": "KXHIGHMIA-24NOV07-B82.5",
            "count": 54,
            "created_time": "2024-11-07T14:42:24.90412Z",
            "yes_price": 14,
            "no_price": 86,
            "taker_side": "yes"
        },
        {
            "trade_id": "1c1d57d2-d37c-4d75-88b2-f0cd43ebb41d",
            "ticker": "KXHIGHMIA-24NOV07-B82.5",
            "count": 86,
            "created_time": "2024-11-07T14:42:24.90412Z",
            "yes_price": 13,
            "no_price": 87,
            "taker_side": "yes"
        },
        {
            "trade_id": "82dbe612-fda7-47b2-88fc-8e8c44fbbead",
            "ticker": "KXHIGHMIA-24NOV07-B82.5",
            "count": 14,
            "created_time": "2024-11-07T14:40:21.569544Z",
            "yes_price": 12,
            "no_price": 88,
            "taker_side": "yes"
        },
        {
            "trade_id": "7147d2d7-01f1-4392-9ef5-3db5dcea9f2c",
            "ticker": "KXHIGHMIA-24NOV07-B82.5",
            "count": 25,
            "created_time": "2024-11-07T14:40:21.569544Z",
            "yes_price": 12,
            "no_price": 88,
            "taker_side": "yes"
        },
        {
            "trade_id": "fec1f414-8d22-42c2-915a-f130d9a693a1",
            "ticker": "KXHIGHMIA-24NOV07-B82.5",
            "count": 90,
            "created_time": "2024-11-07T14:39:09.826695Z",
            "yes_price": 16,
            "no_price": 84,
            "taker_side": "yes"
        },
        {
            "trade_id": "95c2acc7-f16e-43fe-8bbf-0c7b106e8481",
            "ticker": "KXHIGHMIA-24NOV07-B82.5",
            "count": 80,
            "created_time": "2024-11-07T14:39:09.826695Z",
            "yes_price": 14,
            "no_price": 86,
            "taker_side": "yes"
        },
        {
            "trade_id": "3620577a-a626-489f-93a2-3c601e4e55ad",
            "ticker": "KXHIGHMIA-24NOV07-B82.5",
            "count": 20,
            "created_time": "2024-11-07T14:39:09.826695Z",
            "yes_price": 13,
            "no_price": 87,
            "taker_side": "yes"
        },
        {
            "trade_id": "c2f6374b-b380-4eeb-b723-0f4ada5801e2",
            "ticker": "KXHIGHMIA-24NOV07-B82.5",
            "count": 33,
            "created_time": "2024-11-07T14:38:00.591523Z",
            "yes_price": 7,
            "no_price": 93,
            "taker_side": "yes"
        },
        {
            "trade_id": "17e7f288-e817-45c7-a31f-a4eca817fa2c",
            "ticker": "KXHIGHMIA-24NOV07-B82.5",
            "count": 33,
            "created_time": "2024-11-07T14:38:00.591523Z",
            "yes_price": 7,
            "no_price": 93,
            "taker_side": "yes"
        },
        {
            "trade_id": "604fce4a-5efc-4bdf-a85f-a6f4926f3127",
            "ticker": "KXHIGHMIA-24NOV07-B82.5",
            "count": 67,
            "created_time": "2024-11-07T14:37:14.377914Z",
            "yes_price": 7,
            "no_price": 93,
            "taker_side": "yes"
        },
        {
            "trade_id": "4036b1fe-58aa-45b0-add9-b6d98a6b709e",
            "ticker": "KXHIGHMIA-24NOV07-B82.5",
            "count": 67,
            "created_time": "2024-11-07T14:37:06.31212Z",
            "yes_price": 7,
            "no_price": 93,
            "taker_side": "yes"
        },
        {
            "trade_id": "d4459582-8f03-4ec8-ab30-780e73b95d56",
            "ticker": "KXHIGHMIA-24NOV07-B82.5",
            "count": 32,
            "created_time": "2024-11-07T14:36:38.452673Z",
            "yes_price": 17,
            "no_price": 83,
            "taker_side": "yes"
        },
        {
            "trade_id": "b7a739fb-bfd8-425a-8e5e-864e9c4d0c39",
            "ticker": "KXHIGHMIA-24NOV07-B82.5",
            "count": 1,
            "created_time": "2024-11-07T14:36:38.452673Z",
            "yes_price": 16,
            "no_price": 84,
            "taker_side": "yes"
        },
        {
            "trade_id": "f5a3eab0-ae61-48a9-8afe-4af91cfae5eb",
            "ticker": "KXHIGHMIA-24NOV07-B82.5",
            "count": 4,
            "created_time": "2024-11-07T14:32:50.322588Z",
            "yes_price": 4,
            "no_price": 96,
            "taker_side": "no"
        },
        {
            "trade_id": "b6eb707e-bdb5-4928-bfa2-7a2d630bea48",
            "ticker": "KXHIGHMIA-24NOV07-B82.5",
            "count": 72,
            "created_time": "2024-11-07T14:32:50.313497Z",
            "yes_price": 4,
            "no_price": 96,
            "taker_side": "no"
        },
        {
            "trade_id": "77f8a4cf-867a-4b73-8a62-053ee4935ad7",
            "ticker": "KXHIGHMIA-24NOV07-B82.5",
            "count": 20,
            "created_time": "2024-11-07T14:32:50.313497Z",
            "yes_price": 4,
            "no_price": 96,
            "taker_side": "no"
        },
        {
            "trade_id": "110885f1-b000-462c-a768-4036f1be2dda",
            "ticker": "KXHIGHMIA-24NOV07-B82.5",
            "count": 4,
            "created_time": "2024-11-07T14:32:50.291722Z",
            "yes_price": 4,
            "no_price": 96,
            "taker_side": "no"
        },
        {
            "trade_id": "4b8b1d0c-d95c-495c-9752-78b39f63ad4d",
            "ticker": "KXHIGHMIA-24NOV07-B82.5",
            "count": 11,
            "created_time": "2024-11-07T14:32:36.008252Z",
            "yes_price": 4,
            "no_price": 96,
            "taker_side": "no"
        },
        {
            "trade_id": "a9a66aff-bcf6-410f-a69f-9d918d9aab0d",
            "ticker": "KXHIGHMIA-24NOV07-B82.5",
            "count": 11,
            "created_time": "2024-11-07T14:32:35.997086Z",
            "yes_price": 4,
            "no_price": 96,
            "taker_side": "no"
        },
        {
            "trade_id": "c07977b6-911c-42af-b77c-cb5bf9e67a28",
            "ticker": "KXHIGHMIA-24NOV07-B82.5",
            "count": 2,
            "created_time": "2024-11-07T14:13:29.083373Z",
            "yes_price": 4,
            "no_price": 96,
            "taker_side": "no"
        },
        {
            "trade_id": "6b3dff02-0771-400e-8b0e-61efc875e679",
            "ticker": "KXHIGHMIA-24NOV07-B82.5",
            "count": 3,
            "created_time": "2024-11-07T14:02:10.464658Z",
            "yes_price": 11,
            "no_price": 89,
            "taker_side": "yes"
        },
        {
            "trade_id": "524423b1-c8b8-4a72-8ec1-2b5afe70d9ba",
            "ticker": "KXHIGHMIA-24NOV07-B82.5",
            "count": 45,
            "created_time": "2024-11-07T14:02:10.464658Z",
            "yes_price": 17,
            "no_price": 83,
            "taker_side": "yes"
        },
        {
            "trade_id": "4790ed6d-5522-4fd4-a793-f41a37cb7303",
            "ticker": "KXHIGHMIA-24NOV07-B82.5",
            "count": 11,
            "created_time": "2024-11-07T14:02:10.464658Z",
            "yes_price": 9,
            "no_price": 91,
            "taker_side": "yes"
        },
        {
            "trade_id": "06686e50-a98d-4f85-aa46-1f229ef17692",
            "ticker": "KXHIGHMIA-24NOV07-B82.5",
            "count": 3,
            "created_time": "2024-11-07T14:02:10.464658Z",
            "yes_price": 10,
            "no_price": 90,
            "taker_side": "yes"
        },
        {
            "trade_id": "8657a1c6-1c59-4354-bf2f-b2ea8ab09d7b",
            "ticker": "KXHIGHMIA-24NOV07-B82.5",
            "count": 20,
            "created_time": "2024-11-07T13:55:27.424744Z",
            "yes_price": 3,
            "no_price": 97,
            "taker_side": "no"
        },
        {
            "trade_id": "d505bd13-b17a-4e5b-8ea8-9ccd38f73f01",
            "ticker": "KXHIGHMIA-24NOV07-B82.5",
            "count": 1,
            "created_time": "2024-11-07T13:46:26.313554Z",
            "yes_price": 3,
            "no_price": 97,
            "taker_side": "no"
        },
        {
            "trade_id": "ce42e380-d58e-4b79-aaff-33285d906c73",
            "ticker": "KXHIGHMIA-24NOV07-B82.5",
            "count": 17,
            "created_time": "2024-11-07T13:46:26.313554Z",
            "yes_price": 2,
            "no_price": 98,
            "taker_side": "no"
        },
        {
            "trade_id": "d2034449-bab0-43c3-a20b-046267a301a7",
            "ticker": "KXHIGHMIA-24NOV07-B82.5",
            "count": 5,
            "created_time": "2024-11-07T13:46:03.973459Z",
            "yes_price": 4,
            "no_price": 96,
            "taker_side": "no"
        },
        {
            "trade_id": "af0bd1b6-417a-4563-b205-022dd72d83d3",
            "ticker": "KXHIGHMIA-24NOV07-B82.5",
            "count": 25,
            "created_time": "2024-11-07T13:39:27.425175Z",
            "yes_price": 4,
            "no_price": 96,
            "taker_side": "no"
        },
        {
            "trade_id": "eacfa2c2-0c3b-43f5-889d-d0d08c68565e",
            "ticker": "KXHIGHMIA-24NOV07-B82.5",
            "count": 15,
            "created_time": "2024-11-07T13:35:17.287379Z",
            "yes_price": 17,
            "no_price": 83,
            "taker_side": "yes"
        },
        {
            "trade_id": "defdacab-4615-4596-8d7a-4bee2d13c91c",
            "ticker": "KXHIGHMIA-24NOV07-B82.5",
            "count": 100,
            "created_time": "2024-11-07T13:35:17.287379Z",
            "yes_price": 18,
            "no_price": 82,
            "taker_side": "yes"
        },
        {
            "trade_id": "b4b22b4b-8c6d-4ca4-a91c-fa9d8cae514b",
            "ticker": "KXHIGHMIA-24NOV07-B82.5",
            "count": 50,
            "created_time": "2024-11-07T13:35:17.287379Z",
            "yes_price": 17,
            "no_price": 83,
            "taker_side": "yes"
        },
        {
            "trade_id": "8332b588-bdf0-4afe-8893-f2c2963ccb1a",
            "ticker": "KXHIGHMIA-24NOV07-B82.5",
            "count": 43,
            "created_time": "2024-11-07T13:35:17.287379Z",
            "yes_price": 20,
            "no_price": 80,
            "taker_side": "yes"
        },
        {
            "trade_id": "41f88993-6615-4409-9891-3e23abdca3ac",
            "ticker": "KXHIGHMIA-24NOV07-B82.5",
            "count": 50,
            "created_time": "2024-11-07T13:35:17.287379Z",
            "yes_price": 19,
            "no_price": 81,
            "taker_side": "yes"
        },
        {
            "trade_id": "5c434c68-fa7d-4c14-809d-e686a00fc9d1",
            "ticker": "KXHIGHMIA-24NOV07-B82.5",
            "count": 15,
            "created_time": "2024-11-07T13:31:18.049072Z",
            "yes_price": 4,
            "no_price": 96,
            "taker_side": "no"
        },
        {
            "trade_id": "93ea49cb-953f-4035-b9d8-a55dcf8c72e7",
            "ticker": "KXHIGHMIA-24NOV07-B82.5",
            "count": 3,
            "created_time": "2024-11-07T13:30:54.394626Z",
            "yes_price": 4,
            "no_price": 96,
            "taker_side": "no"
        },
        {
            "trade_id": "90db7c5c-5b7e-49c6-a7cd-575f85e27e0e",
            "ticker": "KXHIGHMIA-24NOV07-B82.5",
            "count": 5,
            "created_time": "2024-11-07T13:30:34.877841Z",
            "yes_price": 4,
            "no_price": 96,
            "taker_side": "no"
        },
        {
            "trade_id": "ab49d703-2ea9-49f8-82de-69c5cbb6c769",
            "ticker": "KXHIGHMIA-24NOV07-B82.5",
            "count": 5,
            "created_time": "2024-11-07T13:30:23.281419Z",
            "yes_price": 17,
            "no_price": 83,
            "taker_side": "yes"
        },
        {
            "trade_id": "674056ee-98db-451d-a380-94fea89d9ba5",
            "ticker": "KXHIGHMIA-24NOV07-B82.5",
            "count": 2,
            "created_time": "2024-11-07T13:30:14.497828Z",
            "yes_price": 4,
            "no_price": 96,
            "taker_side": "no"
        },
        {
            "trade_id": "5aab7a84-c888-4bdf-83ca-65d9bc6d0de3",
            "ticker": "KXHIGHMIA-24NOV07-B82.5",
            "count": 5,
            "created_time": "2024-11-07T13:30:02.555947Z",
            "yes_price": 4,
            "no_price": 96,
            "taker_side": "no"
        },
        {
            "trade_id": "9d174327-be44-4efe-93aa-64ed404163ac",
            "ticker": "KXHIGHMIA-24NOV07-B82.5",
            "count": 1,
            "created_time": "2024-11-07T13:15:24.550737Z",
            "yes_price": 33,
            "no_price": 67,
            "taker_side": "yes"
        },
        {
            "trade_id": "e3686f19-8666-4dab-8721-94e9c9956292",
            "ticker": "KXHIGHMIA-24NOV07-B82.5",
            "count": 43,
            "created_time": "2024-11-07T13:09:01.892017Z",
            "yes_price": 40,
            "no_price": 60,
            "taker_side": "yes"
        },
        {
            "trade_id": "1270668d-5ba2-4ea1-8647-8eca316848bf",
            "ticker": "KXHIGHMIA-24NOV07-B82.5",
            "count": 4,
            "created_time": "2024-11-07T13:09:01.892017Z",
            "yes_price": 40,
            "no_price": 60,
            "taker_side": "yes"
        },
        {
            "trade_id": "841c9612-79b6-4254-b62b-69b37fef4d6c",
            "ticker": "KXHIGHMIA-24NOV07-B82.5",
            "count": 32,
            "created_time": "2024-11-07T13:05:53.612984Z",
            "yes_price": 3,
            "no_price": 97,
            "taker_side": "no"
        },
        {
            "trade_id": "5d44f332-49b5-4be2-b07c-2eca6eb5f212",
            "ticker": "KXHIGHMIA-24NOV07-B82.5",
            "count": 11,
            "created_time": "2024-11-07T13:04:48.337931Z",
            "yes_price": 13,
            "no_price": 87,
            "taker_side": "no"
        },
        {
            "trade_id": "3a608919-5f4e-4e3a-9877-93ec1b17583d",
            "ticker": "KXHIGHMIA-24NOV07-B82.5",
            "count": 24,
            "created_time": "2024-11-07T13:04:18.929358Z",
            "yes_price": 13,
            "no_price": 87,
            "taker_side": "no"
        },
        {
            "trade_id": "f49df458-76f3-46a9-8abd-a088bcd86d81",
            "ticker": "KXHIGHMIA-24NOV07-B82.5",
            "count": 24,
            "created_time": "2024-11-07T13:02:33.103841Z",
            "yes_price": 13,
            "no_price": 87,
            "taker_side": "no"
        },
        {
            "trade_id": "cfba0485-7292-4f43-9cfc-0d6b42710d3d",
            "ticker": "KXHIGHMIA-24NOV07-B82.5",
            "count": 21,
            "created_time": "2024-11-07T13:00:20.8849Z",
            "yes_price": 13,
            "no_price": 87,
            "taker_side": "no"
        },
        {
            "trade_id": "0b6ae408-6537-4587-b66f-8951dacb863e",
            "ticker": "KXHIGHMIA-24NOV07-B82.5",
            "count": 57,
            "created_time": "2024-11-07T13:00:20.8849Z",
            "yes_price": 14,
            "no_price": 86,
            "taker_side": "no"
        },
        {
            "trade_id": "7017d8d4-ed24-4659-81c1-2a3c1be3ed27",
            "ticker": "KXHIGHMIA-24NOV07-B82.5",
            "count": 3,
            "created_time": "2024-11-07T12:46:54.501863Z",
            "yes_price": 64,
            "no_price": 36,
            "taker_side": "yes"
        },
        {
            "trade_id": "3a8a9873-a729-4af7-b644-20fa69d706cc",
            "ticker": "KXHIGHMIA-24NOV07-B82.5",
            "count": 52,
            "created_time": "2024-11-07T12:46:54.501863Z",
            "yes_price": 42,
            "no_price": 58,
            "taker_side": "yes"
        },
        {
            "trade_id": "482eb120-e5d0-4e46-8685-fae4d5e873b9",
            "ticker": "KXHIGHMIA-24NOV07-B82.5",
            "count": 26,
            "created_time": "2024-11-07T12:23:59.586496Z",
            "yes_price": 36,
            "no_price": 64,
            "taker_side": "yes"
        },
        {
            "trade_id": "e3a2bb3e-bdec-42f9-a23b-d49ba0c965bd",
            "ticker": "KXHIGHMIA-24NOV07-B82.5",
            "count": 26,
            "created_time": "2024-11-07T11:57:51.74696Z",
            "yes_price": 21,
            "no_price": 79,
            "taker_side": "yes"
        },
        {
            "trade_id": "bdb447f1-817b-4d88-b0eb-cccea10f156d",
            "ticker": "KXHIGHMIA-24NOV07-B82.5",
            "count": 1,
            "created_time": "2024-11-07T11:57:51.74696Z",
            "yes_price": 22,
            "no_price": 78,
            "taker_side": "yes"
        },
        {
            "trade_id": "66376c03-685e-44c8-a239-06ec1e8afbbc",
            "ticker": "KXHIGHMIA-24NOV07-B82.5",
            "count": 5,
            "created_time": "2024-11-07T11:57:51.74696Z",
            "yes_price": 35,
            "no_price": 65,
            "taker_side": "yes"
        },
        {
            "trade_id": "eaca5adf-46a7-4ff9-94c7-e04f1ecada46",
            "ticker": "KXHIGHMIA-24NOV07-B82.5",
            "count": 9,
            "created_time": "2024-11-07T11:40:18.195497Z",
            "yes_price": 21,
            "no_price": 79,
            "taker_side": "yes"
        },
        {
            "trade_id": "8673ec64-bdc3-4751-b3bf-8e921e8abc65",
            "ticker": "KXHIGHMIA-24NOV07-B82.5",
            "count": 79,
            "created_time": "2024-11-07T09:11:59.249759Z",
            "yes_price": 13,
            "no_price": 87,
            "taker_side": "no"
        },
        {
            "trade_id": "a994c8ce-d4b7-427f-b831-ce7c9c84e132",
            "ticker": "KXHIGHMIA-24NOV07-B82.5",
            "count": 1,
            "created_time": "2024-11-07T09:04:09.403836Z",
            "yes_price": 19,
            "no_price": 81,
            "taker_side": "no"
        },
        {
            "trade_id": "3da6279e-f063-4156-b7bf-4fcbed8c8da6",
            "ticker": "KXHIGHMIA-24NOV07-B82.5",
            "count": 3,
            "created_time": "2024-11-07T09:04:09.403836Z",
            "yes_price": 14,
            "no_price": 86,
            "taker_side": "no"
        },
        {
            "trade_id": "954a8b7f-c562-4bcd-aca9-bfef4166829c",
            "ticker": "KXHIGHMIA-24NOV07-B82.5",
            "count": 1,
            "created_time": "2024-11-07T09:00:58.776492Z",
            "yes_price": 21,
            "no_price": 79,
            "taker_side": "yes"
        },
        {
            "trade_id": "0757c806-eb2a-4d4a-b31c-9f8a7c2ccc0c",
            "ticker": "KXHIGHMIA-24NOV07-B82.5",
            "count": 3,
            "created_time": "2024-11-07T09:00:58.776492Z",
            "yes_price": 21,
            "no_price": 79,
            "taker_side": "yes"
        },
        {
            "trade_id": "760019af-8022-4f33-be25-0765391b25a5",
            "ticker": "KXHIGHMIA-24NOV07-B82.5",
            "count": 8,
            "created_time": "2024-11-07T07:10:05.336435Z",
            "yes_price": 18,
            "no_price": 82,
            "taker_side": "no"
        },
        {
            "trade_id": "aff9fdca-0565-4f65-9e30-2df9759f240a",
            "ticker": "KXHIGHMIA-24NOV07-B82.5",
            "count": 8,
            "created_time": "2024-11-07T07:10:05.048135Z",
            "yes_price": 18,
            "no_price": 82,
            "taker_side": "no"
        },
        {
            "trade_id": "bfcc931e-33ec-4f72-9a33-365d088ab421",
            "ticker": "KXHIGHMIA-24NOV07-B82.5",
            "count": 1,
            "created_time": "2024-11-07T07:08:53.362701Z",
            "yes_price": 18,
            "no_price": 82,
            "taker_side": "no"
        },
        {
            "trade_id": "8553b8f4-84b1-4f65-b144-4bc6f73c6a0b",
            "ticker": "KXHIGHMIA-24NOV07-B82.5",
            "count": 10,
            "created_time": "2024-11-07T07:08:53.135838Z",
            "yes_price": 17,
            "no_price": 83,
            "taker_side": "no"
        },
        {
            "trade_id": "cce23fef-8cbe-4bff-af39-1a8468fa7260",
            "ticker": "KXHIGHMIA-24NOV07-B82.5",
            "count": 5,
            "created_time": "2024-11-07T07:08:52.619998Z",
            "yes_price": 17,
            "no_price": 83,
            "taker_side": "no"
        },
        {
            "trade_id": "d3decac3-e185-4d27-87fb-f9f57d24a9c1",
            "ticker": "KXHIGHMIA-24NOV07-B82.5",
            "count": 31,
            "created_time": "2024-11-07T07:06:34.837263Z",
            "yes_price": 17,
            "no_price": 83,
            "taker_side": "no"
        },
        {
            "trade_id": "980d4c5f-6ebd-48f3-bc05-43eb0377990d",
            "ticker": "KXHIGHMIA-24NOV07-B82.5",
            "count": 7,
            "created_time": "2024-11-07T07:06:34.614065Z",
            "yes_price": 17,
            "no_price": 83,
            "taker_side": "no"
        },
        {
            "trade_id": "9919ba64-4c95-4b64-9fe5-cf66d24091bd",
            "ticker": "KXHIGHMIA-24NOV07-B82.5",
            "count": 6,
            "created_time": "2024-11-07T07:06:33.986208Z",
            "yes_price": 17,
            "no_price": 83,
            "taker_side": "no"
        },
        {
            "trade_id": "1a1cc25a-d05a-4883-a600-a547a1f12a9d",
            "ticker": "KXHIGHMIA-24NOV07-B82.5",
            "count": 6,
            "created_time": "2024-11-07T07:06:33.635371Z",
            "yes_price": 17,
            "no_price": 83,
            "taker_side": "no"
        },
        {
            "trade_id": "0ebfe9a9-f995-4cc9-b920-6bd99265169f",
            "ticker": "KXHIGHMIA-24NOV07-B82.5",
            "count": 1,
            "created_time": "2024-11-07T06:39:11.134856Z",
            "yes_price": 16,
            "no_price": 84,
            "taker_side": "no"
        },
        {
            "trade_id": "ff455db0-0482-436b-bb2d-aea681132683",
            "ticker": "KXHIGHMIA-24NOV07-B82.5",
            "count": 65,
            "created_time": "2024-11-07T06:34:04.80005Z",
            "yes_price": 30,
            "no_price": 70,
            "taker_side": "yes"
        },
        {
            "trade_id": "f255d30c-8a71-40e9-8bf3-dac5cf9d167d",
            "ticker": "KXHIGHMIA-24NOV07-B82.5",
            "count": 59,
            "created_time": "2024-11-07T06:34:04.80005Z",
            "yes_price": 89,
            "no_price": 11,
            "taker_side": "yes"
        },
        {
            "trade_id": "e331ac60-141a-412d-a522-153fef925aa3",
            "ticker": "KXHIGHMIA-24NOV07-B82.5",
            "count": 160,
            "created_time": "2024-11-07T06:34:04.80005Z",
            "yes_price": 88,
            "no_price": 12,
            "taker_side": "yes"
        },
        {
            "trade_id": "d6451002-5f85-4e45-9d75-1e3933c76075",
            "ticker": "KXHIGHMIA-24NOV07-B82.5",
            "count": 3,
            "created_time": "2024-11-07T06:34:04.80005Z",
            "yes_price": 58,
            "no_price": 42,
            "taker_side": "yes"
        },
        {
            "trade_id": "d5560970-017b-42ae-900a-43b421504267",
            "ticker": "KXHIGHMIA-24NOV07-B82.5",
            "count": 79,
            "created_time": "2024-11-07T06:34:04.80005Z",
            "yes_price": 28,
            "no_price": 72,
            "taker_side": "yes"
        },
        {
            "trade_id": "b0152832-e849-4276-87d1-f66c8cb76575",
            "ticker": "KXHIGHMIA-24NOV07-B82.5",
            "count": 44,
            "created_time": "2024-11-07T06:34:04.80005Z",
            "yes_price": 19,
            "no_price": 81,
            "taker_side": "yes"
        },
        {
            "trade_id": "aaaf02ed-6dd4-4ea4-aef9-6df07822080f",
            "ticker": "KXHIGHMIA-24NOV07-B82.5",
            "count": 2,
            "created_time": "2024-11-07T06:20:02.850897Z",
            "yes_price": 29,
            "no_price": 71,
            "taker_side": "yes"
        },
        {
            "trade_id": "6be72021-111e-44a1-b0b7-748c2ed1350f",
            "ticker": "KXHIGHMIA-24NOV07-B82.5",
            "count": 80,
            "created_time": "2024-11-07T06:20:02.850897Z",
            "yes_price": 27,
            "no_price": 73,
            "taker_side": "yes"
        },
        {
            "trade_id": "0daa201b-35e6-4f83-8c6b-dd61d7e615c4",
            "ticker": "KXHIGHMIA-24NOV07-B82.5",
            "count": 84,
            "created_time": "2024-11-07T06:20:02.850897Z",
            "yes_price": 30,
            "no_price": 70,
            "taker_side": "yes"
        },
        {
            "trade_id": "f0d91076-d53d-4a40-b0a8-89db55b06d1b",
            "ticker": "KXHIGHMIA-24NOV07-B82.5",
            "count": 80,
            "created_time": "2024-11-07T06:12:41.181919Z",
            "yes_price": 2,
            "no_price": 98,
            "taker_side": "no"
        },
        {
            "trade_id": "bb791730-7f8b-4720-9b06-954a50758e6d",
            "ticker": "KXHIGHMIA-24NOV07-B82.5",
            "count": 80,
            "created_time": "2024-11-07T06:12:41.181919Z",
            "yes_price": 2,
            "no_price": 98,
            "taker_side": "no"
        },
        {
            "trade_id": "a49e9b53-f4e1-4404-ac44-5daca6a90b7c",
            "ticker": "KXHIGHMIA-24NOV07-B82.5",
            "count": 200,
            "created_time": "2024-11-07T06:12:41.181919Z",
            "yes_price": 12,
            "no_price": 88,
            "taker_side": "no"
        },
        {
            "trade_id": "9932fc79-bc51-465d-8009-b4539cf51ab2",
            "ticker": "KXHIGHMIA-24NOV07-B82.5",
            "count": 80,
            "created_time": "2024-11-07T06:12:41.181919Z",
            "yes_price": 3,
            "no_price": 97,
            "taker_side": "no"
        },
        {
            "trade_id": "3f40b4d4-d8bd-47f4-9e11-98d3d1ba425e",
            "ticker": "KXHIGHMIA-24NOV07-B82.5",
            "count": 79,
            "created_time": "2024-11-07T06:12:41.181919Z",
            "yes_price": 1,
            "no_price": 99,
            "taker_side": "no"
        },
        {
            "trade_id": "36c2373f-e40d-4e70-b10a-0e0e6b885076",
            "ticker": "KXHIGHMIA-24NOV07-B82.5",
            "count": 6,
            "created_time": "2024-11-07T06:12:41.181919Z",
            "yes_price": 13,
            "no_price": 87,
            "taker_side": "no"
        },
        {
            "trade_id": "c015dfd8-61e8-4fa6-acca-2926042fc460",
            "ticker": "KXHIGHMIA-24NOV07-B82.5",
            "count": 4,
            "created_time": "2024-11-07T06:11:29.369377Z",
            "yes_price": 29,
            "no_price": 71,
            "taker_side": "yes"
        },
        {
            "trade_id": "ab6c3476-6b91-426f-a8f3-09c866105d2a",
            "ticker": "KXHIGHMIA-24NOV07-B82.5",
            "count": 1,
            "created_time": "2024-11-07T06:08:57.879867Z",
            "yes_price": 29,
            "no_price": 71,
            "taker_side": "yes"
        },
        {
            "trade_id": "8a74a4cf-1662-40eb-851b-cd77e3766d51",
            "ticker": "KXHIGHMIA-24NOV07-B82.5",
            "count": 6,
            "created_time": "2024-11-07T06:03:40.897642Z",
            "yes_price": 30,
            "no_price": 70,
            "taker_side": "yes"
        },
        {
            "trade_id": "328ef80b-a9d7-447a-ba04-a29189d67583",
            "ticker": "KXHIGHMIA-24NOV07-B82.5",
            "count": 5,
            "created_time": "2024-11-07T05:59:04.278341Z",
            "yes_price": 13,
            "no_price": 87,
            "taker_side": "no"
        },
        {
            "trade_id": "737efb8f-ddb9-4390-b2d8-ffda769bdcd1",
            "ticker": "KXHIGHMIA-24NOV07-B82.5",
            "count": 17,
            "created_time": "2024-11-07T05:50:51.675516Z",
            "yes_price": 30,
            "no_price": 70,
            "taker_side": "yes"
        },
        {
            "trade_id": "39c10fd4-13eb-44c9-8c7c-8793a48a272f",
            "ticker": "KXHIGHMIA-24NOV07-B82.5",
            "count": 5,
            "created_time": "2024-11-07T05:50:51.675516Z",
            "yes_price": 29,
            "no_price": 71,
            "taker_side": "yes"
        },
        {
            "trade_id": "f261e893-b126-48a0-892d-20f1acb21abd",
            "ticker": "KXHIGHMIA-24NOV07-B82.5",
            "count": 22,
            "created_time": "2024-11-07T05:32:31.273901Z",
            "yes_price": 30,
            "no_price": 70,
            "taker_side": "yes"
        },
        {
            "trade_id": "27b0d735-10c8-4d44-be5b-442fe307d1d8",
            "ticker": "KXHIGHMIA-24NOV07-B82.5",
            "count": 5,
            "created_time": "2024-11-07T05:32:31.273901Z",
            "yes_price": 29,
            "no_price": 71,
            "taker_side": "yes"
        },
        {
            "trade_id": "0cf383c3-ae43-4dc8-925c-ad54188189a3",
            "ticker": "KXHIGHMIA-24NOV07-B82.5",
            "count": 5,
            "created_time": "2024-11-07T05:32:31.273901Z",
            "yes_price": 28,
            "no_price": 72,
            "taker_side": "yes"
        },
        {
            "trade_id": "14e64926-0e4d-4b09-9eba-64b842c67483",
            "ticker": "KXHIGHMIA-24NOV07-B82.5",
            "count": 4,
            "created_time": "2024-11-07T05:10:00.483409Z",
            "yes_price": 13,
            "no_price": 87,
            "taker_side": "no"
        },
        {
            "trade_id": "c283024f-3ba4-44eb-8bb3-d231672d69ce",
            "ticker": "KXHIGHMIA-24NOV07-B82.5",
            "count": 5,
            "created_time": "2024-11-07T05:07:08.443973Z",
            "yes_price": 29,
            "no_price": 71,
            "taker_side": "yes"
        },
        {
            "trade_id": "64c03b60-77c1-44fa-ab53-e14f025e41d9",
            "ticker": "KXHIGHMIA-24NOV07-B82.5",
            "count": 6,
            "created_time": "2024-11-07T05:07:08.443973Z",
            "yes_price": 30,
            "no_price": 70,
            "taker_side": "yes"
        },
        {
            "trade_id": "4820787c-cbeb-4997-b513-55fcffe5d983",
            "ticker": "KXHIGHMIA-24NOV07-B82.5",
            "count": 5,
            "created_time": "2024-11-07T05:07:08.443973Z",
            "yes_price": 28,
            "no_price": 72,
            "taker_side": "yes"
        },
        {
            "trade_id": "bbffec2a-c470-4983-b43f-66a0e3990b61",
            "ticker": "KXHIGHMIA-24NOV07-B82.5",
            "count": 5,
            "created_time": "2024-11-07T04:12:55.763894Z",
            "yes_price": 16,
            "no_price": 84,
            "taker_side": "no"
        },
        {
            "trade_id": "53a8ad2f-12eb-4e79-9954-654fc0aba4f7",
            "ticker": "KXHIGHMIA-24NOV07-B82.5",
            "count": 20,
            "created_time": "2024-11-07T04:12:55.763894Z",
            "yes_price": 15,
            "no_price": 85,
            "taker_side": "no"
        },
        {
            "trade_id": "2b43941e-a8b0-4533-a1b1-947d7e076c9f",
            "ticker": "KXHIGHMIA-24NOV07-B82.5",
            "count": 1,
            "created_time": "2024-11-07T03:42:52.207037Z",
            "yes_price": 16,
            "no_price": 84,
            "taker_side": "no"
        },
        {
            "trade_id": "f9f50211-f6a6-4b0b-a49e-ec448efa0835",
            "ticker": "KXHIGHMIA-24NOV07-B82.5",
            "count": 3,
            "created_time": "2024-11-07T03:20:12.795461Z",
            "yes_price": 26,
            "no_price": 74,
            "taker_side": "yes"
        },
        {
            "trade_id": "11a73701-3db3-44b5-b7ce-bb9a924646bf",
            "ticker": "KXHIGHMIA-24NOV07-B82.5",
            "count": 7,
            "created_time": "2024-11-07T03:19:55.889527Z",
            "yes_price": 26,
            "no_price": 74,
            "taker_side": "yes"
        },
        {
            "trade_id": "ae3bf735-29a4-4166-81b7-8b726244de7d",
            "ticker": "KXHIGHMIA-24NOV07-B82.5",
            "count": 10,
            "created_time": "2024-11-07T03:14:08.792529Z",
            "yes_price": 26,
            "no_price": 74,
            "taker_side": "yes"
        },
        {
            "trade_id": "9cd32fb3-2773-4549-a188-50dbe435f4d5",
            "ticker": "KXHIGHMIA-24NOV07-B82.5",
            "count": 1,
            "created_time": "2024-11-07T00:26:19.186332Z",
            "yes_price": 30,
            "no_price": 70,
            "taker_side": "yes"
        },
        {
            "trade_id": "4ed82951-5ce3-4745-8607-57f03783cd11",
            "ticker": "KXHIGHMIA-24NOV07-B82.5",
            "count": 1,
            "created_time": "2024-11-07T00:26:19.186332Z",
            "yes_price": 29,
            "no_price": 71,
            "taker_side": "yes"
        },
        {
            "trade_id": "26f4f863-e3f5-4648-9ca7-6aaf7d9d4343",
            "ticker": "KXHIGHMIA-24NOV07-B82.5",
            "count": 9,
            "created_time": "2024-11-07T00:26:19.186332Z",
            "yes_price": 95,
            "no_price": 5,
            "taker_side": "yes"
        },
        {
            "trade_id": "5a9634e5-6773-48b7-94d8-573ac1744e63",
            "ticker": "KXHIGHMIA-24NOV07-B82.5",
            "count": 9,
            "created_time": "2024-11-07T00:25:51.233956Z",
            "yes_price": 29,
            "no_price": 71,
            "taker_side": "no"
        },
        {
            "trade_id": "67394654-8a69-4dfa-9a85-64436e24b3b0",
            "ticker": "KXHIGHMIA-24NOV07-B82.5",
            "count": 1,
            "created_time": "2024-11-07T00:25:08.060824Z",
            "yes_price": 29,
            "no_price": 71,
            "taker_side": "yes"
        }
    ],
    "KXHIGHMIA-24NOV07-B84.5": [
        {
            "trade_id": "9b409416-8963-4b89-b3cc-5b7af2692d47",
            "ticker": "KXHIGHMIA-24NOV07-B84.5",
            "count": 7,
            "created_time": "2024-11-08T04:37:27.92535Z",
            "yes_price": 97,
            "no_price": 3,
            "taker_side": "no"
        },
        {
            "trade_id": "975984f3-581b-4d04-b231-c9ccaf1b45d0",
            "ticker": "KXHIGHMIA-24NOV07-B84.5",
            "count": 46,
            "created_time": "2024-11-08T04:29:04.779618Z",
            "yes_price": 98,
            "no_price": 2,
            "taker_side": "no"
        },
        {
            "trade_id": "cadba27e-0d33-4761-b790-19b39f982abe",
            "ticker": "KXHIGHMIA-24NOV07-B84.5",
            "count": 1,
            "created_time": "2024-11-08T04:14:32.717921Z",
            "yes_price": 98,
            "no_price": 2,
            "taker_side": "no"
        },
        {
            "trade_id": "e410be20-c93e-4955-b239-a0e273564190",
            "ticker": "KXHIGHMIA-24NOV07-B84.5",
            "count": 1300,
            "created_time": "2024-11-08T04:07:52.463705Z",
            "yes_price": 98,
            "no_price": 2,
            "taker_side": "no"
        },
        {
            "trade_id": "99fa9d26-9a85-4d0c-b1f7-a76c4bc0059d",
            "ticker": "KXHIGHMIA-24NOV07-B84.5",
            "count": 4,
            "created_time": "2024-11-08T04:07:52.463705Z",
            "yes_price": 99,
            "no_price": 1,
            "taker_side": "no"
        },
        {
            "trade_id": "8969067a-6d8d-41d7-991b-af8dfe0a3752",
            "ticker": "KXHIGHMIA-24NOV07-B84.5",
            "count": 3000,
            "created_time": "2024-11-08T04:07:52.463705Z",
            "yes_price": 99,
            "no_price": 1,
            "taker_side": "no"
        },
        {
            "trade_id": "642a6437-d3f7-4a54-a8e5-6e9af06d8262",
            "ticker": "KXHIGHMIA-24NOV07-B84.5",
            "count": 1165,
            "created_time": "2024-11-08T04:07:52.463705Z",
            "yes_price": 99,
            "no_price": 1,
            "taker_side": "no"
        },
        {
            "trade_id": "57368e20-a705-4275-b531-4569f41e661f",
            "ticker": "KXHIGHMIA-24NOV07-B84.5",
            "count": 1290,
            "created_time": "2024-11-08T04:07:52.463705Z",
            "yes_price": 98,
            "no_price": 2,
            "taker_side": "no"
        },
        {
            "trade_id": "f47e7837-c1f6-4fa9-9f86-c21d781bbb88",
            "ticker": "KXHIGHMIA-24NOV07-B84.5",
            "count": 467,
            "created_time": "2024-11-08T03:21:24.299486Z",
            "yes_price": 99,
            "no_price": 1,
            "taker_side": "no"
        },
        {
            "trade_id": "86f26725-10b9-422c-916c-d1ca24b73219",
            "ticker": "KXHIGHMIA-24NOV07-B84.5",
            "count": 105,
            "created_time": "2024-11-08T03:08:51.518598Z",
            "yes_price": 99,
            "no_price": 1,
            "taker_side": "no"
        },
        {
            "trade_id": "656c1986-0164-4980-99e5-786735512202",
            "ticker": "KXHIGHMIA-24NOV07-B84.5",
            "count": 187,
            "created_time": "2024-11-08T02:25:14.239051Z",
            "yes_price": 99,
            "no_price": 1,
            "taker_side": "no"
        },
        {
            "trade_id": "21401d06-645f-4467-8b92-168099b93a15",
            "ticker": "KXHIGHMIA-24NOV07-B84.5",
            "count": 66,
            "created_time": "2024-11-08T01:09:31.977809Z",
            "yes_price": 99,
            "no_price": 1,
            "taker_side": "no"
        },
        {
            "trade_id": "010c427f-0514-47ae-955e-27b67d372573",
            "ticker": "KXHIGHMIA-24NOV07-B84.5",
            "count": 10,
            "created_time": "2024-11-08T00:57:00.047537Z",
            "yes_price": 99,
            "no_price": 1,
            "taker_side": "no"
        },
        {
            "trade_id": "ec22da27-cfd6-4a88-94ff-53516bb4031f",
            "ticker": "KXHIGHMIA-24NOV07-B84.5",
            "count": 943,
            "created_time": "2024-11-07T23:59:28.816757Z",
            "yes_price": 98,
            "no_price": 2,
            "taker_side": "no"
        },
        {
            "trade_id": "a37b85e8-5521-47d3-8aae-a2509d23d011",
            "ticker": "KXHIGHMIA-24NOV07-B84.5",
            "count": 30,
            "created_time": "2024-11-07T23:59:28.816757Z",
            "yes_price": 98,
            "no_price": 2,
            "taker_side": "no"
        },
        {
            "trade_id": "8b1da80f-96be-4431-bd25-a988f16d47b6",
            "ticker": "KXHIGHMIA-24NOV07-B84.5",
            "count": 3700,
            "created_time": "2024-11-07T23:59:28.816757Z",
            "yes_price": 98,
            "no_price": 2,
            "taker_side": "no"
        },
        {
            "trade_id": "822e5907-a102-499c-b24f-8f2ace894253",
            "ticker": "KXHIGHMIA-24NOV07-B84.5",
            "count": 57,
            "created_time": "2024-11-07T23:55:21.929485Z",
            "yes_price": 98,
            "no_price": 2,
            "taker_side": "no"
        },
        {
            "trade_id": "63603ad7-d0cb-4049-90bd-107361208c1e",
            "ticker": "KXHIGHMIA-24NOV07-B84.5",
            "count": 57,
            "created_time": "2024-11-07T23:55:21.929485Z",
            "yes_price": 98,
            "no_price": 2,
            "taker_side": "no"
        },
        {
            "trade_id": "d5bdf33d-da56-4cc0-b02a-b3e08cab34e8",
            "ticker": "KXHIGHMIA-24NOV07-B84.5",
            "count": 6,
            "created_time": "2024-11-07T23:51:32.546583Z",
            "yes_price": 98,
            "no_price": 2,
            "taker_side": "no"
        },
        {
            "trade_id": "4ade7cbb-1bcd-4bbe-ac60-4d33ffaf795b",
            "ticker": "KXHIGHMIA-24NOV07-B84.5",
            "count": 2,
            "created_time": "2024-11-07T23:50:21.9385Z",
            "yes_price": 98,
            "no_price": 2,
            "taker_side": "no"
        },
        {
            "trade_id": "37724fdf-095f-43d3-b68a-2b91a8c87839",
            "ticker": "KXHIGHMIA-24NOV07-B84.5",
            "count": 7,
            "created_time": "2024-11-07T23:50:21.9385Z",
            "yes_price": 99,
            "no_price": 1,
            "taker_side": "no"
        },
        {
            "trade_id": "133b768c-6ca1-4ca2-8a40-9495a5c16498",
            "ticker": "KXHIGHMIA-24NOV07-B84.5",
            "count": 93,
            "created_time": "2024-11-07T23:33:59.460142Z",
            "yes_price": 99,
            "no_price": 1,
            "taker_side": "no"
        },
        {
            "trade_id": "aac0bbed-7ecf-4f4b-8072-a17c3625f03a",
            "ticker": "KXHIGHMIA-24NOV07-B84.5",
            "count": 11,
            "created_time": "2024-11-07T23:03:18.81118Z",
            "yes_price": 98,
            "no_price": 2,
            "taker_side": "no"
        },
        {
            "trade_id": "da88c92a-7a8d-4923-a567-d7fd4492dab6",
            "ticker": "KXHIGHMIA-24NOV07-B84.5",
            "count": 24,
            "created_time": "2024-11-07T22:58:12.264777Z",
            "yes_price": 98,
            "no_price": 2,
            "taker_side": "no"
        },
        {
            "trade_id": "1eecacf2-f693-4650-a954-5860fb4284fb",
            "ticker": "KXHIGHMIA-24NOV07-B84.5",
            "count": 44,
            "created_time": "2024-11-07T22:58:12.264777Z",
            "yes_price": 99,
            "no_price": 1,
            "taker_side": "no"
        },
        {
            "trade_id": "4e5664be-1793-4d25-a454-cce32e43005d",
            "ticker": "KXHIGHMIA-24NOV07-B84.5",
            "count": 146,
            "created_time": "2024-11-07T22:40:54.004526Z",
            "yes_price": 99,
            "no_price": 1,
            "taker_side": "yes"
        },
        {
            "trade_id": "ce5238d1-5b1b-4eef-a893-b1cae3b04983",
            "ticker": "KXHIGHMIA-24NOV07-B84.5",
            "count": 50,
            "created_time": "2024-11-07T22:15:48.871541Z",
            "yes_price": 98,
            "no_price": 2,
            "taker_side": "yes"
        },
        {
            "trade_id": "5e7343e2-cd52-4c88-928b-297f65142e10",
            "ticker": "KXHIGHMIA-24NOV07-B84.5",
            "count": 31,
            "created_time": "2024-11-07T22:15:48.871541Z",
            "yes_price": 99,
            "no_price": 1,
            "taker_side": "yes"
        },
        {
            "trade_id": "05dcd8ba-dc47-45c5-9bd2-bd69fcdb00aa",
            "ticker": "KXHIGHMIA-24NOV07-B84.5",
            "count": 20,
            "created_time": "2024-11-07T22:15:48.871541Z",
            "yes_price": 99,
            "no_price": 1,
            "taker_side": "yes"
        },
        {
            "trade_id": "89f7696e-7706-4b3f-a5b9-183b94fbd47b",
            "ticker": "KXHIGHMIA-24NOV07-B84.5",
            "count": 88,
            "created_time": "2024-11-07T22:12:06.463536Z",
            "yes_price": 97,
            "no_price": 3,
            "taker_side": "no"
        },
        {
            "trade_id": "4fe609ba-3a79-4e92-97aa-b0e916158ab4",
            "ticker": "KXHIGHMIA-24NOV07-B84.5",
            "count": 224,
            "created_time": "2024-11-07T22:12:06.463536Z",
            "yes_price": 97,
            "no_price": 3,
            "taker_side": "no"
        },
        {
            "trade_id": "eb9b9307-988d-4cf5-8c49-53d81cb9db0d",
            "ticker": "KXHIGHMIA-24NOV07-B84.5",
            "count": 62,
            "created_time": "2024-11-07T22:07:38.340018Z",
            "yes_price": 97,
            "no_price": 3,
            "taker_side": "no"
        },
        {
            "trade_id": "d1c6e0d5-e771-4c4f-a328-4c3c9c830166",
            "ticker": "KXHIGHMIA-24NOV07-B84.5",
            "count": 27,
            "created_time": "2024-11-07T21:45:44.667652Z",
            "yes_price": 97,
            "no_price": 3,
            "taker_side": "no"
        },
        {
            "trade_id": "25237d0b-2dd6-444f-8f67-50f69a76dca9",
            "ticker": "KXHIGHMIA-24NOV07-B84.5",
            "count": 30,
            "created_time": "2024-11-07T21:44:54.455419Z",
            "yes_price": 97,
            "no_price": 3,
            "taker_side": "no"
        },
        {
            "trade_id": "f42c9d45-53be-4239-8bf7-210b718862f5",
            "ticker": "KXHIGHMIA-24NOV07-B84.5",
            "count": 44,
            "created_time": "2024-11-07T21:41:26.826455Z",
            "yes_price": 99,
            "no_price": 1,
            "taker_side": "yes"
        },
        {
            "trade_id": "b65d399f-e2e6-4b81-85ca-7a142f667076",
            "ticker": "KXHIGHMIA-24NOV07-B84.5",
            "count": 40,
            "created_time": "2024-11-07T21:41:26.826455Z",
            "yes_price": 99,
            "no_price": 1,
            "taker_side": "yes"
        },
        {
            "trade_id": "18693540-28e4-4063-868b-a5427e19cc03",
            "ticker": "KXHIGHMIA-24NOV07-B84.5",
            "count": 93,
            "created_time": "2024-11-07T21:39:34.263964Z",
            "yes_price": 97,
            "no_price": 3,
            "taker_side": "no"
        },
        {
            "trade_id": "f9d3d7a9-9eb5-4b54-a88e-d5baebd97ff6",
            "ticker": "KXHIGHMIA-24NOV07-B84.5",
            "count": 5,
            "created_time": "2024-11-07T21:31:17.249644Z",
            "yes_price": 98,
            "no_price": 2,
            "taker_side": "no"
        },
        {
            "trade_id": "44cf7cad-9de6-4773-923b-1a5b57216cb1",
            "ticker": "KXHIGHMIA-24NOV07-B84.5",
            "count": 13,
            "created_time": "2024-11-07T21:31:17.249644Z",
            "yes_price": 96,
            "no_price": 4,
            "taker_side": "no"
        },
        {
            "trade_id": "29e0077b-7782-48fd-a1c9-4045f423f930",
            "ticker": "KXHIGHMIA-24NOV07-B84.5",
            "count": 5,
            "created_time": "2024-11-07T21:30:30.596822Z",
            "yes_price": 98,
            "no_price": 2,
            "taker_side": "yes"
        },
        {
            "trade_id": "dc11cb70-f6a4-4bac-8d79-be3c7d67f6a7",
            "ticker": "KXHIGHMIA-24NOV07-B84.5",
            "count": 20,
            "created_time": "2024-11-07T21:26:08.031967Z",
            "yes_price": 98,
            "no_price": 2,
            "taker_side": "yes"
        },
        {
            "trade_id": "d3c96643-9555-4cbd-bd54-2e080e0d3411",
            "ticker": "KXHIGHMIA-24NOV07-B84.5",
            "count": 15,
            "created_time": "2024-11-07T21:23:39.949625Z",
            "yes_price": 95,
            "no_price": 5,
            "taker_side": "no"
        },
        {
            "trade_id": "d9ea0367-79e2-46ee-a32c-90878185401d",
            "ticker": "KXHIGHMIA-24NOV07-B84.5",
            "count": 42,
            "created_time": "2024-11-07T21:08:44.102984Z",
            "yes_price": 93,
            "no_price": 7,
            "taker_side": "no"
        },
        {
            "trade_id": "d2ea5b35-9e4a-46fa-99f5-938fef8401c6",
            "ticker": "KXHIGHMIA-24NOV07-B84.5",
            "count": 60,
            "created_time": "2024-11-07T21:08:44.102984Z",
            "yes_price": 94,
            "no_price": 6,
            "taker_side": "no"
        },
        {
            "trade_id": "c57560ba-4cee-4682-87d3-db04a3c8520c",
            "ticker": "KXHIGHMIA-24NOV07-B84.5",
            "count": 5,
            "created_time": "2024-11-07T21:05:51.758917Z",
            "yes_price": 92,
            "no_price": 8,
            "taker_side": "no"
        },
        {
            "trade_id": "b723d893-3fc9-4959-b5ef-803117b0cf36",
            "ticker": "KXHIGHMIA-24NOV07-B84.5",
            "count": 61,
            "created_time": "2024-11-07T21:05:51.758917Z",
            "yes_price": 93,
            "no_price": 7,
            "taker_side": "no"
        },
        {
            "trade_id": "a3dc581f-9c13-4a59-a874-fa0377233412",
            "ticker": "KXHIGHMIA-24NOV07-B84.5",
            "count": 30,
            "created_time": "2024-11-07T21:03:47.288895Z",
            "yes_price": 98,
            "no_price": 2,
            "taker_side": "yes"
        },
        {
            "trade_id": "2f907bad-1fab-4a69-abf3-c94e35cfe40d",
            "ticker": "KXHIGHMIA-24NOV07-B84.5",
            "count": 16,
            "created_time": "2024-11-07T21:03:45.47494Z",
            "yes_price": 93,
            "no_price": 7,
            "taker_side": "no"
        },
        {
            "trade_id": "db070ad8-8dec-4cbe-89f0-2007ba7184e8",
            "ticker": "KXHIGHMIA-24NOV07-B84.5",
            "count": 50,
            "created_time": "2024-11-07T20:58:26.016883Z",
            "yes_price": 94,
            "no_price": 6,
            "taker_side": "no"
        },
        {
            "trade_id": "0d83ad1f-e987-4068-aec6-264fde48f7ce",
            "ticker": "KXHIGHMIA-24NOV07-B84.5",
            "count": 50,
            "created_time": "2024-11-07T20:58:26.016883Z",
            "yes_price": 94,
            "no_price": 6,
            "taker_side": "no"
        },
        {
            "trade_id": "b58c7695-ed35-4145-a698-402835b1c80c",
            "ticker": "KXHIGHMIA-24NOV07-B84.5",
            "count": 10,
            "created_time": "2024-11-07T20:56:41.271194Z",
            "yes_price": 97,
            "no_price": 3,
            "taker_side": "yes"
        },
        {
            "trade_id": "0c35adad-18d1-4d70-9bfa-2bc64e5ae414",
            "ticker": "KXHIGHMIA-24NOV07-B84.5",
            "count": 50,
            "created_time": "2024-11-07T20:43:02.128958Z",
            "yes_price": 94,
            "no_price": 6,
            "taker_side": "no"
        },
        {
            "trade_id": "d1db4121-31a9-4a78-9c70-9ed5435daaaa",
            "ticker": "KXHIGHMIA-24NOV07-B84.5",
            "count": 8,
            "created_time": "2024-11-07T20:39:39.045562Z",
            "yes_price": 98,
            "no_price": 2,
            "taker_side": "yes"
        },
        {
            "trade_id": "4ab68897-dc30-4bca-8896-4a6aff0e2468",
            "ticker": "KXHIGHMIA-24NOV07-B84.5",
            "count": 100,
            "created_time": "2024-11-07T20:39:12.793874Z",
            "yes_price": 95,
            "no_price": 5,
            "taker_side": "yes"
        },
        {
            "trade_id": "5b756862-f2da-4eb4-b43f-265ba3cd5701",
            "ticker": "KXHIGHMIA-24NOV07-B84.5",
            "count": 100,
            "created_time": "2024-11-07T20:39:11.34574Z",
            "yes_price": 95,
            "no_price": 5,
            "taker_side": "yes"
        },
        {
            "trade_id": "05091a18-46a8-41dd-8faf-e38cbaa03d0a",
            "ticker": "KXHIGHMIA-24NOV07-B84.5",
            "count": 50,
            "created_time": "2024-11-07T20:37:14.855023Z",
            "yes_price": 94,
            "no_price": 6,
            "taker_side": "no"
        },
        {
            "trade_id": "36849e96-878d-4d27-9341-08346c0ce00a",
            "ticker": "KXHIGHMIA-24NOV07-B84.5",
            "count": 4,
            "created_time": "2024-11-07T20:34:54.097023Z",
            "yes_price": 94,
            "no_price": 6,
            "taker_side": "no"
        },
        {
            "trade_id": "81772b74-0550-4314-b004-7a577dcc6864",
            "ticker": "KXHIGHMIA-24NOV07-B84.5",
            "count": 40,
            "created_time": "2024-11-07T20:33:54.416183Z",
            "yes_price": 94,
            "no_price": 6,
            "taker_side": "yes"
        },
        {
            "trade_id": "f8cd37a2-2e1a-4b6c-9670-9c19468a9890",
            "ticker": "KXHIGHMIA-24NOV07-B84.5",
            "count": 60,
            "created_time": "2024-11-07T20:33:46.917287Z",
            "yes_price": 94,
            "no_price": 6,
            "taker_side": "no"
        },
        {
            "trade_id": "ab9de0c0-76cf-42d1-a16c-e459e4a2f71d",
            "ticker": "KXHIGHMIA-24NOV07-B84.5",
            "count": 28,
            "created_time": "2024-11-07T20:29:46.170343Z",
            "yes_price": 99,
            "no_price": 1,
            "taker_side": "yes"
        },
        {
            "trade_id": "8edc8de9-8dad-4d5d-a6d5-e03b88ba5014",
            "ticker": "KXHIGHMIA-24NOV07-B84.5",
            "count": 8,
            "created_time": "2024-11-07T20:25:36.043792Z",
            "yes_price": 99,
            "no_price": 1,
            "taker_side": "yes"
        },
        {
            "trade_id": "f2e84c07-d9fc-4283-b9f1-fa8f24b02b38",
            "ticker": "KXHIGHMIA-24NOV07-B84.5",
            "count": 5,
            "created_time": "2024-11-07T20:23:45.30608Z",
            "yes_price": 93,
            "no_price": 7,
            "taker_side": "no"
        },
        {
            "trade_id": "d4c8204e-1530-4b66-a947-ba9a4b83fa22",
            "ticker": "KXHIGHMIA-24NOV07-B84.5",
            "count": 50,
            "created_time": "2024-11-07T20:18:56.548389Z",
            "yes_price": 91,
            "no_price": 9,
            "taker_side": "no"
        },
        {
            "trade_id": "5bd1fa2f-fc11-4cd2-8956-fec03b42d478",
            "ticker": "KXHIGHMIA-24NOV07-B84.5",
            "count": 61,
            "created_time": "2024-11-07T20:18:56.548389Z",
            "yes_price": 92,
            "no_price": 8,
            "taker_side": "no"
        },
        {
            "trade_id": "a4615407-072e-48e2-ae96-a214592e5c93",
            "ticker": "KXHIGHMIA-24NOV07-B84.5",
            "count": 1000,
            "created_time": "2024-11-07T20:18:50.824002Z",
            "yes_price": 91,
            "no_price": 9,
            "taker_side": "no"
        },
        {
            "trade_id": "803e3d08-3649-4f1d-a8ff-7fd8227d5611",
            "ticker": "KXHIGHMIA-24NOV07-B84.5",
            "count": 61,
            "created_time": "2024-11-07T20:18:50.824002Z",
            "yes_price": 92,
            "no_price": 8,
            "taker_side": "no"
        },
        {
            "trade_id": "04129057-aca5-425b-b481-a39277d6bb96",
            "ticker": "KXHIGHMIA-24NOV07-B84.5",
            "count": 93,
            "created_time": "2024-11-07T20:18:50.824002Z",
            "yes_price": 91,
            "no_price": 9,
            "taker_side": "no"
        },
        {
            "trade_id": "84991b38-87c4-4071-821c-69cdef911116",
            "ticker": "KXHIGHMIA-24NOV07-B84.5",
            "count": 50,
            "created_time": "2024-11-07T20:18:21.147165Z",
            "yes_price": 98,
            "no_price": 2,
            "taker_side": "yes"
        },
        {
            "trade_id": "65701ee2-7c2a-4276-946d-145a1c7e69ba",
            "ticker": "KXHIGHMIA-24NOV07-B84.5",
            "count": 40,
            "created_time": "2024-11-07T20:18:21.147165Z",
            "yes_price": 98,
            "no_price": 2,
            "taker_side": "yes"
        },
        {
            "trade_id": "d1ef6ac9-017e-44e4-a3c4-60d8d49db079",
            "ticker": "KXHIGHMIA-24NOV07-B84.5",
            "count": 100,
            "created_time": "2024-11-07T20:12:39.113891Z",
            "yes_price": 97,
            "no_price": 3,
            "taker_side": "yes"
        },
        {
            "trade_id": "af9eae24-8048-4134-8ab2-346fff0a7069",
            "ticker": "KXHIGHMIA-24NOV07-B84.5",
            "count": 25,
            "created_time": "2024-11-07T20:12:39.113891Z",
            "yes_price": 96,
            "no_price": 4,
            "taker_side": "yes"
        },
        {
            "trade_id": "87b1c3c3-c91e-49e0-810d-946bd93b89f6",
            "ticker": "KXHIGHMIA-24NOV07-B84.5",
            "count": 50,
            "created_time": "2024-11-07T20:12:39.113891Z",
            "yes_price": 94,
            "no_price": 6,
            "taker_side": "yes"
        },
        {
            "trade_id": "64c7041e-2a72-432e-a765-7a03d0d4a2ae",
            "ticker": "KXHIGHMIA-24NOV07-B84.5",
            "count": 30,
            "created_time": "2024-11-07T20:00:58.154372Z",
            "yes_price": 86,
            "no_price": 14,
            "taker_side": "no"
        },
        {
            "trade_id": "b27c207b-03f7-4c3e-80d8-a3028e50f969",
            "ticker": "KXHIGHMIA-24NOV07-B84.5",
            "count": 24,
            "created_time": "2024-11-07T20:00:51.252121Z",
            "yes_price": 86,
            "no_price": 14,
            "taker_side": "no"
        },
        {
            "trade_id": "4cb86106-e9a8-42f9-931b-8b5e84d0fdee",
            "ticker": "KXHIGHMIA-24NOV07-B84.5",
            "count": 50,
            "created_time": "2024-11-07T20:00:51.252121Z",
            "yes_price": 88,
            "no_price": 12,
            "taker_side": "no"
        },
        {
            "trade_id": "9a8b6c8a-df82-4537-8842-56e703821dfd",
            "ticker": "KXHIGHMIA-24NOV07-B84.5",
            "count": 3,
            "created_time": "2024-11-07T19:56:18.737164Z",
            "yes_price": 85,
            "no_price": 15,
            "taker_side": "no"
        },
        {
            "trade_id": "db2a703f-8bf7-4905-b8df-3787cd2cd671",
            "ticker": "KXHIGHMIA-24NOV07-B84.5",
            "count": 100,
            "created_time": "2024-11-07T19:49:30.750935Z",
            "yes_price": 88,
            "no_price": 12,
            "taker_side": "no"
        },
        {
            "trade_id": "389e1a6d-d2e8-42ae-8619-2102f9c117ac",
            "ticker": "KXHIGHMIA-24NOV07-B84.5",
            "count": 72,
            "created_time": "2024-11-07T19:49:30.750935Z",
            "yes_price": 84,
            "no_price": 16,
            "taker_side": "no"
        },
        {
            "trade_id": "9ed00052-354d-48ce-88c0-dfc1d239bb45",
            "ticker": "KXHIGHMIA-24NOV07-B84.5",
            "count": 15,
            "created_time": "2024-11-07T19:41:26.142666Z",
            "yes_price": 87,
            "no_price": 13,
            "taker_side": "no"
        },
        {
            "trade_id": "4c0b37cd-5b1e-44f6-95d7-fc74db08c941",
            "ticker": "KXHIGHMIA-24NOV07-B84.5",
            "count": 30,
            "created_time": "2024-11-07T19:32:20.521775Z",
            "yes_price": 94,
            "no_price": 6,
            "taker_side": "yes"
        },
        {
            "trade_id": "d94c41b5-2547-4200-8572-4fa4447f233c",
            "ticker": "KXHIGHMIA-24NOV07-B84.5",
            "count": 10,
            "created_time": "2024-11-07T19:30:32.93173Z",
            "yes_price": 93,
            "no_price": 7,
            "taker_side": "yes"
        },
        {
            "trade_id": "b77d365d-6886-4152-bc0f-46d671985641",
            "ticker": "KXHIGHMIA-24NOV07-B84.5",
            "count": 9,
            "created_time": "2024-11-07T19:21:01.293965Z",
            "yes_price": 84,
            "no_price": 16,
            "taker_side": "yes"
        },
        {
            "trade_id": "f13b51ff-e473-418f-94c6-8378ca0fc612",
            "ticker": "KXHIGHMIA-24NOV07-B84.5",
            "count": 10,
            "created_time": "2024-11-07T19:20:37.755611Z",
            "yes_price": 84,
            "no_price": 16,
            "taker_side": "yes"
        },
        {
            "trade_id": "f132abbb-a435-4995-b368-76a2847233e2",
            "ticker": "KXHIGHMIA-24NOV07-B84.5",
            "count": 17,
            "created_time": "2024-11-07T19:18:49.76873Z",
            "yes_price": 91,
            "no_price": 9,
            "taker_side": "yes"
        },
        {
            "trade_id": "66090a3e-3a9b-48d3-bdaa-fdbacc8f5e51",
            "ticker": "KXHIGHMIA-24NOV07-B84.5",
            "count": 60,
            "created_time": "2024-11-07T19:18:49.76873Z",
            "yes_price": 78,
            "no_price": 22,
            "taker_side": "yes"
        },
        {
            "trade_id": "34fa7df5-e9a8-40db-a479-7dcd0cdd21ca",
            "ticker": "KXHIGHMIA-24NOV07-B84.5",
            "count": 10,
            "created_time": "2024-11-07T19:18:49.76873Z",
            "yes_price": 77,
            "no_price": 23,
            "taker_side": "yes"
        },
        {
            "trade_id": "0a795c49-1550-42bc-9a9b-bea9667bde06",
            "ticker": "KXHIGHMIA-24NOV07-B84.5",
            "count": 25,
            "created_time": "2024-11-07T19:18:49.76873Z",
            "yes_price": 95,
            "no_price": 5,
            "taker_side": "yes"
        },
        {
            "trade_id": "a5509c32-1299-4822-bcfa-2b0ff09865fb",
            "ticker": "KXHIGHMIA-24NOV07-B84.5",
            "count": 31,
            "created_time": "2024-11-07T19:17:57.673657Z",
            "yes_price": 77,
            "no_price": 23,
            "taker_side": "yes"
        },
        {
            "trade_id": "8f7903ea-ffa3-4033-b0f3-7ebf08c749ca",
            "ticker": "KXHIGHMIA-24NOV07-B84.5",
            "count": 10,
            "created_time": "2024-11-07T19:17:57.673657Z",
            "yes_price": 69,
            "no_price": 31,
            "taker_side": "yes"
        },
        {
            "trade_id": "68831231-62ea-4fc0-b788-1b417847866e",
            "ticker": "KXHIGHMIA-24NOV07-B84.5",
            "count": 15,
            "created_time": "2024-11-07T19:17:57.673657Z",
            "yes_price": 70,
            "no_price": 30,
            "taker_side": "yes"
        },
        {
            "trade_id": "4d75569d-03a9-45eb-9d8c-42574c409132",
            "ticker": "KXHIGHMIA-24NOV07-B84.5",
            "count": 63,
            "created_time": "2024-11-07T19:17:57.673657Z",
            "yes_price": 91,
            "no_price": 9,
            "taker_side": "yes"
        },
        {
            "trade_id": "e514c65c-27a4-4d1b-8350-150867886604",
            "ticker": "KXHIGHMIA-24NOV07-B84.5",
            "count": 5,
            "created_time": "2024-11-07T19:14:44.714695Z",
            "yes_price": 71,
            "no_price": 29,
            "taker_side": "yes"
        },
        {
            "trade_id": "8d97d1f6-df1e-4369-91d9-6861ee835e95",
            "ticker": "KXHIGHMIA-24NOV07-B84.5",
            "count": 26,
            "created_time": "2024-11-07T19:09:33.16676Z",
            "yes_price": 74,
            "no_price": 26,
            "taker_side": "yes"
        },
        {
            "trade_id": "c5823c66-b4de-4033-8cff-4de21c0afa49",
            "ticker": "KXHIGHMIA-24NOV07-B84.5",
            "count": 44,
            "created_time": "2024-11-07T19:09:01.946928Z",
            "yes_price": 70,
            "no_price": 30,
            "taker_side": "yes"
        },
        {
            "trade_id": "79800a3f-c895-4bcf-b75a-d9a59dcb1262",
            "ticker": "KXHIGHMIA-24NOV07-B84.5",
            "count": 37,
            "created_time": "2024-11-07T19:08:59.549284Z",
