{
    "KXHIGHMIA-24NOV15-T82": [
        {
            "trade_id": "3d3045d0-41dd-4c12-ad6d-95d6b575d4ab",
            "ticker": "KXHIGHMIA-24NOV15-T82",
            "count": 467,
            "created_time": "2024-11-16T03:07:17.050116Z",
            "yes_price": 1,
            "no_price": 99,
            "taker_side": "yes"
        },
        {
            "trade_id": "e3e66776-b7b0-412f-a701-887e5b3e55b1",
            "ticker": "KXHIGHMIA-24NOV15-T82",
            "count": 738,
            "created_time": "2024-11-16T01:21:50.944446Z",
            "yes_price": 3,
            "no_price": 97,
            "taker_side": "yes"
        },
        {
            "trade_id": "e323e85c-7ce2-4378-a48c-1bf154e105b0",
            "ticker": "KXHIGHMIA-24NOV15-T82",
            "count": 107,
            "created_time": "2024-11-16T01:21:50.944446Z",
            "yes_price": 1,
            "no_price": 99,
            "taker_side": "yes"
        },
        {
            "trade_id": "dfc55ec8-ff99-4f54-903f-e2edec84fc4b",
            "ticker": "KXHIGHMIA-24NOV15-T82",
            "count": 81,
            "created_time": "2024-11-16T01:21:50.944446Z",
            "yes_price": 1,
            "no_price": 99,
            "taker_side": "yes"
        },
        {
            "trade_id": "c0edf041-2abd-4836-a2aa-c18b5b2f048b",
            "ticker": "KXHIGHMIA-24NOV15-T82",
            "count": 1,
            "created_time": "2024-11-16T01:21:50.944446Z",
            "yes_price": 2,
            "no_price": 98,
            "taker_side": "yes"
        },
        {
            "trade_id": "99047fa3-9060-45b4-b301-255c5e6aa0f2",
            "ticker": "KXHIGHMIA-24NOV15-T82",
            "count": 100,
            "created_time": "2024-11-16T01:21:50.944446Z",
            "yes_price": 3,
            "no_price": 97,
            "taker_side": "yes"
        },
        {
            "trade_id": "65cd4882-3c5b-4a40-ab89-e8a974cb8636",
            "ticker": "KXHIGHMIA-24NOV15-T82",
            "count": 4351,
            "created_time": "2024-11-16T01:21:50.944446Z",
            "yes_price": 1,
            "no_price": 99,
            "taker_side": "yes"
        },
        {
            "trade_id": "3f5d638c-1712-4ab2-938b-08a8082e90f2",
            "ticker": "KXHIGHMIA-24NOV15-T82",
            "count": 110,
            "created_time": "2024-11-16T01:21:50.944446Z",
            "yes_price": 2,
            "no_price": 98,
            "taker_side": "yes"
        },
        {
            "trade_id": "291cdb0e-5fb0-42a9-9939-e602ca21f559",
            "ticker": "KXHIGHMIA-24NOV15-T82",
            "count": 100,
            "created_time": "2024-11-16T01:21:50.944446Z",
            "yes_price": 2,
            "no_price": 98,
            "taker_side": "yes"
        },
        {
            "trade_id": "040333ef-57e0-404d-a0ac-7deb43927443",
            "ticker": "KXHIGHMIA-24NOV15-T82",
            "count": 1,
            "created_time": "2024-11-16T01:21:50.944446Z",
            "yes_price": 1,
            "no_price": 99,
            "taker_side": "yes"
        },
        {
            "trade_id": "f18c9e58-3d19-4eca-8dce-5e260064d4b8",
            "ticker": "KXHIGHMIA-24NOV15-T82",
            "count": 93,
            "created_time": "2024-11-16T01:03:33.556266Z",
            "yes_price": 1,
            "no_price": 99,
            "taker_side": "yes"
        },
        {
            "trade_id": "e6834acb-1153-4d76-a7be-c472ff3daa55",
            "ticker": "KXHIGHMIA-24NOV15-T82",
            "count": 8056,
            "created_time": "2024-11-16T00:11:33.283869Z",
            "yes_price": 1,
            "no_price": 99,
            "taker_side": "yes"
        },
        {
            "trade_id": "e3eecb12-7a1b-4e09-a5ff-b8f005c1d415",
            "ticker": "KXHIGHMIA-24NOV15-T82",
            "count": 507,
            "created_time": "2024-11-16T00:11:33.283869Z",
            "yes_price": 1,
            "no_price": 99,
            "taker_side": "yes"
        },
        {
            "trade_id": "ab4255c6-1406-4f47-925c-e09b49229cd5",
            "ticker": "KXHIGHMIA-24NOV15-T82",
            "count": 782,
            "created_time": "2024-11-16T00:11:33.283869Z",
            "yes_price": 1,
            "no_price": 99,
            "taker_side": "yes"
        },
        {
            "trade_id": "f02f6b3b-e79a-42d1-ab09-a63fa74b3d42",
            "ticker": "KXHIGHMIA-24NOV15-T82",
            "count": 1500,
            "created_time": "2024-11-15T23:32:07.515749Z",
            "yes_price": 1,
            "no_price": 99,
            "taker_side": "yes"
        },
        {
            "trade_id": "e8a6b252-58a8-4989-a1e3-931c404bcf66",
            "ticker": "KXHIGHMIA-24NOV15-T82",
            "count": 24493,
            "created_time": "2024-11-15T23:32:07.515749Z",
            "yes_price": 1,
            "no_price": 99,
            "taker_side": "yes"
        },
        {
            "trade_id": "ca25e89c-800b-4985-8ea1-b94a5ef2a695",
            "ticker": "KXHIGHMIA-24NOV15-T82",
            "count": 600,
            "created_time": "2024-11-15T23:32:07.515749Z",
            "yes_price": 1,
            "no_price": 99,
            "taker_side": "yes"
        },
        {
            "trade_id": "c221e8ed-d8d3-46be-a2d2-4d3bbaef1e07",
            "ticker": "KXHIGHMIA-24NOV15-T82",
            "count": 918,
            "created_time": "2024-11-15T23:32:07.515749Z",
            "yes_price": 1,
            "no_price": 99,
            "taker_side": "yes"
        },
        {
            "trade_id": "9e9b8d3d-e345-44ee-beee-433e63d771ef",
            "ticker": "KXHIGHMIA-24NOV15-T82",
            "count": 10,
            "created_time": "2024-11-15T23:32:07.515749Z",
            "yes_price": 1,
            "no_price": 99,
            "taker_side": "yes"
        },
        {
            "trade_id": "496b54e9-d622-4ecc-92a6-f93659851a83",
            "ticker": "KXHIGHMIA-24NOV15-T82",
            "count": 517,
            "created_time": "2024-11-15T23:32:07.515749Z",
            "yes_price": 1,
            "no_price": 99,
            "taker_side": "yes"
        },
        {
            "trade_id": "b29d41cf-2331-4d86-8295-d870e990303f",
            "ticker": "KXHIGHMIA-24NOV15-T82",
            "count": 129,
            "created_time": "2024-11-15T23:13:48.507585Z",
            "yes_price": 1,
            "no_price": 99,
            "taker_side": "yes"
        },
        {
            "trade_id": "98125789-b28d-4f62-88aa-bfc9242a8c0c",
            "ticker": "KXHIGHMIA-24NOV15-T82",
            "count": 422,
            "created_time": "2024-11-15T23:13:48.507585Z",
            "yes_price": 1,
            "no_price": 99,
            "taker_side": "yes"
        },
        {
            "trade_id": "62327af6-947f-478b-a6cd-2c132c5fbff1",
            "ticker": "KXHIGHMIA-24NOV15-T82",
            "count": 150,
            "created_time": "2024-11-15T23:13:48.507585Z",
            "yes_price": 1,
            "no_price": 99,
            "taker_side": "yes"
        },
        {
            "trade_id": "4fe3246e-b614-46a1-8f9c-90a2d0658abe",
            "ticker": "KXHIGHMIA-24NOV15-T82",
            "count": 150,
            "created_time": "2024-11-15T23:13:48.507585Z",
            "yes_price": 1,
            "no_price": 99,
            "taker_side": "yes"
        },
        {
            "trade_id": "4a6ac0bf-c9e2-45a1-a83d-20cfb2b377e1",
            "ticker": "KXHIGHMIA-24NOV15-T82",
            "count": 82,
            "created_time": "2024-11-15T23:13:48.507585Z",
            "yes_price": 1,
            "no_price": 99,
            "taker_side": "yes"
        },
        {
            "trade_id": "d676f432-2220-4e1e-a6ac-99d72147f801",
            "ticker": "KXHIGHMIA-24NOV15-T82",
            "count": 250,
            "created_time": "2024-11-15T22:55:32.887722Z",
            "yes_price": 1,
            "no_price": 99,
            "taker_side": "yes"
        },
        {
            "trade_id": "1d024c1b-3e7a-4e84-9ee4-f258c46885ad",
            "ticker": "KXHIGHMIA-24NOV15-T82",
            "count": 121,
            "created_time": "2024-11-15T22:55:32.887722Z",
            "yes_price": 1,
            "no_price": 99,
            "taker_side": "yes"
        },
        {
            "trade_id": "0704fc27-6985-4ef9-8e6c-eb6c507cc797",
            "ticker": "KXHIGHMIA-24NOV15-T82",
            "count": 95,
            "created_time": "2024-11-15T22:55:32.887722Z",
            "yes_price": 1,
            "no_price": 99,
            "taker_side": "yes"
        },
        {
            "trade_id": "d8c23d2c-15d9-4a4c-af55-5d90cb8900e6",
            "ticker": "KXHIGHMIA-24NOV15-T82",
            "count": 1,
            "created_time": "2024-11-15T19:27:44.088402Z",
            "yes_price": 1,
            "no_price": 99,
            "taker_side": "yes"
        },
        {
            "trade_id": "8e0e7990-92c2-4e37-9164-2460d5e3e7a4",
            "ticker": "KXHIGHMIA-24NOV15-T82",
            "count": 1,
            "created_time": "2024-11-15T19:27:32.444834Z",
            "yes_price": 1,
            "no_price": 99,
            "taker_side": "yes"
        },
        {
            "trade_id": "1126a4e4-dfcf-400e-94a1-cc92b99abd51",
            "ticker": "KXHIGHMIA-24NOV15-T82",
            "count": 1,
            "created_time": "2024-11-15T19:27:15.345061Z",
            "yes_price": 1,
            "no_price": 99,
            "taker_side": "yes"
        },
        {
            "trade_id": "a2216665-bf57-41d3-ab49-934cc2f80adf",
            "ticker": "KXHIGHMIA-24NOV15-T82",
            "count": 1,
            "created_time": "2024-11-15T19:26:08.07373Z",
            "yes_price": 1,
            "no_price": 99,
            "taker_side": "yes"
        },
        {
            "trade_id": "d8dd9e17-deac-4e6b-854a-a3f882062faa",
            "ticker": "KXHIGHMIA-24NOV15-T82",
            "count": 1,
            "created_time": "2024-11-15T15:42:32.550883Z",
            "yes_price": 1,
            "no_price": 99,
            "taker_side": "yes"
        },
        {
            "trade_id": "908dae7d-45d8-44fd-a2e4-01caae1d4f2b",
            "ticker": "KXHIGHMIA-24NOV15-T82",
            "count": 100,
            "created_time": "2024-11-15T04:54:21.624096Z",
            "yes_price": 2,
            "no_price": 98,
            "taker_side": "yes"
        },
        {
            "trade_id": "4818cc91-4ef3-4a67-93f6-83b708c2c100",
            "ticker": "KXHIGHMIA-24NOV15-T82",
            "count": 120,
            "created_time": "2024-11-14T16:23:11.432265Z",
            "yes_price": 1,
            "no_price": 99,
            "taker_side": "no"
        }
    ],
    "KXHIGHMIA-24NOV15-B82.5": [
        {
            "trade_id": "72ac6b68-4faa-4ffb-9a8c-ab4b278558a1",
            "ticker": "KXHIGHMIA-24NOV15-B82.5",
            "count": 4675,
            "created_time": "2024-11-16T04:07:52.239893Z",
            "yes_price": 1,
            "no_price": 99,
            "taker_side": "yes"
        },
        {
            "trade_id": "610067b6-eb23-4bbf-adbb-8bb44a7ff649",
            "ticker": "KXHIGHMIA-24NOV15-B82.5",
            "count": 935,
            "created_time": "2024-11-16T02:55:03.953736Z",
            "yes_price": 1,
            "no_price": 99,
            "taker_side": "yes"
        },
        {
            "trade_id": "4192b90b-fe4e-4e7e-b4ea-cc541300ff9f",
            "ticker": "KXHIGHMIA-24NOV15-B82.5",
            "count": 93,
            "created_time": "2024-11-16T01:03:40.902681Z",
            "yes_price": 1,
            "no_price": 99,
            "taker_side": "yes"
        },
        {
            "trade_id": "49799b6a-e9ae-45c5-ad9c-f87a077dcc2d",
            "ticker": "KXHIGHMIA-24NOV15-B82.5",
            "count": 9351,
            "created_time": "2024-11-16T00:36:56.113681Z",
            "yes_price": 1,
            "no_price": 99,
            "taker_side": "yes"
        },
        {
            "trade_id": "791e3b49-5014-4b8b-bebb-89afadbd4a89",
            "ticker": "KXHIGHMIA-24NOV15-B82.5",
            "count": 1,
            "created_time": "2024-11-15T20:53:39.360644Z",
            "yes_price": 1,
            "no_price": 99,
            "taker_side": "yes"
        },
        {
            "trade_id": "501e835b-c54b-4b98-aeb8-a9241065bee0",
            "ticker": "KXHIGHMIA-24NOV15-B82.5",
            "count": 821,
            "created_time": "2024-11-15T20:37:06.810126Z",
            "yes_price": 1,
            "no_price": 99,
            "taker_side": "yes"
        },
        {
            "trade_id": "dcde359c-a527-47d5-ad69-6ba2a1c73af2",
            "ticker": "KXHIGHMIA-24NOV15-B82.5",
            "count": 150,
            "created_time": "2024-11-15T18:34:21.317738Z",
            "yes_price": 1,
            "no_price": 99,
            "taker_side": "yes"
        },
        {
            "trade_id": "62585ca3-c304-4d7d-8b5a-d07076d90b3f",
            "ticker": "KXHIGHMIA-24NOV15-B82.5",
            "count": 1000,
            "created_time": "2024-11-15T18:34:21.317738Z",
            "yes_price": 1,
            "no_price": 99,
            "taker_side": "yes"
        },
        {
            "trade_id": "251cf7c6-73d5-4e34-9d9d-2c4d9a11c502",
            "ticker": "KXHIGHMIA-24NOV15-B82.5",
            "count": 57,
            "created_time": "2024-11-15T18:34:21.317738Z",
            "yes_price": 1,
            "no_price": 99,
            "taker_side": "yes"
        },
        {
            "trade_id": "0c0d85c4-aedb-4b46-9bf6-caebe1c6c6d8",
            "ticker": "KXHIGHMIA-24NOV15-B82.5",
            "count": 7638,
            "created_time": "2024-11-15T18:34:21.317738Z",
            "yes_price": 1,
            "no_price": 99,
            "taker_side": "yes"
        },
        {
            "trade_id": "0263f535-1b0b-46db-a612-e4cb880f74f8",
            "ticker": "KXHIGHMIA-24NOV15-B82.5",
            "count": 500,
            "created_time": "2024-11-15T18:34:21.317738Z",
            "yes_price": 1,
            "no_price": 99,
            "taker_side": "yes"
        },
        {
            "trade_id": "bec81dc3-a928-4214-96ef-24a9f0107f08",
            "ticker": "KXHIGHMIA-24NOV15-B82.5",
            "count": 157,
            "created_time": "2024-11-15T17:54:59.791023Z",
            "yes_price": 1,
            "no_price": 99,
            "taker_side": "yes"
        },
        {
            "trade_id": "953f9274-fb91-4005-9f17-f55cb19dd950",
            "ticker": "KXHIGHMIA-24NOV15-B82.5",
            "count": 93,
            "created_time": "2024-11-15T17:54:59.791023Z",
            "yes_price": 1,
            "no_price": 99,
            "taker_side": "yes"
        },
        {
            "trade_id": "1d621242-9335-4431-82e6-38bbe149ecd8",
            "ticker": "KXHIGHMIA-24NOV15-B82.5",
            "count": 250,
            "created_time": "2024-11-15T17:54:59.791023Z",
            "yes_price": 1,
            "no_price": 99,
            "taker_side": "yes"
        },
        {
            "trade_id": "f93254c4-1cbb-45d5-9883-974bceb1f357",
            "ticker": "KXHIGHMIA-24NOV15-B82.5",
            "count": 93,
            "created_time": "2024-11-15T16:52:23.363631Z",
            "yes_price": 1,
            "no_price": 99,
            "taker_side": "yes"
        },
        {
            "trade_id": "c9de4c28-c511-469e-bcd8-f5cc0bd58553",
            "ticker": "KXHIGHMIA-24NOV15-B82.5",
            "count": 500,
            "created_time": "2024-11-15T16:31:08.033515Z",
            "yes_price": 2,
            "no_price": 98,
            "taker_side": "yes"
        },
        {
            "trade_id": "9246b05c-0652-4e05-a718-8e6322988441",
            "ticker": "KXHIGHMIA-24NOV15-B82.5",
            "count": 409,
            "created_time": "2024-11-15T16:12:01.211038Z",
            "yes_price": 1,
            "no_price": 99,
            "taker_side": "no"
        },
        {
            "trade_id": "fe4ec124-9b5c-4359-aa90-65d38acec50a",
            "ticker": "KXHIGHMIA-24NOV15-B82.5",
            "count": 100,
            "created_time": "2024-11-15T16:07:08.765653Z",
            "yes_price": 1,
            "no_price": 99,
            "taker_side": "no"
        },
        {
            "trade_id": "64a4c2db-ae6d-44af-a5d8-7100247e4ff4",
            "ticker": "KXHIGHMIA-24NOV15-B82.5",
            "count": 140,
            "created_time": "2024-11-15T15:57:08.200823Z",
            "yes_price": 2,
            "no_price": 98,
            "taker_side": "yes"
        },
        {
            "trade_id": "05f73d78-f1f8-455a-8a8f-e325d47759d7",
            "ticker": "KXHIGHMIA-24NOV15-B82.5",
            "count": 22,
            "created_time": "2024-11-15T15:49:54.826106Z",
            "yes_price": 2,
            "no_price": 98,
            "taker_side": "yes"
        },
        {
            "trade_id": "dad26144-c0d2-429b-a9eb-ce99a04490d9",
            "ticker": "KXHIGHMIA-24NOV15-B82.5",
            "count": 233,
            "created_time": "2024-11-15T15:47:55.292344Z",
            "yes_price": 2,
            "no_price": 98,
            "taker_side": "yes"
        },
        {
            "trade_id": "cb45b867-9bec-498b-b219-b4d88f432b14",
            "ticker": "KXHIGHMIA-24NOV15-B82.5",
            "count": 14,
            "created_time": "2024-11-15T15:47:14.883825Z",
            "yes_price": 2,
            "no_price": 98,
            "taker_side": "yes"
        },
        {
            "trade_id": "7ed66372-8b7e-45b7-8dc2-b89bcc2c8338",
            "ticker": "KXHIGHMIA-24NOV15-B82.5",
            "count": 65,
            "created_time": "2024-11-15T15:47:14.883825Z",
            "yes_price": 1,
            "no_price": 99,
            "taker_side": "yes"
        },
        {
            "trade_id": "40326a3c-8429-447d-bfd5-02fc63871784",
            "ticker": "KXHIGHMIA-24NOV15-B82.5",
            "count": 935,
            "created_time": "2024-11-15T15:46:54.344004Z",
            "yes_price": 1,
            "no_price": 99,
            "taker_side": "yes"
        },
        {
            "trade_id": "7358c8cb-4d11-475c-b195-cf2a4209825c",
            "ticker": "KXHIGHMIA-24NOV15-B82.5",
            "count": 100,
            "created_time": "2024-11-15T15:01:09.069181Z",
            "yes_price": 2,
            "no_price": 98,
            "taker_side": "yes"
        },
        {
            "trade_id": "ca640bd4-bcf5-4427-a6b8-0642bb34c403",
            "ticker": "KXHIGHMIA-24NOV15-B82.5",
            "count": 312,
            "created_time": "2024-11-15T14:49:38.444576Z",
            "yes_price": 3,
            "no_price": 97,
            "taker_side": "yes"
        },
        {
            "trade_id": "57afca32-4307-4219-934b-5157e3bc2d7e",
            "ticker": "KXHIGHMIA-24NOV15-B82.5",
            "count": 10,
            "created_time": "2024-11-15T14:43:57.576838Z",
            "yes_price": 3,
            "no_price": 97,
            "taker_side": "yes"
        },
        {
            "trade_id": "05187d83-83b8-4a1a-a8f4-a73cb92244ed",
            "ticker": "KXHIGHMIA-24NOV15-B82.5",
            "count": 2,
            "created_time": "2024-11-15T14:42:14.383223Z",
            "yes_price": 3,
            "no_price": 97,
            "taker_side": "yes"
        },
        {
            "trade_id": "75b8fb95-7c5f-4334-9adb-559808a68809",
            "ticker": "KXHIGHMIA-24NOV15-B82.5",
            "count": 312,
            "created_time": "2024-11-15T14:39:18.178657Z",
            "yes_price": 3,
            "no_price": 97,
            "taker_side": "yes"
        },
        {
            "trade_id": "59b5020a-83f3-48d5-8b43-743a44385b00",
            "ticker": "KXHIGHMIA-24NOV15-B82.5",
            "count": 30,
            "created_time": "2024-11-15T14:38:07.622445Z",
            "yes_price": 3,
            "no_price": 97,
            "taker_side": "yes"
        },
        {
            "trade_id": "c8b10b59-c56d-4c1d-98bc-f49cfe4ad7da",
            "ticker": "KXHIGHMIA-24NOV15-B82.5",
            "count": 6,
            "created_time": "2024-11-15T14:10:00.410976Z",
            "yes_price": 3,
            "no_price": 97,
            "taker_side": "yes"
        },
        {
            "trade_id": "9c1936f4-212c-44cd-a5d6-c2dc052b3001",
            "ticker": "KXHIGHMIA-24NOV15-B82.5",
            "count": 24,
            "created_time": "2024-11-15T14:10:00.410976Z",
            "yes_price": 3,
            "no_price": 97,
            "taker_side": "yes"
        },
        {
            "trade_id": "f5123c26-6391-4403-aae7-7a021d65ba69",
            "ticker": "KXHIGHMIA-24NOV15-B82.5",
            "count": 1,
            "created_time": "2024-11-15T14:05:17.621311Z",
            "yes_price": 3,
            "no_price": 97,
            "taker_side": "yes"
        },
        {
            "trade_id": "6329088d-1f4f-4662-9012-ec10eecbcf83",
            "ticker": "KXHIGHMIA-24NOV15-B82.5",
            "count": 93,
            "created_time": "2024-11-15T13:59:05.329666Z",
            "yes_price": 3,
            "no_price": 97,
            "taker_side": "yes"
        },
        {
            "trade_id": "171d6bc1-e181-4d03-b69f-3e7da4892759",
            "ticker": "KXHIGHMIA-24NOV15-B82.5",
            "count": 907,
            "created_time": "2024-11-15T13:59:05.329666Z",
            "yes_price": 3,
            "no_price": 97,
            "taker_side": "yes"
        },
        {
            "trade_id": "722612e8-d46e-4550-908f-7695d3d52880",
            "ticker": "KXHIGHMIA-24NOV15-B82.5",
            "count": 31,
            "created_time": "2024-11-15T13:58:23.814352Z",
            "yes_price": 3,
            "no_price": 97,
            "taker_side": "yes"
        },
        {
            "trade_id": "ee43f251-51ec-4f35-b662-b777a98a2eb7",
            "ticker": "KXHIGHMIA-24NOV15-B82.5",
            "count": 62,
            "created_time": "2024-11-15T13:55:21.228976Z",
            "yes_price": 3,
            "no_price": 97,
            "taker_side": "yes"
        },
        {
            "trade_id": "4cc74b13-06e9-40eb-9230-7895a00e991b",
            "ticker": "KXHIGHMIA-24NOV15-B82.5",
            "count": 131,
            "created_time": "2024-11-15T13:34:55.152016Z",
            "yes_price": 5,
            "no_price": 95,
            "taker_side": "yes"
        },
        {
            "trade_id": "b93b4f72-ff4d-466d-8127-94b994dde7d1",
            "ticker": "KXHIGHMIA-24NOV15-B82.5",
            "count": 51,
            "created_time": "2024-11-15T13:07:40.646365Z",
            "yes_price": 7,
            "no_price": 93,
            "taker_side": "yes"
        },
        {
            "trade_id": "8fa06582-08ca-49c3-877f-2da7d50cd605",
            "ticker": "KXHIGHMIA-24NOV15-B82.5",
            "count": 2,
            "created_time": "2024-11-15T13:07:40.646365Z",
            "yes_price": 7,
            "no_price": 93,
            "taker_side": "yes"
        },
        {
            "trade_id": "07465750-8616-429c-8a53-892f61c0d0c0",
            "ticker": "KXHIGHMIA-24NOV15-B82.5",
            "count": 38,
            "created_time": "2024-11-15T07:19:12.591635Z",
            "yes_price": 1,
            "no_price": 99,
            "taker_side": "no"
        },
        {
            "trade_id": "d70e4762-0dcf-4192-b5bb-9441a7bb2cee",
            "ticker": "KXHIGHMIA-24NOV15-B82.5",
            "count": 16,
            "created_time": "2024-11-15T07:16:38.736826Z",
            "yes_price": 1,
            "no_price": 99,
            "taker_side": "no"
        },
        {
            "trade_id": "244dd27b-1572-453a-8573-776b0622badb",
            "ticker": "KXHIGHMIA-24NOV15-B82.5",
            "count": 9,
            "created_time": "2024-11-15T07:05:14.052019Z",
            "yes_price": 1,
            "no_price": 99,
            "taker_side": "no"
        },
        {
            "trade_id": "d3abb2d6-9c47-405d-85f4-d6c5525a6082",
            "ticker": "KXHIGHMIA-24NOV15-B82.5",
            "count": 12,
            "created_time": "2024-11-15T07:04:48.404136Z",
            "yes_price": 1,
            "no_price": 99,
            "taker_side": "no"
        },
        {
            "trade_id": "720184cc-733c-4c56-8bfc-c37d604f6343",
            "ticker": "KXHIGHMIA-24NOV15-B82.5",
            "count": 5,
            "created_time": "2024-11-15T06:58:32.556143Z",
            "yes_price": 1,
            "no_price": 99,
            "taker_side": "no"
        },
        {
            "trade_id": "3cc6dacc-7210-4401-9221-99a13ab36ba0",
            "ticker": "KXHIGHMIA-24NOV15-B82.5",
            "count": 58,
            "created_time": "2024-11-15T06:56:50.183235Z",
            "yes_price": 2,
            "no_price": 98,
            "taker_side": "no"
        },
        {
            "trade_id": "21a3b844-c45e-40b3-8481-c3920043447a",
            "ticker": "KXHIGHMIA-24NOV15-B82.5",
            "count": 20,
            "created_time": "2024-11-15T06:53:02.553554Z",
            "yes_price": 1,
            "no_price": 99,
            "taker_side": "no"
        },
        {
            "trade_id": "c53e9e41-91fb-44e7-81ff-c7d49923e14e",
            "ticker": "KXHIGHMIA-24NOV15-B82.5",
            "count": 201,
            "created_time": "2024-11-15T06:51:27.394925Z",
            "yes_price": 7,
            "no_price": 93,
            "taker_side": "yes"
        },
        {
            "trade_id": "eb01fd29-b715-4d6f-bf5a-08b0179d602e",
            "ticker": "KXHIGHMIA-24NOV15-B82.5",
            "count": 33,
            "created_time": "2024-11-15T06:50:49.408746Z",
            "yes_price": 8,
            "no_price": 92,
            "taker_side": "yes"
        },
        {
            "trade_id": "e2223510-5c1f-46b2-b3bf-8518052683d2",
            "ticker": "KXHIGHMIA-24NOV15-B82.5",
            "count": 70,
            "created_time": "2024-11-15T06:50:49.408746Z",
            "yes_price": 8,
            "no_price": 92,
            "taker_side": "yes"
        },
        {
            "trade_id": "b3b20673-fc4e-4ea3-a98c-12beabfb36f5",
            "ticker": "KXHIGHMIA-24NOV15-B82.5",
            "count": 300,
            "created_time": "2024-11-15T06:50:49.408746Z",
            "yes_price": 5,
            "no_price": 95,
            "taker_side": "yes"
        },
        {
            "trade_id": "ae5b391b-5ace-4e6e-9345-0f719c4c3c5c",
            "ticker": "KXHIGHMIA-24NOV15-B82.5",
            "count": 100,
            "created_time": "2024-11-15T06:50:49.408746Z",
            "yes_price": 7,
            "no_price": 93,
            "taker_side": "yes"
        },
        {
            "trade_id": "7bc838e7-067f-49d7-bc08-261b833a7444",
            "ticker": "KXHIGHMIA-24NOV15-B82.5",
            "count": 62,
            "created_time": "2024-11-15T06:50:49.408746Z",
            "yes_price": 2,
            "no_price": 98,
            "taker_side": "yes"
        },
        {
            "trade_id": "419f6dc9-3b80-41ac-8e3b-01ed951fd00b",
            "ticker": "KXHIGHMIA-24NOV15-B82.5",
            "count": 100,
            "created_time": "2024-11-15T06:50:49.408746Z",
            "yes_price": 6,
            "no_price": 94,
            "taker_side": "yes"
        },
        {
            "trade_id": "97eb5249-63ab-4635-b541-9fadb9de5937",
            "ticker": "KXHIGHMIA-24NOV15-B82.5",
            "count": 20,
            "created_time": "2024-11-15T05:58:34.636447Z",
            "yes_price": 1,
            "no_price": 99,
            "taker_side": "no"
        },
        {
            "trade_id": "17328e2e-e180-4ac7-bdfb-4e566608f2ad",
            "ticker": "KXHIGHMIA-24NOV15-B82.5",
            "count": 41,
            "created_time": "2024-11-15T05:57:25.566117Z",
            "yes_price": 1,
            "no_price": 99,
            "taker_side": "no"
        },
        {
            "trade_id": "ed50632f-5858-4df2-81d3-bea5b6078ba8",
            "ticker": "KXHIGHMIA-24NOV15-B82.5",
            "count": 1,
            "created_time": "2024-11-15T05:56:07.820856Z",
            "yes_price": 1,
            "no_price": 99,
            "taker_side": "no"
        },
        {
            "trade_id": "d1d90f99-8f97-4c8e-a841-4209c13ed941",
            "ticker": "KXHIGHMIA-24NOV15-B82.5",
            "count": 8,
            "created_time": "2024-11-15T05:55:13.334821Z",
            "yes_price": 2,
            "no_price": 98,
            "taker_side": "yes"
        },
        {
            "trade_id": "a138b539-aae0-4b76-a66d-9a52c365168a",
            "ticker": "KXHIGHMIA-24NOV15-B82.5",
            "count": 37,
            "created_time": "2024-11-15T05:55:13.334821Z",
            "yes_price": 7,
            "no_price": 93,
            "taker_side": "yes"
        },
        {
            "trade_id": "4bad5590-1ed6-41b0-a92a-74cacad4c8e5",
            "ticker": "KXHIGHMIA-24NOV15-B82.5",
            "count": 18,
            "created_time": "2024-11-15T05:15:45.595305Z",
            "yes_price": 1,
            "no_price": 99,
            "taker_side": "no"
        },
        {
            "trade_id": "2da4e9f6-e44f-4de3-b1e6-5b055840f8e7",
            "ticker": "KXHIGHMIA-24NOV15-B82.5",
            "count": 8,
            "created_time": "2024-11-15T05:15:45.595305Z",
            "yes_price": 1,
            "no_price": 99,
            "taker_side": "no"
        },
        {
            "trade_id": "601a3d5c-bb81-44d8-8d8f-df7a4259d2a0",
            "ticker": "KXHIGHMIA-24NOV15-B82.5",
            "count": 8,
            "created_time": "2024-11-15T05:10:56.419517Z",
            "yes_price": 1,
            "no_price": 99,
            "taker_side": "no"
        },
        {
            "trade_id": "7cd0ca75-d859-4f5b-8a46-b20e81466a59",
            "ticker": "KXHIGHMIA-24NOV15-B82.5",
            "count": 100,
            "created_time": "2024-11-15T05:02:09.927272Z",
            "yes_price": 8,
            "no_price": 92,
            "taker_side": "yes"
        },
        {
            "trade_id": "32ad8f6a-3529-498b-97c4-b6b64ed100e7",
            "ticker": "KXHIGHMIA-24NOV15-B82.5",
            "count": 100,
            "created_time": "2024-11-15T05:02:09.927272Z",
            "yes_price": 7,
            "no_price": 93,
            "taker_side": "yes"
        },
        {
            "trade_id": "21a6829f-844c-42fe-9e0e-e59af4ab07ea",
            "ticker": "KXHIGHMIA-24NOV15-B82.5",
            "count": 47,
            "created_time": "2024-11-15T05:02:09.927272Z",
            "yes_price": 8,
            "no_price": 92,
            "taker_side": "yes"
        },
        {
            "trade_id": "de92253b-56b5-49ef-8531-df8c78265f17",
            "ticker": "KXHIGHMIA-24NOV15-B82.5",
            "count": 10,
            "created_time": "2024-11-15T04:56:49.769257Z",
            "yes_price": 2,
            "no_price": 98,
            "taker_side": "yes"
        },
        {
            "trade_id": "9ded611e-66cc-4c68-b7a0-0cc796cad62a",
            "ticker": "KXHIGHMIA-24NOV15-B82.5",
            "count": 78,
            "created_time": "2024-11-15T04:56:49.769257Z",
            "yes_price": 6,
            "no_price": 94,
            "taker_side": "yes"
        },
        {
            "trade_id": "9b067d85-746f-4a99-90af-9d264a72b2c9",
            "ticker": "KXHIGHMIA-24NOV15-B82.5",
            "count": 466,
            "created_time": "2024-11-15T04:56:49.769257Z",
            "yes_price": 7,
            "no_price": 93,
            "taker_side": "yes"
        },
        {
            "trade_id": "44b74d73-c3d1-4375-8a26-e191db340434",
            "ticker": "KXHIGHMIA-24NOV15-B82.5",
            "count": 40,
            "created_time": "2024-11-15T04:28:25.289738Z",
            "yes_price": 2,
            "no_price": 98,
            "taker_side": "yes"
        },
        {
            "trade_id": "ca048e04-1722-409c-ba60-a2c94193a015",
            "ticker": "KXHIGHMIA-24NOV15-B82.5",
            "count": 25,
            "created_time": "2024-11-15T03:47:06.23987Z",
            "yes_price": 1,
            "no_price": 99,
            "taker_side": "no"
        },
        {
            "trade_id": "eb2aa713-1008-4d94-87b3-ca0266c26db2",
            "ticker": "KXHIGHMIA-24NOV15-B82.5",
            "count": 69,
            "created_time": "2024-11-15T03:37:23.804909Z",
            "yes_price": 1,
            "no_price": 99,
            "taker_side": "no"
        },
        {
            "trade_id": "4cd948aa-3976-42b3-85cb-e6a78bc82bef",
            "ticker": "KXHIGHMIA-24NOV15-B82.5",
            "count": 50,
            "created_time": "2024-11-15T02:46:01.318366Z",
            "yes_price": 2,
            "no_price": 98,
            "taker_side": "no"
        },
        {
            "trade_id": "7596cee0-d89e-4ec8-a142-ea40f063fc88",
            "ticker": "KXHIGHMIA-24NOV15-B82.5",
            "count": 50,
            "created_time": "2024-11-15T02:46:01.317996Z",
            "yes_price": 2,
            "no_price": 98,
            "taker_side": "no"
        },
        {
            "trade_id": "ed01ca4e-6678-440d-be87-a908b8e9ff82",
            "ticker": "KXHIGHMIA-24NOV15-B82.5",
            "count": 200,
            "created_time": "2024-11-15T02:09:38.063012Z",
            "yes_price": 4,
            "no_price": 96,
            "taker_side": "yes"
        },
        {
            "trade_id": "c78a72f1-b0a6-4364-a576-d0d450e35ce4",
            "ticker": "KXHIGHMIA-24NOV15-B82.5",
            "count": 22,
            "created_time": "2024-11-15T02:09:38.063012Z",
            "yes_price": 6,
            "no_price": 94,
            "taker_side": "yes"
        },
        {
            "trade_id": "6fd0db32-4948-430c-a1bc-75787fc8ba66",
            "ticker": "KXHIGHMIA-24NOV15-B82.5",
            "count": 22,
            "created_time": "2024-11-15T02:06:26.124606Z",
            "yes_price": 3,
            "no_price": 97,
            "taker_side": "no"
        },
        {
            "trade_id": "4f0d0b1a-b4da-4de3-881d-c74a57b36cef",
            "ticker": "KXHIGHMIA-24NOV15-B82.5",
            "count": 69,
            "created_time": "2024-11-15T01:16:18.877336Z",
            "yes_price": 3,
            "no_price": 97,
            "taker_side": "no"
        },
        {
            "trade_id": "bb01348c-7cba-4b5e-bbbe-e7ce0a3cab1c",
            "ticker": "KXHIGHMIA-24NOV15-B82.5",
            "count": 27,
            "created_time": "2024-11-15T00:58:25.543311Z",
            "yes_price": 3,
            "no_price": 97,
            "taker_side": "no"
        },
        {
            "trade_id": "45549ed0-463f-4fd1-8204-e37f3b78ddde",
            "ticker": "KXHIGHMIA-24NOV15-B82.5",
            "count": 69,
            "created_time": "2024-11-15T00:54:08.894354Z",
            "yes_price": 3,
            "no_price": 97,
            "taker_side": "no"
        },
        {
            "trade_id": "7813157b-759d-484a-ad15-90d208681587",
            "ticker": "KXHIGHMIA-24NOV15-B82.5",
            "count": 4,
            "created_time": "2024-11-15T00:21:36.436415Z",
            "yes_price": 3,
            "no_price": 97,
            "taker_side": "no"
        },
        {
            "trade_id": "c25213a0-c854-4012-bf6d-75dc5802e7db",
            "ticker": "KXHIGHMIA-24NOV15-B82.5",
            "count": 65,
            "created_time": "2024-11-15T00:19:15.803782Z",
            "yes_price": 3,
            "no_price": 97,
            "taker_side": "no"
        },
        {
            "trade_id": "feae2342-b3dd-4994-b498-cf68a6019036",
            "ticker": "KXHIGHMIA-24NOV15-B82.5",
            "count": 42,
            "created_time": "2024-11-14T23:55:19.234592Z",
            "yes_price": 3,
            "no_price": 97,
            "taker_side": "no"
        },
        {
            "trade_id": "0ae56b11-93a8-4043-aa98-63b8e74e72d8",
            "ticker": "KXHIGHMIA-24NOV15-B82.5",
            "count": 2,
            "created_time": "2024-11-14T23:15:23.635471Z",
            "yes_price": 3,
            "no_price": 97,
            "taker_side": "no"
        },
        {
            "trade_id": "c346af3d-1612-4c33-aa54-7ce71edf116c",
            "ticker": "KXHIGHMIA-24NOV15-B82.5",
            "count": 11,
            "created_time": "2024-11-14T22:36:43.851887Z",
            "yes_price": 3,
            "no_price": 97,
            "taker_side": "no"
        },
        {
            "trade_id": "8929995c-cb08-4aca-af44-c48bdf8c0646",
            "ticker": "KXHIGHMIA-24NOV15-B82.5",
            "count": 39,
            "created_time": "2024-11-14T22:26:29.037122Z",
            "yes_price": 3,
            "no_price": 97,
            "taker_side": "no"
        },
        {
            "trade_id": "993b7509-3b01-41ee-8302-b8c9c2eb9212",
            "ticker": "KXHIGHMIA-24NOV15-B82.5",
            "count": 100,
            "created_time": "2024-11-14T18:52:24.851593Z",
            "yes_price": 6,
            "no_price": 94,
            "taker_side": "yes"
        },
        {
            "trade_id": "b63421ad-e3a0-4ce8-80b3-018326203595",
            "ticker": "KXHIGHMIA-24NOV15-B82.5",
            "count": 100,
            "created_time": "2024-11-14T18:52:24.826453Z",
            "yes_price": 5,
            "no_price": 95,
            "taker_side": "yes"
        }
    ],
    "KXHIGHMIA-24NOV15-B84.5": [
        {
            "trade_id": "06cc0d26-3c08-45cb-b932-9818b371cbc9",
            "ticker": "KXHIGHMIA-24NOV15-B84.5",
            "count": 93,
            "created_time": "2024-11-16T04:24:12.358842Z",
            "yes_price": 1,
            "no_price": 99,
            "taker_side": "yes"
        },
        {
            "trade_id": "d127973e-e77b-4a2a-aecd-6e6fd5534d87",
            "ticker": "KXHIGHMIA-24NOV15-B84.5",
            "count": 467,
            "created_time": "2024-11-16T03:51:51.802386Z",
            "yes_price": 1,
            "no_price": 99,
            "taker_side": "yes"
        },
        {
            "trade_id": "2823e1be-e830-4461-9e5b-54b499e39ec8",
            "ticker": "KXHIGHMIA-24NOV15-B84.5",
            "count": 388,
            "created_time": "2024-11-16T03:37:48.245379Z",
            "yes_price": 1,
            "no_price": 99,
            "taker_side": "yes"
        },
        {
            "trade_id": "8db43345-b871-48ce-9429-0c00a98d11c1",
            "ticker": "KXHIGHMIA-24NOV15-B84.5",
            "count": 388,
            "created_time": "2024-11-16T02:54:48.649928Z",
            "yes_price": 1,
            "no_price": 99,
            "taker_side": "yes"
        },
        {
            "trade_id": "8b3f5f2a-361c-4076-8c5d-ce88c12fcbad",
            "ticker": "KXHIGHMIA-24NOV15-B84.5",
            "count": 547,
            "created_time": "2024-11-16T02:54:48.649928Z",
            "yes_price": 1,
            "no_price": 99,
            "taker_side": "yes"
        },
        {
            "trade_id": "97c45202-2e8f-41ad-8208-1832359ac9dc",
            "ticker": "KXHIGHMIA-24NOV15-B84.5",
            "count": 3,
            "created_time": "2024-11-16T02:37:29.976161Z",
            "yes_price": 1,
            "no_price": 99,
            "taker_side": "yes"
        },
        {
            "trade_id": "d1a3f1cb-92eb-4ae8-9569-9681579a4331",
            "ticker": "KXHIGHMIA-24NOV15-B84.5",
            "count": 50,
            "created_time": "2024-11-16T02:06:19.437451Z",
            "yes_price": 1,
            "no_price": 99,
            "taker_side": "yes"
        },
        {
            "trade_id": "c5d250db-3fa6-4bec-af43-d0cdd5037358",
            "ticker": "KXHIGHMIA-24NOV15-B84.5",
            "count": 1277,
            "created_time": "2024-11-16T01:55:25.26388Z",
            "yes_price": 1,
            "no_price": 99,
            "taker_side": "no"
        },
        {
            "trade_id": "8c1de011-5fe7-4e19-b91f-04febe1336db",
            "ticker": "KXHIGHMIA-24NOV15-B84.5",
            "count": 1009,
            "created_time": "2024-11-16T01:53:59.852983Z",
            "yes_price": 1,
            "no_price": 99,
            "taker_side": "no"
        },
        {
            "trade_id": "15042363-7601-490d-b1a8-b67ea78dbd7c",
            "ticker": "KXHIGHMIA-24NOV15-B84.5",
            "count": 250,
            "created_time": "2024-11-16T01:47:32.887698Z",
            "yes_price": 1,
            "no_price": 99,
            "taker_side": "no"
        },
        {
            "trade_id": "71c88dad-8bb8-4f60-92ff-de306c36571f",
            "ticker": "KXHIGHMIA-24NOV15-B84.5",
            "count": 100,
            "created_time": "2024-11-16T01:44:44.407052Z",
            "yes_price": 1,
            "no_price": 99,
            "taker_side": "no"
        },
        {
            "trade_id": "e3c29c1a-b6d6-434f-98f3-2e18bee29978",
            "ticker": "KXHIGHMIA-24NOV15-B84.5",
            "count": 364,
            "created_time": "2024-11-16T01:44:08.680956Z",
            "yes_price": 1,
            "no_price": 99,
            "taker_side": "no"
        },
        {
            "trade_id": "ffa3f8dd-2385-4002-8b33-00ed21d5c864",
            "ticker": "KXHIGHMIA-24NOV15-B84.5",
            "count": 2000,
            "created_time": "2024-11-16T01:41:54.435839Z",
            "yes_price": 5,
            "no_price": 95,
            "taker_side": "yes"
        },
        {
            "trade_id": "ff9bef69-0fca-4c5a-8c54-dd2e3176bce6",
            "ticker": "KXHIGHMIA-24NOV15-B84.5",
            "count": 500,
            "created_time": "2024-11-16T01:41:54.435839Z",
            "yes_price": 1,
            "no_price": 99,
            "taker_side": "yes"
        },
        {
            "trade_id": "ee311632-a9f0-4cd5-a486-63e92e802468",
            "ticker": "KXHIGHMIA-24NOV15-B84.5",
            "count": 177,
            "created_time": "2024-11-16T01:41:54.435839Z",
            "yes_price": 6,
            "no_price": 94,
            "taker_side": "yes"
        },
        {
            "trade_id": "dd07e6fb-09c2-411c-a656-03de606ea989",
            "ticker": "KXHIGHMIA-24NOV15-B84.5",
            "count": 1486,
            "created_time": "2024-11-16T01:41:54.435839Z",
            "yes_price": 2,
            "no_price": 98,
            "taker_side": "yes"
        },
        {
            "trade_id": "db7b5377-da96-40b1-b7c1-a96235f2c21d",
            "ticker": "KXHIGHMIA-24NOV15-B84.5",
            "count": 10,
            "created_time": "2024-11-16T01:41:54.435839Z",
            "yes_price": 1,
            "no_price": 99,
            "taker_side": "yes"
        },
        {
            "trade_id": "d395cdfe-b32b-4156-bf36-ba0bf1b31d79",
            "ticker": "KXHIGHMIA-24NOV15-B84.5",
            "count": 1913,
            "created_time": "2024-11-16T01:41:54.435839Z",
            "yes_price": 1,
            "no_price": 99,
            "taker_side": "yes"
        },
        {
            "trade_id": "b2d8f61e-7f54-49ec-8bae-2b023ce04c4d",
            "ticker": "KXHIGHMIA-24NOV15-B84.5",
            "count": 1250,
            "created_time": "2024-11-16T01:41:54.435839Z",
            "yes_price": 1,
            "no_price": 99,
            "taker_side": "yes"
        },
        {
            "trade_id": "9d96fcde-d7ad-4ac2-ac37-177e8aaa4e0d",
            "ticker": "KXHIGHMIA-24NOV15-B84.5",
            "count": 107,
            "created_time": "2024-11-16T01:41:54.435839Z",
            "yes_price": 1,
            "no_price": 99,
            "taker_side": "yes"
        },
        {
            "trade_id": "8ee50e97-32a1-43d5-9b4f-ceff9661e020",
            "ticker": "KXHIGHMIA-24NOV15-B84.5",
            "count": 300,
            "created_time": "2024-11-16T01:41:54.435839Z",
            "yes_price": 3,
            "no_price": 97,
            "taker_side": "yes"
        },
        {
            "trade_id": "460d3ae6-8d70-4783-8b06-3b8ef2799ba1",
            "ticker": "KXHIGHMIA-24NOV15-B84.5",
            "count": 30,
            "created_time": "2024-11-16T01:41:54.435839Z",
            "yes_price": 1,
            "no_price": 99,
            "taker_side": "yes"
        },
        {
            "trade_id": "1d1dc93b-a3a5-4d3a-8882-82041233bafc",
            "ticker": "KXHIGHMIA-24NOV15-B84.5",
            "count": 1,
            "created_time": "2024-11-16T01:41:54.435839Z",
            "yes_price": 2,
            "no_price": 98,
            "taker_side": "yes"
        },
        {
            "trade_id": "d62c9548-3451-46d6-a636-3b4e5c526e2f",
            "ticker": "KXHIGHMIA-24NOV15-B84.5",
            "count": 1,
            "created_time": "2024-11-16T01:14:14.248853Z",
            "yes_price": 1,
            "no_price": 99,
            "taker_side": "yes"
        },
        {
            "trade_id": "3e22827e-95d4-445d-a8d1-9d8565c0c26a",
            "ticker": "KXHIGHMIA-24NOV15-B84.5",
            "count": 87,
            "created_time": "2024-11-16T01:14:14.248853Z",
            "yes_price": 1,
            "no_price": 99,
            "taker_side": "yes"
        },
        {
            "trade_id": "f1909d0b-3a85-4305-a104-ffbfb5102aee",
            "ticker": "KXHIGHMIA-24NOV15-B84.5",
            "count": 1042,
            "created_time": "2024-11-15T23:42:15.695878Z",
            "yes_price": 1,
            "no_price": 99,
            "taker_side": "yes"
        },
        {
            "trade_id": "710e30d8-6a2d-4a54-a785-287bd29f2f97",
            "ticker": "KXHIGHMIA-24NOV15-B84.5",
            "count": 669,
            "created_time": "2024-11-15T23:42:15.695878Z",
            "yes_price": 1,
            "no_price": 99,
            "taker_side": "yes"
        },
        {
            "trade_id": "c927ab46-6388-4b45-8e3a-6775bf9b5d97",
            "ticker": "KXHIGHMIA-24NOV15-B84.5",
            "count": 93,
            "created_time": "2024-11-15T23:38:33.478805Z",
            "yes_price": 1,
            "no_price": 99,
            "taker_side": "yes"
        },
        {
            "trade_id": "b42cddad-f38b-40a9-9e53-6c8be34b2005",
            "ticker": "KXHIGHMIA-24NOV15-B84.5",
            "count": 10,
            "created_time": "2024-11-15T23:30:21.640981Z",
            "yes_price": 1,
            "no_price": 99,
            "taker_side": "yes"
        },
        {
            "trade_id": "bfc207f3-0188-40f8-89db-0fad6184acc0",
            "ticker": "KXHIGHMIA-24NOV15-B84.5",
            "count": 4,
            "created_time": "2024-11-15T23:00:52.979442Z",
            "yes_price": 1,
            "no_price": 99,
            "taker_side": "yes"
        },
        {
            "trade_id": "aeae352b-671f-4653-bb9c-aeb56dc15167",
            "ticker": "KXHIGHMIA-24NOV15-B84.5",
            "count": 286,
            "created_time": "2024-11-15T22:50:38.739158Z",
            "yes_price": 1,
            "no_price": 99,
            "taker_side": "yes"
        },
        {
            "trade_id": "d38a9c98-2dd9-4f6a-bf75-c465a721cf7d",
            "ticker": "KXHIGHMIA-24NOV15-B84.5",
            "count": 1870,
            "created_time": "2024-11-15T22:19:32.232795Z",
            "yes_price": 1,
            "no_price": 99,
            "taker_side": "yes"
        },
        {
            "trade_id": "bbc9428a-f962-47a2-a888-9a169a9893d2",
            "ticker": "KXHIGHMIA-24NOV15-B84.5",
            "count": 68,
            "created_time": "2024-11-15T21:34:28.537399Z",
            "yes_price": 1,
            "no_price": 99,
            "taker_side": "yes"
        },
        {
            "trade_id": "6b94d584-d9f8-4209-8cef-d34e5bce8cc5",
            "ticker": "KXHIGHMIA-24NOV15-B84.5",
            "count": 307,
            "created_time": "2024-11-15T21:34:28.537399Z",
            "yes_price": 1,
            "no_price": 99,
            "taker_side": "yes"
        },
        {
            "trade_id": "5831a454-270c-4d72-b35b-3aa7088f05b0",
            "ticker": "KXHIGHMIA-24NOV15-B84.5",
            "count": 10,
            "created_time": "2024-11-15T21:34:28.537399Z",
            "yes_price": 1,
            "no_price": 99,
            "taker_side": "yes"
        },
        {
            "trade_id": "4d4bde85-a255-4b6d-bfbc-f74a77102a68",
            "ticker": "KXHIGHMIA-24NOV15-B84.5",
            "count": 81,
            "created_time": "2024-11-15T21:34:28.537399Z",
            "yes_price": 1,
            "no_price": 99,
            "taker_side": "yes"
        },
        {
            "trade_id": "ac8e231e-2e95-4ba8-a4d1-2cfc4d308578",
            "ticker": "KXHIGHMIA-24NOV15-B84.5",
            "count": 93,
            "created_time": "2024-11-15T21:28:54.66159Z",
            "yes_price": 1,
            "no_price": 99,
            "taker_side": "yes"
        },
        {
            "trade_id": "1696e239-a5c8-4771-893e-511010ff772e",
            "ticker": "KXHIGHMIA-24NOV15-B84.5",
            "count": 935,
            "created_time": "2024-11-15T21:20:59.088611Z",
            "yes_price": 2,
            "no_price": 98,
            "taker_side": "yes"
        },
        {
            "trade_id": "fc528838-616a-48fb-b654-7524315265bc",
            "ticker": "KXHIGHMIA-24NOV15-B84.5",
            "count": 154,
            "created_time": "2024-11-15T21:09:29.672189Z",
            "yes_price": 2,
            "no_price": 98,
            "taker_side": "yes"
        },
        {
            "trade_id": "dcaca902-f541-4611-9a60-a5652ca38fcf",
            "ticker": "KXHIGHMIA-24NOV15-B84.5",
            "count": 79,
            "created_time": "2024-11-15T21:09:29.672189Z",
            "yes_price": 2,
            "no_price": 98,
            "taker_side": "yes"
        },
        {
            "trade_id": "0641fad6-8d88-4c14-bb14-892b355b36a1",
            "ticker": "KXHIGHMIA-24NOV15-B84.5",
            "count": 46,
            "created_time": "2024-11-15T21:06:34.945709Z",
            "yes_price": 2,
            "no_price": 98,
            "taker_side": "yes"
        },
        {
            "trade_id": "de96699b-6908-4c2e-9ec5-a0055273ff56",
            "ticker": "KXHIGHMIA-24NOV15-B84.5",
            "count": 200,
            "created_time": "2024-11-15T21:05:41.840008Z",
            "yes_price": 2,
            "no_price": 98,
            "taker_side": "yes"
        },
        {
            "trade_id": "ce7b14f6-5cbf-42b6-b33a-1190ae53b74a",
            "ticker": "KXHIGHMIA-24NOV15-B84.5",
            "count": 482,
            "created_time": "2024-11-15T21:05:41.840008Z",
            "yes_price": 2,
            "no_price": 98,
            "taker_side": "yes"
        },
        {
            "trade_id": "30376cba-2731-4d5b-bf18-0c7bc4f8238b",
            "ticker": "KXHIGHMIA-24NOV15-B84.5",
            "count": 322,
            "created_time": "2024-11-15T21:05:41.840008Z",
            "yes_price": 3,
            "no_price": 97,
            "taker_side": "yes"
        },
        {
            "trade_id": "285f803d-79d6-48b0-814c-f1c986b619f9",
            "ticker": "KXHIGHMIA-24NOV15-B84.5",
            "count": 2,
            "created_time": "2024-11-15T21:05:41.840008Z",
            "yes_price": 3,
            "no_price": 97,
            "taker_side": "yes"
        },
        {
            "trade_id": "bd7694c9-a06a-4dee-8da5-3f3449d59e87",
            "ticker": "KXHIGHMIA-24NOV15-B84.5",
            "count": 200,
            "created_time": "2024-11-15T21:04:14.414595Z",
            "yes_price": 2,
            "no_price": 98,
            "taker_side": "yes"
        },
        {
            "trade_id": "5b9b5c13-2b1e-4229-b570-970ed55704ff",
            "ticker": "KXHIGHMIA-24NOV15-B84.5",
            "count": 33,
            "created_time": "2024-11-15T21:04:14.414595Z",
            "yes_price": 2,
            "no_price": 98,
            "taker_side": "yes"
        },
        {
            "trade_id": "ef55ab4b-6d38-4231-a7d8-887b81ccbd75",
            "ticker": "KXHIGHMIA-24NOV15-B84.5",
            "count": 44,
            "created_time": "2024-11-15T21:03:15.051469Z",
            "yes_price": 3,
            "no_price": 97,
            "taker_side": "yes"
        },
        {
            "trade_id": "d566bd04-4b53-4123-abed-2093b4bfe82e",
            "ticker": "KXHIGHMIA-24NOV15-B84.5",
            "count": 2141,
            "created_time": "2024-11-15T21:03:15.051469Z",
            "yes_price": 1,
            "no_price": 99,
            "taker_side": "yes"
        },
        {
            "trade_id": "31d0db83-0d9d-45f0-a4e2-f3054d079592",
            "ticker": "KXHIGHMIA-24NOV15-B84.5",
            "count": 200,
            "created_time": "2024-11-15T21:03:15.051469Z",
            "yes_price": 2,
            "no_price": 98,
            "taker_side": "yes"
        },
        {
            "trade_id": "1a8e1b28-1cea-46df-b1e3-321cde4f096c",
            "ticker": "KXHIGHMIA-24NOV15-B84.5",
            "count": 1000,
            "created_time": "2024-11-15T21:03:15.051469Z",
            "yes_price": 2,
            "no_price": 98,
            "taker_side": "yes"
        },
        {
            "trade_id": "14a1206d-e67a-4c73-8273-baeadcc1de58",
            "ticker": "KXHIGHMIA-24NOV15-B84.5",
            "count": 4675,
            "created_time": "2024-11-15T21:02:49.979036Z",
            "yes_price": 1,
            "no_price": 99,
            "taker_side": "yes"
        },
        {
            "trade_id": "0745e900-361c-44af-bb8b-3551da5e67fd",
            "ticker": "KXHIGHMIA-24NOV15-B84.5",
            "count": 1829,
            "created_time": "2024-11-15T21:01:08.056825Z",
            "yes_price": 1,
            "no_price": 99,
            "taker_side": "yes"
        },
        {
            "trade_id": "56c42724-c8f4-40c0-8df8-c810916d6e5f",
            "ticker": "KXHIGHMIA-24NOV15-B84.5",
            "count": 467,
            "created_time": "2024-11-15T20:58:04.271884Z",
            "yes_price": 1,
            "no_price": 99,
            "taker_side": "yes"
        },
        {
            "trade_id": "f51b4fec-4544-42bb-9c1d-187f2bfe9008",
            "ticker": "KXHIGHMIA-24NOV15-B84.5",
            "count": 93,
            "created_time": "2024-11-15T20:51:45.242345Z",
            "yes_price": 1,
            "no_price": 99,
            "taker_side": "yes"
        },
        {
            "trade_id": "8a03a827-19f7-44fe-a920-70a0b4914085",
            "ticker": "KXHIGHMIA-24NOV15-B84.5",
            "count": 187,
            "created_time": "2024-11-15T20:49:02.053747Z",
            "yes_price": 1,
            "no_price": 99,
            "taker_side": "yes"
        },
        {
            "trade_id": "4291a02b-836b-4003-9ec5-dcb478779ef2",
            "ticker": "KXHIGHMIA-24NOV15-B84.5",
            "count": 93,
            "created_time": "2024-11-15T20:46:03.896838Z",
            "yes_price": 1,
            "no_price": 99,
            "taker_side": "yes"
        },
        {
            "trade_id": "524fbb52-70c9-4a3f-8c66-fab2ed4deaf1",
            "ticker": "KXHIGHMIA-24NOV15-B84.5",
            "count": 93,
            "created_time": "2024-11-15T20:45:22.267988Z",
            "yes_price": 1,
            "no_price": 99,
            "taker_side": "yes"
        },
        {
            "trade_id": "3dab0fd7-c949-4e10-8fc6-5faee95b8cba",
            "ticker": "KXHIGHMIA-24NOV15-B84.5",
            "count": 187,
            "created_time": "2024-11-15T20:45:22.267988Z",
            "yes_price": 2,
            "no_price": 98,
            "taker_side": "yes"
        },
        {
            "trade_id": "f2e03450-f258-4aca-bc4e-e4213a28ca91",
            "ticker": "KXHIGHMIA-24NOV15-B84.5",
            "count": 350,
            "created_time": "2024-11-15T20:34:15.970638Z",
            "yes_price": 3,
            "no_price": 97,
            "taker_side": "yes"
        },
        {
            "trade_id": "e10739db-fcc1-496e-818c-4b576b2d911c",
            "ticker": "KXHIGHMIA-24NOV15-B84.5",
            "count": 2634,
            "created_time": "2024-11-15T20:34:15.970638Z",
            "yes_price": 3,
            "no_price": 97,
            "taker_side": "yes"
        },
        {
            "trade_id": "b458da7c-e280-453a-a722-2fc896956d36",
            "ticker": "KXHIGHMIA-24NOV15-B84.5",
            "count": 140,
            "created_time": "2024-11-15T20:34:15.970638Z",
            "yes_price": 2,
            "no_price": 98,
            "taker_side": "yes"
        },
        {
            "trade_id": "3f1d1f59-6d2f-4fd3-8f59-cf29dbde50f9",
            "ticker": "KXHIGHMIA-24NOV15-B84.5",
            "count": 46,
            "created_time": "2024-11-15T20:33:06.672613Z",
            "yes_price": 2,
            "no_price": 98,
            "taker_side": "yes"
        },
        {
            "trade_id": "7c1ac7b5-aaca-4bd9-8f78-96396b9c2fa0",
            "ticker": "KXHIGHMIA-24NOV15-B84.5",
            "count": 14,
            "created_time": "2024-11-15T20:30:53.107626Z",
            "yes_price": 2,
            "no_price": 98,
            "taker_side": "yes"
        },
        {
            "trade_id": "7a0acc88-e3e8-4786-928e-343c81654dfc",
            "ticker": "KXHIGHMIA-24NOV15-B84.5",
            "count": 157,
            "created_time": "2024-11-15T20:30:53.107626Z",
            "yes_price": 1,
            "no_price": 99,
            "taker_side": "yes"
        },
        {
            "trade_id": "13d234bc-e419-4bb4-a60e-ed4f1de52ef0",
            "ticker": "KXHIGHMIA-24NOV15-B84.5",
            "count": 93,
            "created_time": "2024-11-15T20:30:07.706627Z",
            "yes_price": 1,
            "no_price": 99,
            "taker_side": "yes"
        },
        {
            "trade_id": "fa62eb8b-3c27-4fa8-a106-2c1cd24c6e6a",
            "ticker": "KXHIGHMIA-24NOV15-B84.5",
            "count": 4000,
            "created_time": "2024-11-15T20:23:18.21753Z",
            "yes_price": 4,
            "no_price": 96,
            "taker_side": "yes"
        },
        {
            "trade_id": "f4a2544a-0b69-4ca4-bd9c-b41037706c5b",
            "ticker": "KXHIGHMIA-24NOV15-B84.5",
            "count": 5000,
            "created_time": "2024-11-15T20:23:18.21753Z",
            "yes_price": 3,
            "no_price": 97,
            "taker_side": "yes"
        },
        {
            "trade_id": "d1a7dc6b-6c0d-4e40-a5ad-cefb56faf7c0",
            "ticker": "KXHIGHMIA-24NOV15-B84.5",
            "count": 132,
            "created_time": "2024-11-15T20:23:18.21753Z",
            "yes_price": 5,
            "no_price": 95,
            "taker_side": "yes"
        },
        {
            "trade_id": "d12f55b0-6566-43c7-8c20-5ec3da8e7ad0",
            "ticker": "KXHIGHMIA-24NOV15-B84.5",
            "count": 603,
            "created_time": "2024-11-15T20:23:18.21753Z",
            "yes_price": 4,
            "no_price": 96,
            "taker_side": "yes"
        },
        {
            "trade_id": "98f82e15-2e10-4073-95f8-3002e2fed14b",
            "ticker": "KXHIGHMIA-24NOV15-B84.5",
            "count": 66,
            "created_time": "2024-11-15T20:23:18.21753Z",
            "yes_price": 7,
            "no_price": 93,
            "taker_side": "yes"
        },
        {
            "trade_id": "8e95204c-5e95-4ade-ad48-84d484da1af8",
            "ticker": "KXHIGHMIA-24NOV15-B84.5",
            "count": 140,
            "created_time": "2024-11-15T20:23:18.21753Z",
            "yes_price": 6,
            "no_price": 94,
            "taker_side": "yes"
        },
        {
            "trade_id": "5c439eb4-81e8-4fbb-9f3b-abaf091cc3c6",
            "ticker": "KXHIGHMIA-24NOV15-B84.5",
            "count": 200,
            "created_time": "2024-11-15T20:23:18.21753Z",
            "yes_price": 2,
            "no_price": 98,
            "taker_side": "yes"
        },
        {
            "trade_id": "3f931a30-b0ad-48a0-95ab-3fa50ed5bf8e",
            "ticker": "KXHIGHMIA-24NOV15-B84.5",
            "count": 100,
            "created_time": "2024-11-15T20:23:18.21753Z",
            "yes_price": 2,
            "no_price": 98,
            "taker_side": "yes"
        },
        {
            "trade_id": "39899ff5-94e1-4791-8743-243cdf1df9f1",
            "ticker": "KXHIGHMIA-24NOV15-B84.5",
            "count": 2000,
            "created_time": "2024-11-15T20:23:18.21753Z",
            "yes_price": 5,
            "no_price": 95,
            "taker_side": "yes"
        },
        {
            "trade_id": "dc758094-706f-4bd9-b5e6-4328ff76bb97",
            "ticker": "KXHIGHMIA-24NOV15-B84.5",
            "count": 93,
            "created_time": "2024-11-15T20:22:49.19682Z",
            "yes_price": 3,
            "no_price": 97,
            "taker_side": "yes"
        },
        {
            "trade_id": "fd35bea3-f04c-4748-b8d6-d8cddf318f83",
            "ticker": "KXHIGHMIA-24NOV15-B84.5",
            "count": 200,
            "created_time": "2024-11-15T20:21:54.980978Z",
            "yes_price": 2,
            "no_price": 98,
            "taker_side": "yes"
        },
        {
            "trade_id": "45ecfdf1-1301-443a-8b36-001e46860dbe",
            "ticker": "KXHIGHMIA-24NOV15-B84.5",
            "count": 518,
            "created_time": "2024-11-15T20:21:54.980978Z",
            "yes_price": 1,
            "no_price": 99,
            "taker_side": "yes"
        },
        {
            "trade_id": "3b58d2b6-0783-481b-bc3b-d660f0d24005",
            "ticker": "KXHIGHMIA-24NOV15-B84.5",
            "count": 997,
            "created_time": "2024-11-15T20:21:54.980978Z",
            "yes_price": 1,
            "no_price": 99,
            "taker_side": "yes"
        },
        {
            "trade_id": "209c14bd-28c4-4496-911b-0cc936acd6f2",
            "ticker": "KXHIGHMIA-24NOV15-B84.5",
            "count": 2000,
            "created_time": "2024-11-15T20:21:54.980978Z",
            "yes_price": 1,
            "no_price": 99,
            "taker_side": "yes"
        },
        {
            "trade_id": "1e57a24d-7910-4a1e-9954-ab08f87b39b6",
            "ticker": "KXHIGHMIA-24NOV15-B84.5",
            "count": 4397,
            "created_time": "2024-11-15T20:21:54.980978Z",
            "yes_price": 4,
            "no_price": 96,
            "taker_side": "yes"
        },
        {
            "trade_id": "11a26064-1da6-4522-8c47-e378100d7135",
            "ticker": "KXHIGHMIA-24NOV15-B84.5",
            "count": 471,
            "created_time": "2024-11-15T20:21:54.980978Z",
            "yes_price": 2,
            "no_price": 98,
            "taker_side": "yes"
        },
        {
            "trade_id": "0759774c-46d4-49c6-b6c1-0c1c7c2b1092",
            "ticker": "KXHIGHMIA-24NOV15-B84.5",
            "count": 3754,
            "created_time": "2024-11-15T20:21:54.980978Z",
            "yes_price": 4,
            "no_price": 96,
            "taker_side": "yes"
        },
        {
            "trade_id": "ba4ebd9d-2308-43d1-ad77-ab48e1f1805e",
            "ticker": "KXHIGHMIA-24NOV15-B84.5",
            "count": 50,
            "created_time": "2024-11-15T20:20:39.232214Z",
            "yes_price": 1,
            "no_price": 99,
            "taker_side": "yes"
        },
        {
            "trade_id": "71b73de6-d4a0-4cae-b660-be3c47f6e29e",
            "ticker": "KXHIGHMIA-24NOV15-B84.5",
            "count": 380,
            "created_time": "2024-11-15T20:20:39.232214Z",
            "yes_price": 1,
            "no_price": 99,
            "taker_side": "yes"
        },
        {
            "trade_id": "1b274ed3-8614-45ab-b01c-036d353b92a9",
            "ticker": "KXHIGHMIA-24NOV15-B84.5",
            "count": 503,
            "created_time": "2024-11-15T20:20:39.232214Z",
            "yes_price": 1,
            "no_price": 99,
            "taker_side": "yes"
        },
        {
            "trade_id": "d4e326a5-b42f-4fed-8dfd-c1fda41de5ac",
            "ticker": "KXHIGHMIA-24NOV15-B84.5",
            "count": 144,
            "created_time": "2024-11-15T20:20:23.739244Z",
            "yes_price": 1,
            "no_price": 99,
            "taker_side": "yes"
        },
        {
            "trade_id": "9a9298de-a7d0-44f6-a39b-d3ac36948d0d",
            "ticker": "KXHIGHMIA-24NOV15-B84.5",
            "count": 42,
            "created_time": "2024-11-15T20:20:23.739244Z",
            "yes_price": 1,
            "no_price": 99,
            "taker_side": "yes"
        },
        {
            "trade_id": "21d7bea1-44c0-45fa-9078-dc960d21a3cb",
            "ticker": "KXHIGHMIA-24NOV15-B84.5",
            "count": 93,
            "created_time": "2024-11-15T20:19:13.406773Z",
            "yes_price": 1,
            "no_price": 99,
            "taker_side": "yes"
        },
        {
            "trade_id": "3f1ac0be-f0cd-46c2-ae53-f0509207252d",
            "ticker": "KXHIGHMIA-24NOV15-B84.5",
            "count": 93,
            "created_time": "2024-11-15T20:18:09.952468Z",
            "yes_price": 1,
            "no_price": 99,
            "taker_side": "yes"
        },
        {
            "trade_id": "0f1826d3-9673-4c28-b2ac-ffc9fd620005",
            "ticker": "KXHIGHMIA-24NOV15-B84.5",
            "count": 187,
            "created_time": "2024-11-15T20:16:25.892196Z",
            "yes_price": 1,
            "no_price": 99,
            "taker_side": "yes"
        },
        {
            "trade_id": "ae9fe3fd-9ad0-4635-bfaf-60c30568af45",
            "ticker": "KXHIGHMIA-24NOV15-B84.5",
            "count": 93,
            "created_time": "2024-11-15T20:16:17.95357Z",
            "yes_price": 1,
            "no_price": 99,
            "taker_side": "yes"
        },
        {
            "trade_id": "ebd1ff3c-ee49-4a09-b480-0022b3090abb",
            "ticker": "KXHIGHMIA-24NOV15-B84.5",
            "count": 93,
            "created_time": "2024-11-15T20:15:38.592992Z",
            "yes_price": 1,
            "no_price": 99,
            "taker_side": "yes"
        },
        {
            "trade_id": "f5935e25-569f-472e-9180-b3a0526ef697",
            "ticker": "KXHIGHMIA-24NOV15-B84.5",
            "count": 93,
            "created_time": "2024-11-15T20:14:50.362095Z",
            "yes_price": 1,
            "no_price": 99,
            "taker_side": "yes"
        },
        {
            "trade_id": "0de3aba6-b794-4249-8af4-e983b64ddc1f",
            "ticker": "KXHIGHMIA-24NOV15-B84.5",
            "count": 186,
            "created_time": "2024-11-15T20:14:35.402184Z",
            "yes_price": 1,
            "no_price": 99,
            "taker_side": "yes"
        },
        {
            "trade_id": "1832db51-fcec-4242-8ca3-d4a397bbf80b",
            "ticker": "KXHIGHMIA-24NOV15-B84.5",
            "count": 93,
            "created_time": "2024-11-15T20:14:16.152868Z",
            "yes_price": 1,
            "no_price": 99,
            "taker_side": "yes"
        },
        {
            "trade_id": "ea349a15-0321-4f88-80d9-ba245a1b2583",
            "ticker": "KXHIGHMIA-24NOV15-B84.5",
            "count": 93,
            "created_time": "2024-11-15T20:14:05.626789Z",
            "yes_price": 1,
            "no_price": 99,
            "taker_side": "yes"
        },
        {
            "trade_id": "47c35479-7053-4471-a0bb-39cf1ca8593a",
            "ticker": "KXHIGHMIA-24NOV15-B84.5",
            "count": 93,
            "created_time": "2024-11-15T20:11:18.677557Z",
            "yes_price": 1,
            "no_price": 99,
            "taker_side": "yes"
        },
        {
            "trade_id": "b77781e8-7663-4b63-aea4-a6326aeb2bf4",
            "ticker": "KXHIGHMIA-24NOV15-B84.5",
            "count": 500,
            "created_time": "2024-11-15T20:03:00.062244Z",
            "yes_price": 1,
            "no_price": 99,
            "taker_side": "yes"
        },
        {
            "trade_id": "203fc7a8-07ad-47ac-84c6-c6e3f6f20352",
            "ticker": "KXHIGHMIA-24NOV15-B84.5",
            "count": 280,
            "created_time": "2024-11-15T19:55:35.450803Z",
            "yes_price": 1,
            "no_price": 99,
            "taker_side": "yes"
        },
        {
            "trade_id": "d14da1c5-24b2-427f-9ce2-451ce000446c",
            "ticker": "KXHIGHMIA-24NOV15-B84.5",
            "count": 18703,
            "created_time": "2024-11-15T19:47:51.211094Z",
            "yes_price": 1,
            "no_price": 99,
            "taker_side": "yes"
        },
        {
            "trade_id": "1635369a-a01c-4f05-95c2-af02df114505",
            "ticker": "KXHIGHMIA-24NOV15-B84.5",
            "count": 93,
            "created_time": "2024-11-15T19:42:57.523519Z",
            "yes_price": 1,
            "no_price": 99,
            "taker_side": "yes"
        },
        {
            "trade_id": "2bfea82a-4d6b-4656-9fd0-bf8271526f48",
            "ticker": "KXHIGHMIA-24NOV15-B84.5",
            "count": 93,
            "created_time": "2024-11-15T19:42:20.2247Z",
            "yes_price": 1,
            "no_price": 99,
            "taker_side": "yes"
        },
        {
            "trade_id": "ab8111e6-2cd1-4508-b6be-75f7e5aec562",
            "ticker": "KXHIGHMIA-24NOV15-B84.5",
            "count": 93,
            "created_time": "2024-11-15T19:40:34.475312Z",
            "yes_price": 1,
            "no_price": 99,
            "taker_side": "yes"
        },
        {
            "trade_id": "adef1060-9f6b-46b7-8721-897bcd9c46b8",
            "ticker": "KXHIGHMIA-24NOV15-B84.5",
            "count": 186,
            "created_time": "2024-11-15T19:40:12.199137Z",
            "yes_price": 1,
            "no_price": 99,
            "taker_side": "yes"
        },
        {
            "trade_id": "a50cada6-12f2-42b2-a73d-2d6e9d55720b",
            "ticker": "KXHIGHMIA-24NOV15-B84.5",
            "count": 93,
            "created_time": "2024-11-15T19:39:13.181952Z",
            "yes_price": 1,
            "no_price": 99,
            "taker_side": "yes"
        },
        {
            "trade_id": "fed153ea-407c-4677-8d11-7aab7724cd31",
            "ticker": "KXHIGHMIA-24NOV15-B84.5",
            "count": 300,
            "created_time": "2024-11-15T19:37:22.577604Z",
            "yes_price": 1,
            "no_price": 99,
            "taker_side": "no"
        },
        {
            "trade_id": "b0cd6268-670b-4c8c-9a8f-a88678a09996",
            "ticker": "KXHIGHMIA-24NOV15-B84.5",
            "count": 653,
            "created_time": "2024-11-15T19:37:22.577604Z",
            "yes_price": 1,
            "no_price": 99,
            "taker_side": "no"
        },
        {
            "trade_id": "4e881501-d7b7-4371-ab58-81a032887346",
            "ticker": "KXHIGHMIA-24NOV15-B84.5",
            "count": 871,
            "created_time": "2024-11-15T19:37:22.577604Z",
            "yes_price": 1,
            "no_price": 99,
            "taker_side": "no"
        },
        {
            "trade_id": "8206d811-8af8-4d17-b505-e556244411c5",
            "ticker": "KXHIGHMIA-24NOV15-B84.5",
            "count": 46,
            "created_time": "2024-11-15T19:36:20.161909Z",
            "yes_price": 2,
            "no_price": 98,
            "taker_side": "yes"
        },
        {
            "trade_id": "1e8141e1-3036-4745-b20b-4d1bd1b4cae9",
            "ticker": "KXHIGHMIA-24NOV15-B84.5",
            "count": 107,
            "created_time": "2024-11-15T19:36:13.45863Z",
            "yes_price": 2,
            "no_price": 98,
            "taker_side": "yes"
        },
        {
            "trade_id": "ed82790c-f040-4b5f-8587-c0d6d2749e85",
            "ticker": "KXHIGHMIA-24NOV15-B84.5",
            "count": 93,
            "created_time": "2024-11-15T19:35:27.521001Z",
            "yes_price": 2,
            "no_price": 98,
            "taker_side": "yes"
        },
        {
            "trade_id": "81bced82-3dab-4974-9449-135d67195732",
            "ticker": "KXHIGHMIA-24NOV15-B84.5",
            "count": 1110,
            "created_time": "2024-11-15T19:25:14.373181Z",
            "yes_price": 4,
            "no_price": 96,
            "taker_side": "yes"
        },
        {
            "trade_id": "436e1722-c1c6-411a-a276-66ed7e037d66",
            "ticker": "KXHIGHMIA-24NOV15-B84.5",
            "count": 81,
            "created_time": "2024-11-15T19:25:14.373181Z",
            "yes_price": 3,
            "no_price": 97,
            "taker_side": "yes"
        },
        {
            "trade_id": "a66eba91-f3c1-4a3b-9a1e-55a2c2082abb",
            "ticker": "KXHIGHMIA-24NOV15-B84.5",
            "count": 11,
            "created_time": "2024-11-15T19:24:54.790143Z",
            "yes_price": 2,
            "no_price": 98,
            "taker_side": "no"
        },
        {
            "trade_id": "0c1b31ff-6e60-417e-8c8c-8adfd31d1265",
            "ticker": "KXHIGHMIA-24NOV15-B84.5",
            "count": 12,
            "created_time": "2024-11-15T19:22:31.468925Z",
            "yes_price": 2,
            "no_price": 98,
            "taker_side": "no"
        },
        {
            "trade_id": "d893a6b3-1b07-4c03-98ec-8a377f28c1b4",
            "ticker": "KXHIGHMIA-24NOV15-B84.5",
            "count": 39,
            "created_time": "2024-11-15T19:21:52.681781Z",
            "yes_price": 2,
            "no_price": 98,
            "taker_side": "no"
        },
        {
            "trade_id": "c2de676c-a36f-4ee5-a6ca-ff3de05d203f",
            "ticker": "KXHIGHMIA-24NOV15-B84.5",
            "count": 81,
            "created_time": "2024-11-15T19:18:03.160723Z",
            "yes_price": 2,
            "no_price": 98,
            "taker_side": "no"
        },
        {
            "trade_id": "f466f288-8465-4416-a1ce-e467f0098c55",
            "ticker": "KXHIGHMIA-24NOV15-B84.5",
            "count": 32,
            "created_time": "2024-11-15T19:17:02.701399Z",
            "yes_price": 4,
            "no_price": 96,
            "taker_side": "yes"
        },
        {
            "trade_id": "e0d2111c-ae54-413f-a28c-7368e4a1d541",
            "ticker": "KXHIGHMIA-24NOV15-B84.5",
            "count": 81,
            "created_time": "2024-11-15T19:17:02.701399Z",
            "yes_price": 3,
            "no_price": 97,
            "taker_side": "yes"
        },
        {
            "trade_id": "9c2d32d3-ea6c-42b4-8992-d2218a729736",
            "ticker": "KXHIGHMIA-24NOV15-B84.5",
            "count": 81,
            "created_time": "2024-11-15T19:15:16.651243Z",
            "yes_price": 3,
            "no_price": 97,
            "taker_side": "yes"
        },
        {
            "trade_id": "cb56d39d-90cc-40d6-a95b-f732282f14df",
            "ticker": "KXHIGHMIA-24NOV15-B84.5",
            "count": 46,
            "created_time": "2024-11-15T19:12:02.439893Z",
            "yes_price": 2,
            "no_price": 98,
            "taker_side": "no"
        },
        {
            "trade_id": "e60944d0-68ed-4aff-90df-660b3e5d2ac0",
            "ticker": "KXHIGHMIA-24NOV15-B84.5",
            "count": 81,
            "created_time": "2024-11-15T19:11:04.665084Z",
            "yes_price": 3,
            "no_price": 97,
            "taker_side": "yes"
        },
        {
            "trade_id": "4d641245-3c86-4fb6-b2b6-00cf1a05f96c",
            "ticker": "KXHIGHMIA-24NOV15-B84.5",
            "count": 56,
            "created_time": "2024-11-15T19:11:04.665084Z",
            "yes_price": 4,
            "no_price": 96,
            "taker_side": "yes"
        },
        {
            "trade_id": "9d3d0493-e511-4b18-808a-752f6297a0e3",
            "ticker": "KXHIGHMIA-24NOV15-B84.5",
            "count": 111,
            "created_time": "2024-11-15T19:10:46.766295Z",
            "yes_price": 2,
            "no_price": 98,
            "taker_side": "no"
        },
        {
            "trade_id": "8706a532-2df6-4051-97fa-278a93ae60e5",
            "ticker": "KXHIGHMIA-24NOV15-B84.5",
            "count": 125,
            "created_time": "2024-11-15T19:09:24.84354Z",
            "yes_price": 4,
            "no_price": 96,
            "taker_side": "yes"
        },
        {
            "trade_id": "803c0527-30b3-4a35-af0c-7f72ae37f6e7",
            "ticker": "KXHIGHMIA-24NOV15-B84.5",
            "count": 81,
            "created_time": "2024-11-15T19:09:24.84354Z",
            "yes_price": 3,
            "no_price": 97,
            "taker_side": "yes"
        },
        {
            "trade_id": "50c5e926-7087-4f2e-bf2f-2d1de744f2ac",
            "ticker": "KXHIGHMIA-24NOV15-B84.5",
            "count": 48,
            "created_time": "2024-11-15T19:09:24.84354Z",
            "yes_price": 4,
            "no_price": 96,
            "taker_side": "yes"
        },
        {
            "trade_id": "ec57a8b6-3cf8-43cf-adc2-02d6b7c04221",
            "ticker": "KXHIGHMIA-24NOV15-B84.5",
            "count": 30,
            "created_time": "2024-11-15T19:04:54.936371Z",
            "yes_price": 2,
            "no_price": 98,
            "taker_side": "yes"
        },
        {
            "trade_id": "c99827e9-97c6-47fe-b80d-75729e574b5c",
            "ticker": "KXHIGHMIA-24NOV15-B84.5",
            "count": 200,
            "created_time": "2024-11-15T19:04:54.936371Z",
            "yes_price": 3,
            "no_price": 97,
            "taker_side": "yes"
        },
        {
            "trade_id": "66005d46-ac06-4182-a56d-195af4e8cf5a",
            "ticker": "KXHIGHMIA-24NOV15-B84.5",
            "count": 1719,
            "created_time": "2024-11-15T19:04:54.936371Z",
            "yes_price": 3,
            "no_price": 97,
            "taker_side": "yes"
        },
        {
            "trade_id": "0c62b47a-a78e-48a3-83f7-5043e066d533",
            "ticker": "KXHIGHMIA-24NOV15-B84.5",
            "count": 5000,
            "created_time": "2024-11-15T19:04:54.936371Z",
            "yes_price": 3,
            "no_price": 97,
            "taker_side": "yes"
        },
        {
            "trade_id": "03935a51-f3b3-42ae-943a-2f74be36638c",
            "ticker": "KXHIGHMIA-24NOV15-B84.5",
            "count": 3000,
            "created_time": "2024-11-15T19:04:54.936371Z",
            "yes_price": 3,
            "no_price": 97,
            "taker_side": "yes"
        },
        {
            "trade_id": "bf34b8df-8f56-4b62-ac7d-b5a865f691e9",
            "ticker": "KXHIGHMIA-24NOV15-B84.5",
            "count": 50,
            "created_time": "2024-11-15T19:03:26.805857Z",
            "yes_price": 2,
            "no_price": 98,
            "taker_side": "yes"
        },
        {
            "trade_id": "ca135675-bada-4454-b3d6-9148ce2f0552",
            "ticker": "KXHIGHMIA-24NOV15-B84.5",
            "count": 302,
            "created_time": "2024-11-15T19:02:13.408454Z",
            "yes_price": 2,
            "no_price": 98,
            "taker_side": "yes"
        },
        {
            "trade_id": "b3dcb084-8059-429a-8592-082d27f59554",
            "ticker": "KXHIGHMIA-24NOV15-B84.5",
            "count": 80,
            "created_time": "2024-11-15T19:02:13.408454Z",
            "yes_price": 2,
            "no_price": 98,
            "taker_side": "yes"
        },
        {
            "trade_id": "621b59f8-7357-47f7-928d-1db5ecd46986",
            "ticker": "KXHIGHMIA-24NOV15-B84.5",
            "count": 280,
            "created_time": "2024-11-15T19:02:13.408454Z",
            "yes_price": 2,
            "no_price": 98,
            "taker_side": "yes"
        },
        {
            "trade_id": "072e86c2-bc35-4daf-85ff-d0197f57dfb7",
            "ticker": "KXHIGHMIA-24NOV15-B84.5",
            "count": 338,
            "created_time": "2024-11-15T19:02:13.408454Z",
            "yes_price": 3,
            "no_price": 97,
            "taker_side": "yes"
        },
        {
            "trade_id": "ea5c37dc-5ae0-4490-9557-a2e940dc54ad",
            "ticker": "KXHIGHMIA-24NOV15-B84.5",
            "count": 467,
            "created_time": "2024-11-15T19:00:16.622384Z",
            "yes_price": 2,
            "no_price": 98,
            "taker_side": "yes"
        },
        {
            "trade_id": "03286532-96f5-4b80-98c7-9fdf3a51460e",
            "ticker": "KXHIGHMIA-24NOV15-B84.5",
            "count": 68,
            "created_time": "2024-11-15T18:59:46.502515Z",
            "yes_price": 1,
            "no_price": 99,
            "taker_side": "no"
        },
        {
            "trade_id": "ecf4ce72-48ec-4034-8542-149c13db8667",
            "ticker": "KXHIGHMIA-24NOV15-B84.5",
            "count": 36,
            "created_time": "2024-11-15T18:59:16.33707Z",
            "yes_price": 2,
            "no_price": 98,
            "taker_side": "yes"
        },
        {
            "trade_id": "751cdb4c-e58c-4b3f-9337-eeb783e504ae",
            "ticker": "KXHIGHMIA-24NOV15-B84.5",
            "count": 16,
            "created_time": "2024-11-15T18:59:01.189896Z",
            "yes_price": 1,
            "no_price": 99,
            "taker_side": "no"
        },
        {
            "trade_id": "0eada450-6fa4-4775-92ac-6ba323a3dfaf",
            "ticker": "KXHIGHMIA-24NOV15-B84.5",
            "count": 29,
            "created_time": "2024-11-15T18:59:01.189896Z",
            "yes_price": 1,
            "no_price": 99,
            "taker_side": "no"
        },
        {
            "trade_id": "de581705-0176-4ace-b8d5-919573daa781",
            "ticker": "KXHIGHMIA-24NOV15-B84.5",
            "count": 250,
            "created_time": "2024-11-15T18:56:31.633801Z",
            "yes_price": 2,
            "no_price": 98,
            "taker_side": "yes"
        },
        {
            "trade_id": "c0cf3f5e-5841-4bf0-b219-110b35dd1d4b",
            "ticker": "KXHIGHMIA-24NOV15-B84.5",
            "count": 467,
            "created_time": "2024-11-15T18:53:46.630594Z",
            "yes_price": 2,
            "no_price": 98,
            "taker_side": "yes"
        },
        {
            "trade_id": "ca2da662-cbbf-41bc-b72d-0a25e9f55782",
            "ticker": "KXHIGHMIA-24NOV15-B84.5",
            "count": 6,
            "created_time": "2024-11-15T18:49:03.750121Z",
            "yes_price": 1,
            "no_price": 99,
            "taker_side": "no"
        },
        {
            "trade_id": "af459dd1-0e5d-4054-94e9-65bf04da6c83",
            "ticker": "KXHIGHMIA-24NOV15-B84.5",
            "count": 234,
            "created_time": "2024-11-15T18:49:03.750121Z",
            "yes_price": 1,
            "no_price": 99,
            "taker_side": "no"
        },
        {
            "trade_id": "5ba71554-65cc-484e-96e7-aa8b6d280045",
            "ticker": "KXHIGHMIA-24NOV15-B84.5",
            "count": 1,
            "created_time": "2024-11-15T18:48:57.295009Z",
            "yes_price": 1,
            "no_price": 99,
            "taker_side": "no"
        },
        {
            "trade_id": "0380eace-b189-4ac1-bc4f-a70af2b68686",
            "ticker": "KXHIGHMIA-24NOV15-B84.5",
            "count": 135,
            "created_time": "2024-11-15T18:48:15.312728Z",
            "yes_price": 1,
            "no_price": 99,
            "taker_side": "no"
        },
        {
            "trade_id": "a0bbdd8f-4e60-42bc-b24d-83c5bdfc260d",
            "ticker": "KXHIGHMIA-24NOV15-B84.5",
            "count": 883,
            "created_time": "2024-11-15T18:46:15.387853Z",
            "yes_price": 3,
            "no_price": 97,
            "taker_side": "yes"
        },
        {
            "trade_id": "6a89c4de-7c7b-4fd2-a488-bcb349eb5e67",
            "ticker": "KXHIGHMIA-24NOV15-B84.5",
            "count": 80,
            "created_time": "2024-11-15T18:46:15.387853Z",
            "yes_price": 2,
            "no_price": 98,
            "taker_side": "yes"
        },
        {
            "trade_id": "f1779e3d-7cfe-47c2-8908-b2f4acc2b4f1",
            "ticker": "KXHIGHMIA-24NOV15-B84.5",
            "count": 633,
            "created_time": "2024-11-15T18:45:10.468965Z",
            "yes_price": 2,
            "no_price": 98,
            "taker_side": "yes"
        },
        {
            "trade_id": "5bbda3b8-f150-46e7-885b-1617092ea222",
            "ticker": "KXHIGHMIA-24NOV15-B84.5",
            "count": 117,
            "created_time": "2024-11-15T18:45:10.468965Z",
            "yes_price": 3,
            "no_price": 97,
            "taker_side": "yes"
        },
        {
            "trade_id": "59058d2b-a345-4fc9-a3c2-2ee8556a6323",
            "ticker": "KXHIGHMIA-24NOV15-B84.5",
            "count": 80,
            "created_time": "2024-11-15T18:45:10.468965Z",
            "yes_price": 2,
            "no_price": 98,
            "taker_side": "yes"
        },
        {
            "trade_id": "4ccfe23a-394a-4a84-baca-04da05a5f396",
            "ticker": "KXHIGHMIA-24NOV15-B84.5",
            "count": 2060,
            "created_time": "2024-11-15T18:45:10.468965Z",
            "yes_price": 3,
            "no_price": 97,
            "taker_side": "yes"
        },
        {
            "trade_id": "7dbde561-84de-43da-a7d6-9a46c1c171a2",
            "ticker": "KXHIGHMIA-24NOV15-B84.5",
            "count": 200,
            "created_time": "2024-11-15T18:44:57.837412Z",
            "yes_price": 2,
            "no_price": 98,
            "taker_side": "yes"
        },
        {
            "trade_id": "6841e75c-d060-4e8f-9dc7-002eb0e58e29",
            "ticker": "KXHIGHMIA-24NOV15-B84.5",
            "count": 9,
            "created_time": "2024-11-15T18:44:56.154355Z",
            "yes_price": 2,
            "no_price": 98,
            "taker_side": "yes"
        },
        {
            "trade_id": "ca850e38-88b4-4df6-b62c-0c436a753810",
            "ticker": "KXHIGHMIA-24NOV15-B84.5",
            "count": 12,
            "created_time": "2024-11-15T18:44:37.761344Z",
            "yes_price": 2,
            "no_price": 98,
            "taker_side": "yes"
        },
        {
            "trade_id": "ad78f634-a81f-4b22-bf89-5eb1c806ac66",
            "ticker": "KXHIGHMIA-24NOV15-B84.5",
            "count": 3,
            "created_time": "2024-11-15T18:44:14.640915Z",
            "yes_price": 2,
            "no_price": 98,
            "taker_side": "yes"
        },
        {
            "trade_id": "7c1c9e48-b330-455f-a3b6-9ede9a2a48d4",
            "ticker": "KXHIGHMIA-24NOV15-B84.5",
            "count": 1000,
            "created_time": "2024-11-15T18:44:09.718472Z",
            "yes_price": 2,
            "no_price": 98,
            "taker_side": "yes"
        },
        {
            "trade_id": "1ca362a5-d197-429d-bb18-a14ee53f6359",
            "ticker": "KXHIGHMIA-24NOV15-B84.5",
            "count": 1,
            "created_time": "2024-11-15T18:44:04.395449Z",
            "yes_price": 2,
            "no_price": 98,
            "taker_side": "yes"
        },
        {
            "trade_id": "a26c42cf-d31a-4e8e-becd-7bfa8773fdeb",
            "ticker": "KXHIGHMIA-24NOV15-B84.5",
            "count": 100,
            "created_time": "2024-11-15T18:43:11.258754Z",
            "yes_price": 2,
            "no_price": 98,
            "taker_side": "yes"
        },
        {
            "trade_id": "eb4f4461-e9ca-47e2-a968-ff5b993cad6d",
            "ticker": "KXHIGHMIA-24NOV15-B84.5",
            "count": 2000,
            "created_time": "2024-11-15T18:42:00.815879Z",
            "yes_price": 2,
            "no_price": 98,
            "taker_side": "yes"
        },
        {
            "trade_id": "ad4187de-7250-4762-be72-80703acc10f2",
            "ticker": "KXHIGHMIA-24NOV15-B84.5",
            "count": 353,
            "created_time": "2024-11-15T18:42:00.815879Z",
            "yes_price": 2,
            "no_price": 98,
            "taker_side": "yes"
        },
        {
            "trade_id": "8aa621de-4587-4675-a198-bcf645c46aeb",
            "ticker": "KXHIGHMIA-24NOV15-B84.5",
            "count": 80,
            "created_time": "2024-11-15T18:42:00.815879Z",
            "yes_price": 2,
            "no_price": 98,
            "taker_side": "yes"
        },
        {
            "trade_id": "37ee02c0-e5f4-4666-a974-c75a021fbbc9",
            "ticker": "KXHIGHMIA-24NOV15-B84.5",
            "count": 200,
            "created_time": "2024-11-15T18:42:00.815879Z",
            "yes_price": 2,
            "no_price": 98,
            "taker_side": "yes"
        },
        {
            "trade_id": "2768c07a-7c95-485e-b238-8e7f715b60fb",
            "ticker": "KXHIGHMIA-24NOV15-B84.5",
            "count": 2042,
            "created_time": "2024-11-15T18:42:00.815879Z",
            "yes_price": 2,
            "no_price": 98,
            "taker_side": "yes"
        },
        {
            "trade_id": "c7175fa9-bd66-4438-9e04-f11bec4b584f",
            "ticker": "KXHIGHMIA-24NOV15-B84.5",
            "count": 23,
            "created_time": "2024-11-15T18:41:57.811511Z",
            "yes_price": 2,
            "no_price": 98,
            "taker_side": "yes"
        },
        {
            "trade_id": "446dc24f-9e03-441f-8f79-49ad209004be",
            "ticker": "KXHIGHMIA-24NOV15-B84.5",
            "count": 23,
            "created_time": "2024-11-15T18:41:49.269102Z",
            "yes_price": 2,
            "no_price": 98,
            "taker_side": "yes"
        },
        {
            "trade_id": "76415138-5051-459e-b122-89695329ac88",
            "ticker": "KXHIGHMIA-24NOV15-B84.5",
            "count": 233,
            "created_time": "2024-11-15T18:41:35.00338Z",
            "yes_price": 2,
            "no_price": 98,
            "taker_side": "yes"
        },
        {
            "trade_id": "78678123-5f9d-48fb-97d2-958467d99d49",
            "ticker": "KXHIGHMIA-24NOV15-B84.5",
            "count": 200,
            "created_time": "2024-11-15T18:41:23.373667Z",
            "yes_price": 1,
            "no_price": 99,
            "taker_side": "no"
        },
        {
            "trade_id": "8aa9e2f1-ab95-4bb0-9d83-f54c35a5bb60",
            "ticker": "KXHIGHMIA-24NOV15-B84.5",
            "count": 46,
            "created_time": "2024-11-15T18:40:26.251787Z",
            "yes_price": 2,
            "no_price": 98,
            "taker_side": "yes"
        },
        {
            "trade_id": "80b41795-fa9c-4c7f-8a06-c3e10f4ab2af",
            "ticker": "KXHIGHMIA-24NOV15-B84.5",
            "count": 158,
            "created_time": "2024-11-15T18:37:41.235082Z",
            "yes_price": 1,
            "no_price": 99,
            "taker_side": "no"
        },
        {
            "trade_id": "d06f1053-7781-4693-aac3-0ad73434467e",
            "ticker": "KXHIGHMIA-24NOV15-B84.5",
            "count": 3,
            "created_time": "2024-11-15T18:33:47.138038Z",
            "yes_price": 2,
            "no_price": 98,
            "taker_side": "yes"
        },
        {
            "trade_id": "34d9a918-f6c6-42af-b167-68ab86b8928e",
            "ticker": "KXHIGHMIA-24NOV15-B84.5",
            "count": 467,
            "created_time": "2024-11-15T18:33:36.202571Z",
            "yes_price": 2,
            "no_price": 98,
            "taker_side": "yes"
        },
        {
            "trade_id": "cd679e03-dba7-40e3-be7e-ff67954fad5f",
            "ticker": "KXHIGHMIA-24NOV15-B84.5",
            "count": 467,
            "created_time": "2024-11-15T18:33:02.335554Z",
            "yes_price": 2,
            "no_price": 98,
            "taker_side": "yes"
        },
        {
            "trade_id": "a7df0513-b46d-4ac4-b5bf-f9a2a26870b2",
            "ticker": "KXHIGHMIA-24NOV15-B84.5",
            "count": 1169,
            "created_time": "2024-11-15T18:32:57.820894Z",
            "yes_price": 2,
            "no_price": 98,
            "taker_side": "yes"
        },
        {
            "trade_id": "aedbbc05-a39b-4be7-ad4a-3f2ed43ae6e7",
            "ticker": "KXHIGHMIA-24NOV15-B84.5",
            "count": 80,
            "created_time": "2024-11-15T18:32:42.930121Z",
            "yes_price": 2,
            "no_price": 98,
            "taker_side": "yes"
        },
        {
            "trade_id": "8339fa19-cba8-4ca7-a1ff-671082bc3ea2",
            "ticker": "KXHIGHMIA-24NOV15-B84.5",
            "count": 1107,
            "created_time": "2024-11-15T18:32:42.930121Z",
            "yes_price": 2,
            "no_price": 98,
            "taker_side": "yes"
        },
        {
            "trade_id": "68fd5124-5468-4f0c-a619-fafffc2681ec",
            "ticker": "KXHIGHMIA-24NOV15-B84.5",
            "count": 216,
            "created_time": "2024-11-15T18:32:42.930121Z",
            "yes_price": 2,
            "no_price": 98,
            "taker_side": "yes"
        },
        {
            "trade_id": "85e5f00d-e74c-492c-865c-b6f09e971d83",
            "ticker": "KXHIGHMIA-24NOV15-B84.5",
            "count": 89,
            "created_time": "2024-11-15T18:32:28.391665Z",
            "yes_price": 1,
            "no_price": 99,
            "taker_side": "no"
        },
        {
            "trade_id": "75fa64dc-071a-45f8-835f-6f5f3dd7a6c5",
            "ticker": "KXHIGHMIA-24NOV15-B84.5",
            "count": 233,
            "created_time": "2024-11-15T18:32:01.350403Z",
            "yes_price": 2,
            "no_price": 98,
            "taker_side": "yes"
        },
        {
            "trade_id": "7b0c50d3-ef68-4b18-8310-4180bfaf5b55",
            "ticker": "KXHIGHMIA-24NOV15-B84.5",
            "count": 12,
            "created_time": "2024-11-15T18:32:00.371535Z",
            "yes_price": 2,
            "no_price": 98,
            "taker_side": "yes"
        },
        {
            "trade_id": "9f5e4abf-d9c3-4d26-b9a8-0f468558e043",
            "ticker": "KXHIGHMIA-24NOV15-B84.5",
            "count": 200,
            "created_time": "2024-11-15T18:31:52.243706Z",
            "yes_price": 2,
            "no_price": 98,
            "taker_side": "yes"
        },
        {
            "trade_id": "f38dec2b-6ba6-446c-8300-928697de537c",
            "ticker": "KXHIGHMIA-24NOV15-B84.5",
            "count": 448,
            "created_time": "2024-11-15T18:31:15.636941Z",
            "yes_price": 2,
            "no_price": 98,
            "taker_side": "yes"
        },
        {
            "trade_id": "89a2c7ea-def1-46bd-92e4-cc971472a02e",
            "ticker": "KXHIGHMIA-24NOV15-B84.5",
            "count": 80,
            "created_time": "2024-11-15T18:31:15.636941Z",
            "yes_price": 2,
            "no_price": 98,
            "taker_side": "yes"
        },
        {
            "trade_id": "6f7b3973-c347-4ac8-a777-e3400e7e4121",
            "ticker": "KXHIGHMIA-24NOV15-B84.5",
            "count": 115,
            "created_time": "2024-11-15T18:31:15.636941Z",
            "yes_price": 1,
            "no_price": 99,
            "taker_side": "yes"
        },
        {
            "trade_id": "61dd69f7-720e-467a-ae88-4747b08ba7e8",
            "ticker": "KXHIGHMIA-24NOV15-B84.5",
            "count": 471,
            "created_time": "2024-11-15T18:31:15.636941Z",
            "yes_price": 1,
            "no_price": 99,
            "taker_side": "yes"
        },
        {
            "trade_id": "48a83ee2-14e5-44cc-bc4a-95913368a744",
            "ticker": "KXHIGHMIA-24NOV15-B84.5",
            "count": 110,
            "created_time": "2024-11-15T18:31:15.636941Z",
            "yes_price": 2,
            "no_price": 98,
            "taker_side": "yes"
        },
        {
            "trade_id": "2dfd9ade-7bd6-40be-9faa-bc695a752cca",
            "ticker": "KXHIGHMIA-24NOV15-B84.5",
            "count": 471,
            "created_time": "2024-11-15T18:31:15.636941Z",
            "yes_price": 2,
            "no_price": 98,
            "taker_side": "yes"
        },
        {
            "trade_id": "d5ff0025-cd2c-4a5a-b13f-4f0b0a927194",
            "ticker": "KXHIGHMIA-24NOV15-B84.5",
            "count": 1,
            "created_time": "2024-11-15T18:30:14.916855Z",
            "yes_price": 1,
            "no_price": 99,
            "taker_side": "yes"
        },
        {
            "trade_id": "f1a71d3a-038f-4a23-9fd8-280637187d8a",
            "ticker": "KXHIGHMIA-24NOV15-B84.5",
            "count": 50,
            "created_time": "2024-11-15T18:30:03.230027Z",
            "yes_price": 1,
            "no_price": 99,
            "taker_side": "yes"
        },
        {
            "trade_id": "d69b2947-2e9b-44ad-ad5e-cf9916e79121",
            "ticker": "KXHIGHMIA-24NOV15-B84.5",
            "count": 884,
            "created_time": "2024-11-15T18:30:03.230027Z",
            "yes_price": 1,
            "no_price": 99,
            "taker_side": "yes"
        },
        {
            "trade_id": "f0220522-f6b8-4315-8f00-47396b6de9a0",
            "ticker": "KXHIGHMIA-24NOV15-B84.5",
            "count": 50,
            "created_time": "2024-11-15T18:28:08.211693Z",
            "yes_price": 1,
            "no_price": 99,
            "taker_side": "no"
        },
        {
            "trade_id": "5035c3a4-3490-4ea8-bc5e-917c15f595a0",
            "ticker": "KXHIGHMIA-24NOV15-B84.5",
            "count": 950,
            "created_time": "2024-11-15T18:28:04.864067Z",
            "yes_price": 1,
            "no_price": 99,
            "taker_side": "yes"
        },
        {
            "trade_id": "81379ed1-279f-41d5-8d3e-b65b2ab46e67",
            "ticker": "KXHIGHMIA-24NOV15-B84.5",
            "count": 50,
            "created_time": "2024-11-15T18:27:49.847369Z",
            "yes_price": 1,
            "no_price": 99,
            "taker_side": "yes"
        },
        {
            "trade_id": "3f68da53-418c-4428-b3e8-6464f917639e",
            "ticker": "KXHIGHMIA-24NOV15-B84.5",
            "count": 100,
            "created_time": "2024-11-15T18:27:32.093851Z",
            "yes_price": 1,
            "no_price": 99,
            "taker_side": "no"
        },
        {
            "trade_id": "36566ff1-f228-4189-a6ef-8f77decae2c5",
            "ticker": "KXHIGHMIA-24NOV15-B84.5",
            "count": 1000,
            "created_time": "2024-11-15T18:27:32.093851Z",
            "yes_price": 1,
            "no_price": 99,
            "taker_side": "no"
        },
        {
            "trade_id": "25a89c1f-e8e2-4d56-8ca9-358b3c3b1453",
            "ticker": "KXHIGHMIA-24NOV15-B84.5",
            "count": 39,
            "created_time": "2024-11-15T18:27:32.093851Z",
            "yes_price": 1,
            "no_price": 99,
            "taker_side": "no"
        },
        {
            "trade_id": "19a7b87d-36fa-4abd-bec1-9c78ee7bd9db",
            "ticker": "KXHIGHMIA-24NOV15-B84.5",
            "count": 120,
            "created_time": "2024-11-15T18:27:32.093851Z",
            "yes_price": 1,
            "no_price": 99,
            "taker_side": "no"
        },
        {
            "trade_id": "b36dad79-0e98-4d0d-90ad-19bf221323f1",
            "ticker": "KXHIGHMIA-24NOV15-B84.5",
            "count": 250,
            "created_time": "2024-11-15T18:27:23.768389Z",
            "yes_price": 2,
            "no_price": 98,
            "taker_side": "no"
        },
        {
            "trade_id": "f4ad780a-8e91-4ae1-bbc9-5bb46f8f8f71",
            "ticker": "KXHIGHMIA-24NOV15-B84.5",
            "count": 250,
            "created_time": "2024-11-15T18:27:23.698708Z",
            "yes_price": 2,
            "no_price": 98,
            "taker_side": "no"
        },
        {
            "trade_id": "024523fe-24d1-441a-958e-d42e7740d5bf",
            "ticker": "KXHIGHMIA-24NOV15-B84.5",
            "count": 250,
            "created_time": "2024-11-15T18:27:23.637793Z",
            "yes_price": 2,
            "no_price": 98,
            "taker_side": "no"
        },
        {
            "trade_id": "e0b4a03d-af69-4a54-87db-98a81114356e",
            "ticker": "KXHIGHMIA-24NOV15-B84.5",
            "count": 250,
            "created_time": "2024-11-15T18:27:23.582332Z",
            "yes_price": 2,
            "no_price": 98,
            "taker_side": "no"
        },
        {
            "trade_id": "b8a8d623-a99e-4dca-831e-c26bf6543c44",
