{
    "KXHIGHMIA-24DEC22-T70": [
        {
            "trade_id": "0674fa7e-9656-4cf6-8ae4-52c18279a5e7",
            "ticker": "KXHIGHMIA-24DEC22-T70",
            "count": 5,
            "created_time": "2024-12-22T19:31:27.488643Z",
            "yes_price": 1,
            "no_price": 99,
            "taker_side": "yes"
        },
        {
            "trade_id": "fade6e85-d15e-467c-8201-95e804b96fad",
            "ticker": "KXHIGHMIA-24DEC22-T70",
            "count": 10,
            "created_time": "2024-12-22T18:32:40.062284Z",
            "yes_price": 1,
            "no_price": 99,
            "taker_side": "yes"
        },
        {
            "trade_id": "2cc302d2-3fc8-401f-abea-824b66c69647",
            "ticker": "KXHIGHMIA-24DEC22-T70",
            "count": 50,
            "created_time": "2024-12-21T22:40:08.552251Z",
            "yes_price": 6,
            "no_price": 94,
            "taker_side": "yes"
        },
        {
            "trade_id": "2552220e-93b7-4320-8de4-cb891a61d779",
            "ticker": "KXHIGHMIA-24DEC22-T70",
            "count": 200,
            "created_time": "2024-12-21T22:39:28.178449Z",
            "yes_price": 5,
            "no_price": 95,
            "taker_side": "no"
        },
        {
            "trade_id": "6d435884-ffb5-4359-8641-47a28972eaac",
            "ticker": "KXHIGHMIA-24DEC22-T70",
            "count": 186,
            "created_time": "2024-12-21T22:38:42.906945Z",
            "yes_price": 5,
            "no_price": 95,
            "taker_side": "yes"
        },
        {
            "trade_id": "041e13e5-3244-4cfa-a483-a54070d49ed8",
            "ticker": "KXHIGHMIA-24DEC22-T70",
            "count": 14,
            "created_time": "2024-12-21T22:38:42.906945Z",
            "yes_price": 5,
            "no_price": 95,
            "taker_side": "yes"
        }
    ],
    "KXHIGHMIA-24DEC22-B70.5": [
        {
            "trade_id": "ce1f3b55-42c9-41a0-b086-fe511c514482",
            "ticker": "KXHIGHMIA-24DEC22-B70.5",
            "count": 215,
            "created_time": "2024-12-22T19:44:00.911187Z",
            "yes_price": 1,
            "no_price": 99,
            "taker_side": "yes"
        },
        {
            "trade_id": "b3766f65-951f-4c9e-a865-f2173d75f1da",
            "ticker": "KXHIGHMIA-24DEC22-B70.5",
            "count": 100,
            "created_time": "2024-12-22T16:18:40.923168Z",
            "yes_price": 2,
            "no_price": 98,
            "taker_side": "yes"
        },
        {
            "trade_id": "3d6ce8e0-4a68-4275-958a-27c2964dfa8d",
            "ticker": "KXHIGHMIA-24DEC22-B70.5",
            "count": 48,
            "created_time": "2024-12-22T15:30:00.764657Z",
            "yes_price": 1,
            "no_price": 99,
            "taker_side": "no"
        },
        {
            "trade_id": "8d435df2-517f-4b1a-9abe-66a41e5c09d8",
            "ticker": "KXHIGHMIA-24DEC22-B70.5",
            "count": 115,
            "created_time": "2024-12-22T15:29:57.966028Z",
            "yes_price": 2,
            "no_price": 98,
            "taker_side": "no"
        },
        {
            "trade_id": "4214c88d-ae45-43db-9838-a5a3910b766d",
            "ticker": "KXHIGHMIA-24DEC22-B70.5",
            "count": 3,
            "created_time": "2024-12-22T15:27:52.721452Z",
            "yes_price": 2,
            "no_price": 98,
            "taker_side": "no"
        },
        {
            "trade_id": "86f8e427-c7db-4c49-9821-be90270c0360",
            "ticker": "KXHIGHMIA-24DEC22-B70.5",
            "count": 31,
            "created_time": "2024-12-22T14:23:00.640632Z",
            "yes_price": 2,
            "no_price": 98,
            "taker_side": "no"
        },
        {
            "trade_id": "563b20a6-a5d2-4d9c-b158-b057366514ad",
            "ticker": "KXHIGHMIA-24DEC22-B70.5",
            "count": 301,
            "created_time": "2024-12-22T14:23:00.640632Z",
            "yes_price": 1,
            "no_price": 99,
            "taker_side": "no"
        },
        {
            "trade_id": "a73fe03a-da28-41b2-86ff-be9cdd665a3d",
            "ticker": "KXHIGHMIA-24DEC22-B70.5",
            "count": 13,
            "created_time": "2024-12-22T13:43:41.780935Z",
            "yes_price": 1,
            "no_price": 99,
            "taker_side": "yes"
        },
        {
            "trade_id": "e65bfed6-0cd8-403e-a7e8-6aa9c3d9dd72",
            "ticker": "KXHIGHMIA-24DEC22-B70.5",
            "count": 25,
            "created_time": "2024-12-22T07:36:06.160901Z",
            "yes_price": 3,
            "no_price": 97,
            "taker_side": "yes"
        },
        {
            "trade_id": "85669907-92ed-4f3a-bbd2-f84a2586bd7e",
            "ticker": "KXHIGHMIA-24DEC22-B70.5",
            "count": 5,
            "created_time": "2024-12-22T07:36:06.160901Z",
            "yes_price": 2,
            "no_price": 98,
            "taker_side": "yes"
        },
        {
            "trade_id": "5dcded62-7267-44a6-b6e8-36d104af033a",
            "ticker": "KXHIGHMIA-24DEC22-B70.5",
            "count": 5,
            "created_time": "2024-12-22T07:36:06.160901Z",
            "yes_price": 1,
            "no_price": 99,
            "taker_side": "yes"
        },
        {
            "trade_id": "3f7e4696-90b6-474f-a6d7-0534c7146c4e",
            "ticker": "KXHIGHMIA-24DEC22-B70.5",
            "count": 95,
            "created_time": "2024-12-22T07:11:30.692291Z",
            "yes_price": 1,
            "no_price": 99,
            "taker_side": "no"
        },
        {
            "trade_id": "e2a25604-2bf2-4e06-b040-aa8feb4580a1",
            "ticker": "KXHIGHMIA-24DEC22-B70.5",
            "count": 5,
            "created_time": "2024-12-22T06:32:08.380586Z",
            "yes_price": 1,
            "no_price": 99,
            "taker_side": "no"
        },
        {
            "trade_id": "95c42824-2ed8-4c0d-b8cf-40283359da66",
            "ticker": "KXHIGHMIA-24DEC22-B70.5",
            "count": 117,
            "created_time": "2024-12-22T04:42:06.51493Z",
            "yes_price": 1,
            "no_price": 99,
            "taker_side": "no"
        },
        {
            "trade_id": "2c0d757d-5803-492e-bbf0-36f77d342b4e",
            "ticker": "KXHIGHMIA-24DEC22-B70.5",
            "count": 2,
            "created_time": "2024-12-22T04:39:27.684084Z",
            "yes_price": 1,
            "no_price": 99,
            "taker_side": "no"
        },
        {
            "trade_id": "53e9cf3b-3151-4b06-a45f-19c427d57cdd",
            "ticker": "KXHIGHMIA-24DEC22-B70.5",
            "count": 27,
            "created_time": "2024-12-22T04:31:06.520554Z",
            "yes_price": 1,
            "no_price": 99,
            "taker_side": "no"
        },
        {
            "trade_id": "74fdb421-5c4a-422f-9c97-8a15c7209d41",
            "ticker": "KXHIGHMIA-24DEC22-B70.5",
            "count": 11,
            "created_time": "2024-12-22T04:24:07.489582Z",
            "yes_price": 1,
            "no_price": 99,
            "taker_side": "no"
        },
        {
            "trade_id": "b1bbda70-13e0-4052-93d5-9c10f4d11568",
            "ticker": "KXHIGHMIA-24DEC22-B70.5",
            "count": 39,
            "created_time": "2024-12-22T03:59:02.400733Z",
            "yes_price": 3,
            "no_price": 97,
            "taker_side": "yes"
        },
        {
            "trade_id": "ac11058b-7541-49e8-ab1f-24f7931f418a",
            "ticker": "KXHIGHMIA-24DEC22-B70.5",
            "count": 43,
            "created_time": "2024-12-22T02:42:01.584186Z",
            "yes_price": 1,
            "no_price": 99,
            "taker_side": "no"
        },
        {
            "trade_id": "b1e2088a-61c4-4f91-8cb3-8e3e6a94cc28",
            "ticker": "KXHIGHMIA-24DEC22-B70.5",
            "count": 14,
            "created_time": "2024-12-22T01:21:37.358903Z",
            "yes_price": 2,
            "no_price": 98,
            "taker_side": "no"
        },
        {
            "trade_id": "680db737-543d-40aa-92dc-abbc2186c386",
            "ticker": "KXHIGHMIA-24DEC22-B70.5",
            "count": 3,
            "created_time": "2024-12-21T22:57:46.335313Z",
            "yes_price": 2,
            "no_price": 98,
            "taker_side": "no"
        },
        {
            "trade_id": "057a81dd-f968-45a3-9b2d-f33451559919",
            "ticker": "KXHIGHMIA-24DEC22-B70.5",
            "count": 250,
            "created_time": "2024-12-21T22:41:24.925612Z",
            "yes_price": 3,
            "no_price": 97,
            "taker_side": "yes"
        },
        {
            "trade_id": "3526e8ee-daa2-4aff-a323-d5503e74799e",
            "ticker": "KXHIGHMIA-24DEC22-B70.5",
            "count": 197,
            "created_time": "2024-12-21T22:20:52.877127Z",
            "yes_price": 2,
            "no_price": 98,
            "taker_side": "yes"
        },
        {
            "trade_id": "a9f48a57-f454-4869-9764-e87ed7a24721",
            "ticker": "KXHIGHMIA-24DEC22-B70.5",
            "count": 3,
            "created_time": "2024-12-21T21:57:48.894285Z",
            "yes_price": 2,
            "no_price": 98,
            "taker_side": "no"
        }
    ],
    "KXHIGHMIA-24DEC22-B72.5": [
        {
            "trade_id": "84557aa0-9ca2-4c39-a2f1-03b720592110",
            "ticker": "KXHIGHMIA-24DEC22-B72.5",
            "count": 22,
            "created_time": "2024-12-22T22:07:58.572206Z",
            "yes_price": 1,
            "no_price": 99,
            "taker_side": "yes"
        },
        {
            "trade_id": "8f2b3026-b8b5-427f-a10c-adbc14ee7f04",
            "ticker": "KXHIGHMIA-24DEC22-B72.5",
            "count": 18,
            "created_time": "2024-12-22T21:24:19.658729Z",
            "yes_price": 1,
            "no_price": 99,
            "taker_side": "yes"
        },
        {
            "trade_id": "8c3f63bc-9f46-4641-968f-242d73411d81",
            "ticker": "KXHIGHMIA-24DEC22-B72.5",
            "count": 10,
            "created_time": "2024-12-22T20:02:36.768224Z",
            "yes_price": 1,
            "no_price": 99,
            "taker_side": "yes"
        },
        {
            "trade_id": "aa79dd97-bdcb-4cc7-a78b-046804662e7e",
            "ticker": "KXHIGHMIA-24DEC22-B72.5",
            "count": 1122,
            "created_time": "2024-12-22T19:45:39.56249Z",
            "yes_price": 1,
            "no_price": 99,
            "taker_side": "yes"
        },
        {
            "trade_id": "6fed5a04-76f0-48b3-8c48-74da7103462a",
            "ticker": "KXHIGHMIA-24DEC22-B72.5",
            "count": 467,
            "created_time": "2024-12-22T19:35:06.152844Z",
            "yes_price": 1,
            "no_price": 99,
            "taker_side": "yes"
        },
        {
            "trade_id": "a6bcd213-b5f7-472f-a9f8-37a9fb8ecf9f",
            "ticker": "KXHIGHMIA-24DEC22-B72.5",
            "count": 3,
            "created_time": "2024-12-22T19:27:59.672926Z",
            "yes_price": 1,
            "no_price": 99,
            "taker_side": "yes"
        },
        {
            "trade_id": "d0ac4f9b-5ab8-4c75-b569-f455ebd102ec",
            "ticker": "KXHIGHMIA-24DEC22-B72.5",
            "count": 4759,
            "created_time": "2024-12-22T19:24:33.984953Z",
            "yes_price": 1,
            "no_price": 99,
            "taker_side": "yes"
        },
        {
            "trade_id": "cf69eb74-4eda-4639-b8dd-d9a07ee4429b",
            "ticker": "KXHIGHMIA-24DEC22-B72.5",
            "count": 5,
            "created_time": "2024-12-22T19:22:16.307502Z",
            "yes_price": 1,
            "no_price": 99,
            "taker_side": "yes"
        },
        {
            "trade_id": "c52c5cb7-b64d-4982-80fe-ea60064d01da",
            "ticker": "KXHIGHMIA-24DEC22-B72.5",
            "count": 8697,
            "created_time": "2024-12-22T19:09:48.962555Z",
            "yes_price": 1,
            "no_price": 99,
            "taker_side": "yes"
        },
        {
            "trade_id": "fe98b24b-1965-4884-b9f4-14f069f8b9e8",
            "ticker": "KXHIGHMIA-24DEC22-B72.5",
            "count": 10,
            "created_time": "2024-12-22T18:22:57.554744Z",
            "yes_price": 1,
            "no_price": 99,
            "taker_side": "yes"
        },
        {
            "trade_id": "f05aa430-2558-4ce0-97f4-2b3624079a2a",
            "ticker": "KXHIGHMIA-24DEC22-B72.5",
            "count": 9351,
            "created_time": "2024-12-22T18:09:05.661323Z",
            "yes_price": 1,
            "no_price": 99,
            "taker_side": "yes"
        },
        {
            "trade_id": "852f8a6f-2e0e-4883-bf1a-b0605e230515",
            "ticker": "KXHIGHMIA-24DEC22-B72.5",
            "count": 65,
            "created_time": "2024-12-22T18:07:54.436045Z",
            "yes_price": 1,
            "no_price": 99,
            "taker_side": "yes"
        },
        {
            "trade_id": "ea27efcf-9488-4530-a681-d1b007e25ef9",
            "ticker": "KXHIGHMIA-24DEC22-B72.5",
            "count": 500,
            "created_time": "2024-12-22T18:06:32.796944Z",
            "yes_price": 1,
            "no_price": 99,
            "taker_side": "yes"
        },
        {
            "trade_id": "13505642-47fc-4d8a-93cd-837fc4fc3506",
            "ticker": "KXHIGHMIA-24DEC22-B72.5",
            "count": 280,
            "created_time": "2024-12-22T17:58:27.326576Z",
            "yes_price": 1,
            "no_price": 99,
            "taker_side": "yes"
        },
        {
            "trade_id": "9156fd97-7bf4-4a2e-aa2e-cde2a9e59746",
            "ticker": "KXHIGHMIA-24DEC22-B72.5",
            "count": 446,
            "created_time": "2024-12-22T17:57:16.174898Z",
            "yes_price": 1,
            "no_price": 99,
            "taker_side": "yes"
        },
        {
            "trade_id": "7fbef2ae-9517-4ea6-ac85-fb1e6169df6e",
            "ticker": "KXHIGHMIA-24DEC22-B72.5",
            "count": 286,
            "created_time": "2024-12-22T17:56:11.325993Z",
            "yes_price": 1,
            "no_price": 99,
            "taker_side": "yes"
        },
        {
            "trade_id": "dc25a104-7426-492b-9ee1-2bb78e1abd84",
            "ticker": "KXHIGHMIA-24DEC22-B72.5",
            "count": 3629,
            "created_time": "2024-12-22T17:55:44.297577Z",
            "yes_price": 4,
            "no_price": 96,
            "taker_side": "no"
        },
        {
            "trade_id": "99cc0166-ba51-4186-a3da-10f3361d8153",
            "ticker": "KXHIGHMIA-24DEC22-B72.5",
            "count": 805,
            "created_time": "2024-12-22T17:55:44.297577Z",
            "yes_price": 5,
            "no_price": 95,
            "taker_side": "no"
        },
        {
            "trade_id": "24b9f7cd-866f-43c3-a1cd-1e4e497aa46b",
            "ticker": "KXHIGHMIA-24DEC22-B72.5",
            "count": 99,
            "created_time": "2024-12-22T17:55:44.297577Z",
            "yes_price": 1,
            "no_price": 99,
            "taker_side": "no"
        },
        {
            "trade_id": "a8c254bd-2be6-405f-9707-5d34ab417f42",
            "ticker": "KXHIGHMIA-24DEC22-B72.5",
            "count": 299,
            "created_time": "2024-12-22T17:55:42.173343Z",
            "yes_price": 5,
            "no_price": 95,
            "taker_side": "no"
        },
        {
            "trade_id": "6e1314e8-b101-4f02-89a6-ce156cf9c8ec",
            "ticker": "KXHIGHMIA-24DEC22-B72.5",
            "count": 195,
            "created_time": "2024-12-22T17:55:42.173343Z",
            "yes_price": 5,
            "no_price": 95,
            "taker_side": "no"
        },
        {
            "trade_id": "dcc18bac-b5fd-40e5-9bd0-b212b0e5d573",
            "ticker": "KXHIGHMIA-24DEC22-B72.5",
            "count": 124,
            "created_time": "2024-12-22T17:55:42.160983Z",
            "yes_price": 5,
            "no_price": 95,
            "taker_side": "no"
        },
        {
            "trade_id": "40ddf82e-7899-4232-8e6a-20c925ce160f",
            "ticker": "KXHIGHMIA-24DEC22-B72.5",
            "count": 103,
            "created_time": "2024-12-22T17:55:42.158631Z",
            "yes_price": 5,
            "no_price": 95,
            "taker_side": "no"
        },
        {
            "trade_id": "36aede80-da0b-4483-8691-c6d56b0d60e9",
            "ticker": "KXHIGHMIA-24DEC22-B72.5",
            "count": 110,
            "created_time": "2024-12-22T17:55:42.155526Z",
            "yes_price": 5,
            "no_price": 95,
            "taker_side": "no"
        },
        {
            "trade_id": "3d857b8d-b0d1-4d9d-85c8-ad7a1ebbaad2",
            "ticker": "KXHIGHMIA-24DEC22-B72.5",
            "count": 364,
            "created_time": "2024-12-22T17:55:42.13097Z",
            "yes_price": 5,
            "no_price": 95,
            "taker_side": "no"
        },
        {
            "trade_id": "07a2bb57-6594-491c-b26d-38bf593d3a4a",
            "ticker": "KXHIGHMIA-24DEC22-B72.5",
            "count": 357,
            "created_time": "2024-12-22T17:55:42.13097Z",
            "yes_price": 7,
            "no_price": 93,
            "taker_side": "no"
        },
        {
            "trade_id": "b638338f-2d11-42ff-abce-5d3716182704",
            "ticker": "KXHIGHMIA-24DEC22-B72.5",
            "count": 117,
            "created_time": "2024-12-22T17:55:42.122847Z",
            "yes_price": 7,
            "no_price": 93,
            "taker_side": "no"
        },
        {
            "trade_id": "00defe36-678a-468c-bd9b-121eaa0abaf4",
            "ticker": "KXHIGHMIA-24DEC22-B72.5",
            "count": 132,
            "created_time": "2024-12-22T17:55:42.120386Z",
            "yes_price": 7,
            "no_price": 93,
            "taker_side": "no"
        },
        {
            "trade_id": "e22a1d86-c6ce-43c1-8c59-f51e4701e59f",
            "ticker": "KXHIGHMIA-24DEC22-B72.5",
            "count": 23,
            "created_time": "2024-12-22T17:55:41.996179Z",
            "yes_price": 10,
            "no_price": 90,
            "taker_side": "no"
        },
        {
            "trade_id": "bfce6d27-7a48-4e61-89f3-5169ad530b13",
            "ticker": "KXHIGHMIA-24DEC22-B72.5",
            "count": 394,
            "created_time": "2024-12-22T17:55:41.996179Z",
            "yes_price": 7,
            "no_price": 93,
            "taker_side": "no"
        },
        {
            "trade_id": "3d8c464b-a225-43cb-b882-389557a71e5a",
            "ticker": "KXHIGHMIA-24DEC22-B72.5",
            "count": 41,
            "created_time": "2024-12-22T17:55:41.996179Z",
            "yes_price": 8,
            "no_price": 92,
            "taker_side": "no"
        },
        {
            "trade_id": "2a2821ee-3112-4c71-a676-5a73892a4642",
            "ticker": "KXHIGHMIA-24DEC22-B72.5",
            "count": 188,
            "created_time": "2024-12-22T17:55:41.996179Z",
            "yes_price": 9,
            "no_price": 91,
            "taker_side": "no"
        },
        {
            "trade_id": "3dd3dad3-d16e-43dc-9bde-c10975443b91",
            "ticker": "KXHIGHMIA-24DEC22-B72.5",
            "count": 1,
            "created_time": "2024-12-22T17:54:23.152927Z",
            "yes_price": 10,
            "no_price": 90,
            "taker_side": "no"
        },
        {
            "trade_id": "b66d2352-af25-4002-8c0f-6dee9ad9f06a",
            "ticker": "KXHIGHMIA-24DEC22-B72.5",
            "count": 13,
            "created_time": "2024-12-22T17:51:31.099349Z",
            "yes_price": 22,
            "no_price": 78,
            "taker_side": "yes"
        },
        {
            "trade_id": "e3359f02-cf85-4b46-b20e-7f7d5e958ad5",
            "ticker": "KXHIGHMIA-24DEC22-B72.5",
            "count": 1,
            "created_time": "2024-12-22T17:49:00.704598Z",
            "yes_price": 7,
            "no_price": 93,
            "taker_side": "no"
        },
        {
            "trade_id": "c931edc1-8a9e-4b21-9734-78dc6321d724",
            "ticker": "KXHIGHMIA-24DEC22-B72.5",
            "count": 19,
            "created_time": "2024-12-22T17:48:34.597986Z",
            "yes_price": 12,
            "no_price": 88,
            "taker_side": "no"
        },
        {
            "trade_id": "8a61f948-e955-4c34-9ad2-d11609518acf",
            "ticker": "KXHIGHMIA-24DEC22-B72.5",
            "count": 12,
            "created_time": "2024-12-22T17:48:34.552158Z",
            "yes_price": 12,
            "no_price": 88,
            "taker_side": "no"
        },
        {
            "trade_id": "1f72e03f-eaca-487a-9cd2-7226ac5f3146",
            "ticker": "KXHIGHMIA-24DEC22-B72.5",
            "count": 19,
            "created_time": "2024-12-22T17:48:34.447477Z",
            "yes_price": 12,
            "no_price": 88,
            "taker_side": "yes"
        },
        {
            "trade_id": "cff1b0cc-cc76-455b-af35-8eb2fb35d2e7",
            "ticker": "KXHIGHMIA-24DEC22-B72.5",
            "count": 8,
            "created_time": "2024-12-22T17:47:45.84096Z",
            "yes_price": 10,
            "no_price": 90,
            "taker_side": "no"
        },
        {
            "trade_id": "d3d2eb0d-69a0-4395-9019-da1b55e051a5",
            "ticker": "KXHIGHMIA-24DEC22-B72.5",
            "count": 5,
            "created_time": "2024-12-22T17:47:09.075634Z",
            "yes_price": 10,
            "no_price": 90,
            "taker_side": "yes"
        },
        {
            "trade_id": "4bac2357-2a41-4307-a4d9-cf5cb9c14cd5",
            "ticker": "KXHIGHMIA-24DEC22-B72.5",
            "count": 10,
            "created_time": "2024-12-22T17:47:09.075634Z",
            "yes_price": 10,
            "no_price": 90,
            "taker_side": "yes"
        },
        {
            "trade_id": "2ed32841-fd27-4e5a-82df-879a67fe2d0c",
            "ticker": "KXHIGHMIA-24DEC22-B72.5",
            "count": 1,
            "created_time": "2024-12-22T17:45:10.85163Z",
            "yes_price": 3,
            "no_price": 97,
            "taker_side": "no"
        },
        {
            "trade_id": "afe9852c-5f5f-49b5-880e-4d6d0ec18a49",
            "ticker": "KXHIGHMIA-24DEC22-B72.5",
            "count": 50,
            "created_time": "2024-12-22T17:44:31.147427Z",
            "yes_price": 8,
            "no_price": 92,
            "taker_side": "yes"
        },
        {
            "trade_id": "9532824d-d49c-4691-b8f7-033fe0c81cb3",
            "ticker": "KXHIGHMIA-24DEC22-B72.5",
            "count": 50,
            "created_time": "2024-12-22T17:44:31.147427Z",
            "yes_price": 7,
            "no_price": 93,
            "taker_side": "yes"
        },
        {
            "trade_id": "114f7e31-b68c-4f5f-8f8b-af4ddb476e7b",
            "ticker": "KXHIGHMIA-24DEC22-B72.5",
            "count": 1,
            "created_time": "2024-12-22T17:43:32.398964Z",
            "yes_price": 1,
            "no_price": 99,
            "taker_side": "no"
        },
        {
            "trade_id": "e4f4e8da-2f78-4910-b9aa-69007cc5645c",
            "ticker": "KXHIGHMIA-24DEC22-B72.5",
            "count": 1679,
            "created_time": "2024-12-22T17:40:58.333557Z",
            "yes_price": 5,
            "no_price": 95,
            "taker_side": "no"
        },
        {
            "trade_id": "db18b7da-37cb-4338-9b9c-f21d5fe54bb4",
            "ticker": "KXHIGHMIA-24DEC22-B72.5",
            "count": 7,
            "created_time": "2024-12-22T17:39:31.511454Z",
            "yes_price": 5,
            "no_price": 95,
            "taker_side": "no"
        },
        {
            "trade_id": "b1bd6743-879a-40b4-8f82-88bab8e2a750",
            "ticker": "KXHIGHMIA-24DEC22-B72.5",
            "count": 300,
            "created_time": "2024-12-22T17:38:02.763493Z",
            "yes_price": 5,
            "no_price": 95,
            "taker_side": "no"
        },
        {
            "trade_id": "77d8410a-70d3-45f2-9946-d20f6bf5880a",
            "ticker": "KXHIGHMIA-24DEC22-B72.5",
            "count": 14,
            "created_time": "2024-12-22T17:36:29.942697Z",
            "yes_price": 5,
            "no_price": 95,
            "taker_side": "no"
        },
        {
            "trade_id": "914f4ed3-6426-4220-8ea5-6e3d304847cb",
            "ticker": "KXHIGHMIA-24DEC22-B72.5",
            "count": 1000,
            "created_time": "2024-12-22T17:35:41.030436Z",
            "yes_price": 6,
            "no_price": 94,
            "taker_side": "no"
        },
        {
            "trade_id": "513299c6-4ab3-4999-8dd0-cd75a0884d66",
            "ticker": "KXHIGHMIA-24DEC22-B72.5",
            "count": 816,
            "created_time": "2024-12-22T17:35:41.030436Z",
            "yes_price": 7,
            "no_price": 93,
            "taker_side": "no"
        },
        {
            "trade_id": "db3444dc-9744-4bf4-9a5e-c185cde9666e",
            "ticker": "KXHIGHMIA-24DEC22-B72.5",
            "count": 3,
            "created_time": "2024-12-22T17:33:23.869221Z",
            "yes_price": 7,
            "no_price": 93,
            "taker_side": "no"
        },
        {
            "trade_id": "90f5a232-a372-47b5-bbbf-51719d0716d4",
            "ticker": "KXHIGHMIA-24DEC22-B72.5",
            "count": 20,
            "created_time": "2024-12-22T17:33:16.088901Z",
            "yes_price": 8,
            "no_price": 92,
            "taker_side": "yes"
        },
        {
            "trade_id": "a560f8e7-b02c-4f46-9084-79005ea71e69",
            "ticker": "KXHIGHMIA-24DEC22-B72.5",
            "count": 8,
            "created_time": "2024-12-22T17:33:02.614224Z",
            "yes_price": 8,
            "no_price": 92,
            "taker_side": "no"
        },
        {
            "trade_id": "7ed16802-0729-40ec-869c-f61e8c0380f7",
            "ticker": "KXHIGHMIA-24DEC22-B72.5",
            "count": 8,
            "created_time": "2024-12-22T17:33:02.610679Z",
            "yes_price": 8,
            "no_price": 92,
            "taker_side": "no"
        },
        {
            "trade_id": "a10d7b97-8796-454a-91be-50b41f812fca",
            "ticker": "KXHIGHMIA-24DEC22-B72.5",
            "count": 3,
            "created_time": "2024-12-22T17:32:32.232029Z",
            "yes_price": 8,
            "no_price": 92,
            "taker_side": "no"
        },
        {
            "trade_id": "45bac853-8887-44af-97a9-3fc5b5df2e21",
            "ticker": "KXHIGHMIA-24DEC22-B72.5",
            "count": 5,
            "created_time": "2024-12-22T17:32:01.402372Z",
            "yes_price": 8,
            "no_price": 92,
            "taker_side": "no"
        },
        {
            "trade_id": "7124293e-5046-4b91-b7fc-efeead3ba802",
            "ticker": "KXHIGHMIA-24DEC22-B72.5",
            "count": 23,
            "created_time": "2024-12-22T17:31:59.483187Z",
            "yes_price": 8,
            "no_price": 92,
            "taker_side": "no"
        },
        {
            "trade_id": "af78979a-e6c4-4a95-99ec-4bfe95120136",
            "ticker": "KXHIGHMIA-24DEC22-B72.5",
            "count": 53,
            "created_time": "2024-12-22T17:30:16.83154Z",
            "yes_price": 8,
            "no_price": 92,
            "taker_side": "no"
        },
        {
            "trade_id": "1fefb9dd-11e9-48a9-ac2c-9ccd96de35d5",
            "ticker": "KXHIGHMIA-24DEC22-B72.5",
            "count": 1,
            "created_time": "2024-12-22T17:26:56.645573Z",
            "yes_price": 5,
            "no_price": 95,
            "taker_side": "no"
        },
        {
            "trade_id": "693d41f6-809f-4a7a-ab68-a2b1e3025d5b",
            "ticker": "KXHIGHMIA-24DEC22-B72.5",
            "count": 50,
            "created_time": "2024-12-22T17:26:49.224464Z",
            "yes_price": 15,
            "no_price": 85,
            "taker_side": "yes"
        },
        {
            "trade_id": "b39582b4-e3da-4e6e-9c6b-1d8bea8f27c9",
            "ticker": "KXHIGHMIA-24DEC22-B72.5",
            "count": 1,
            "created_time": "2024-12-22T17:26:47.454441Z",
            "yes_price": 5,
            "no_price": 95,
            "taker_side": "no"
        },
        {
            "trade_id": "e2052fcc-7b86-4821-8228-85d7b19ccfcb",
            "ticker": "KXHIGHMIA-24DEC22-B72.5",
            "count": 78,
            "created_time": "2024-12-22T17:26:28.011839Z",
            "yes_price": 11,
            "no_price": 89,
            "taker_side": "yes"
        },
        {
            "trade_id": "961e8739-9f63-48b1-b9f7-7494091c0717",
            "ticker": "KXHIGHMIA-24DEC22-B72.5",
            "count": 162,
            "created_time": "2024-12-22T17:26:28.011839Z",
            "yes_price": 12,
            "no_price": 88,
            "taker_side": "yes"
        },
        {
            "trade_id": "83a68155-0e8a-4d41-8e63-7f3180fe5e0d",
            "ticker": "KXHIGHMIA-24DEC22-B72.5",
            "count": 100,
            "created_time": "2024-12-22T17:26:28.011839Z",
            "yes_price": 15,
            "no_price": 85,
            "taker_side": "yes"
        },
        {
            "trade_id": "6f75425e-dfde-45b1-88aa-be7a28e7004c",
            "ticker": "KXHIGHMIA-24DEC22-B72.5",
            "count": 15,
            "created_time": "2024-12-22T17:26:28.011839Z",
            "yes_price": 22,
            "no_price": 78,
            "taker_side": "yes"
        },
        {
            "trade_id": "544218e7-3942-4145-843a-beccc9580630",
            "ticker": "KXHIGHMIA-24DEC22-B72.5",
            "count": 5,
            "created_time": "2024-12-22T17:26:28.011839Z",
            "yes_price": 16,
            "no_price": 84,
            "taker_side": "yes"
        },
        {
            "trade_id": "3b72c2c6-2a28-4181-ba03-487d38754e80",
            "ticker": "KXHIGHMIA-24DEC22-B72.5",
            "count": 1,
            "created_time": "2024-12-22T17:25:31.977712Z",
            "yes_price": 5,
            "no_price": 95,
            "taker_side": "no"
        },
        {
            "trade_id": "9625972a-a578-4c4f-bfcb-6c2c6741cec4",
            "ticker": "KXHIGHMIA-24DEC22-B72.5",
            "count": 207,
            "created_time": "2024-12-22T17:25:12.26315Z",
            "yes_price": 9,
            "no_price": 91,
            "taker_side": "yes"
        },
        {
            "trade_id": "1c02d911-41cf-41a7-9d47-f51449a677a8",
            "ticker": "KXHIGHMIA-24DEC22-B72.5",
            "count": 100,
            "created_time": "2024-12-22T17:25:12.26315Z",
            "yes_price": 9,
            "no_price": 91,
            "taker_side": "yes"
        },
        {
            "trade_id": "1b5719f6-7f28-476a-a36a-9ea59137b902",
            "ticker": "KXHIGHMIA-24DEC22-B72.5",
            "count": 100,
            "created_time": "2024-12-22T17:25:12.26315Z",
            "yes_price": 10,
            "no_price": 90,
            "taker_side": "yes"
        },
        {
            "trade_id": "1998fcfd-7363-4ffb-bbd7-3210b40daf5e",
            "ticker": "KXHIGHMIA-24DEC22-B72.5",
            "count": 78,
            "created_time": "2024-12-22T17:25:12.26315Z",
            "yes_price": 12,
            "no_price": 88,
            "taker_side": "yes"
        },
        {
            "trade_id": "1060c522-9b29-4e27-b7c2-c8c04797067c",
            "ticker": "KXHIGHMIA-24DEC22-B72.5",
            "count": 5,
            "created_time": "2024-12-22T17:25:07.307137Z",
            "yes_price": 8,
            "no_price": 92,
            "taker_side": "yes"
        },
        {
            "trade_id": "54907041-7055-4335-aa40-b9225dbcf789",
            "ticker": "KXHIGHMIA-24DEC22-B72.5",
            "count": 117,
            "created_time": "2024-12-22T17:24:32.742178Z",
            "yes_price": 8,
            "no_price": 92,
            "taker_side": "yes"
        },
        {
            "trade_id": "063c2d0a-a0c3-4964-af1c-8ff7ef94ca7c",
            "ticker": "KXHIGHMIA-24DEC22-B72.5",
            "count": 100,
            "created_time": "2024-12-22T17:23:08.995229Z",
            "yes_price": 3,
            "no_price": 97,
            "taker_side": "no"
        },
        {
            "trade_id": "2272f49f-0f4e-470e-af0d-ffe970a8e821",
            "ticker": "KXHIGHMIA-24DEC22-B72.5",
            "count": 11,
            "created_time": "2024-12-22T17:22:50.690026Z",
            "yes_price": 3,
            "no_price": 97,
            "taker_side": "no"
        },
        {
            "trade_id": "1ffb8939-1cf9-4706-9f4e-ac84902384ee",
            "ticker": "KXHIGHMIA-24DEC22-B72.5",
            "count": 150,
            "created_time": "2024-12-22T17:22:35.979681Z",
            "yes_price": 3,
            "no_price": 97,
            "taker_side": "no"
        },
        {
            "trade_id": "0fb12347-f101-4821-97f6-1ba97d4824b5",
            "ticker": "KXHIGHMIA-24DEC22-B72.5",
            "count": 2,
            "created_time": "2024-12-22T17:22:15.452009Z",
            "yes_price": 8,
            "no_price": 92,
            "taker_side": "yes"
        },
        {
            "trade_id": "3ee321e2-1eee-47b0-8098-3297b9048765",
            "ticker": "KXHIGHMIA-24DEC22-B72.5",
            "count": 145,
            "created_time": "2024-12-22T17:16:27.139225Z",
            "yes_price": 4,
            "no_price": 96,
            "taker_side": "no"
        },
        {
            "trade_id": "43db13a0-eebd-4e95-9d61-2d07127d2114",
            "ticker": "KXHIGHMIA-24DEC22-B72.5",
            "count": 5,
            "created_time": "2024-12-22T17:16:20.704071Z",
            "yes_price": 4,
            "no_price": 96,
            "taker_side": "no"
        },
        {
            "trade_id": "5433ff47-3f84-4e08-a03e-6d8be8fc3394",
            "ticker": "KXHIGHMIA-24DEC22-B72.5",
            "count": 17,
            "created_time": "2024-12-22T17:16:18.885051Z",
            "yes_price": 5,
            "no_price": 95,
            "taker_side": "no"
        },
        {
            "trade_id": "99c39871-05c7-4324-b183-55d3a70e1c80",
            "ticker": "KXHIGHMIA-24DEC22-B72.5",
            "count": 31,
            "created_time": "2024-12-22T17:16:05.11563Z",
            "yes_price": 4,
            "no_price": 96,
            "taker_side": "no"
        },
        {
            "trade_id": "b9988bf4-5cbb-4f6d-8e17-e48e5f6a223c",
            "ticker": "KXHIGHMIA-24DEC22-B72.5",
            "count": 5,
            "created_time": "2024-12-22T17:14:52.225212Z",
            "yes_price": 5,
            "no_price": 95,
            "taker_side": "no"
        },
        {
            "trade_id": "47d5ea45-691a-4043-9b73-49d10d793d44",
            "ticker": "KXHIGHMIA-24DEC22-B72.5",
            "count": 71,
            "created_time": "2024-12-22T17:14:50.317031Z",
            "yes_price": 5,
            "no_price": 95,
            "taker_side": "no"
        },
        {
            "trade_id": "e5f3cf10-b9ed-4caa-af38-cc476277f39c",
            "ticker": "KXHIGHMIA-24DEC22-B72.5",
            "count": 28,
            "created_time": "2024-12-22T17:13:40.462151Z",
            "yes_price": 5,
            "no_price": 95,
            "taker_side": "no"
        },
        {
            "trade_id": "a2961f95-27f9-414d-a596-e92336666771",
            "ticker": "KXHIGHMIA-24DEC22-B72.5",
            "count": 72,
            "created_time": "2024-12-22T17:13:05.807558Z",
            "yes_price": 5,
            "no_price": 95,
            "taker_side": "no"
        },
        {
            "trade_id": "39a53aed-6ec8-440a-ab33-73746347340d",
            "ticker": "KXHIGHMIA-24DEC22-B72.5",
            "count": 28,
            "created_time": "2024-12-22T17:13:05.807558Z",
            "yes_price": 5,
            "no_price": 95,
            "taker_side": "no"
        },
        {
            "trade_id": "0cbde6ba-81d7-4c13-9764-e6189557c300",
            "ticker": "KXHIGHMIA-24DEC22-B72.5",
            "count": 5,
            "created_time": "2024-12-22T17:11:15.850455Z",
            "yes_price": 8,
            "no_price": 92,
            "taker_side": "yes"
        },
        {
            "trade_id": "43b783ed-da98-46a5-acff-0f7eccfd6eba",
            "ticker": "KXHIGHMIA-24DEC22-B72.5",
            "count": 22,
            "created_time": "2024-12-22T17:10:55.165599Z",
            "yes_price": 5,
            "no_price": 95,
            "taker_side": "no"
        },
        {
            "trade_id": "53b1687d-1be7-42c7-921a-dcb70adff251",
            "ticker": "KXHIGHMIA-24DEC22-B72.5",
            "count": 1,
            "created_time": "2024-12-22T17:10:11.011681Z",
            "yes_price": 6,
            "no_price": 94,
            "taker_side": "no"
        },
        {
            "trade_id": "d1b95fa8-537c-41f2-8d64-ef6238b37cac",
            "ticker": "KXHIGHMIA-24DEC22-B72.5",
            "count": 119,
            "created_time": "2024-12-22T17:10:03.170992Z",
            "yes_price": 8,
            "no_price": 92,
            "taker_side": "yes"
        },
        {
            "trade_id": "99ecf1b8-6bc5-45b6-852a-74cdee4e8134",
            "ticker": "KXHIGHMIA-24DEC22-B72.5",
            "count": 81,
            "created_time": "2024-12-22T17:10:03.170992Z",
            "yes_price": 8,
            "no_price": 92,
            "taker_side": "yes"
        },
        {
            "trade_id": "4023a4cf-6330-42f2-8317-75e05ae5ae09",
            "ticker": "KXHIGHMIA-24DEC22-B72.5",
            "count": 19,
            "created_time": "2024-12-22T17:09:16.184913Z",
            "yes_price": 8,
            "no_price": 92,
            "taker_side": "yes"
        },
        {
            "trade_id": "e94b07c2-a8d0-43a0-b472-c776f961e323",
            "ticker": "KXHIGHMIA-24DEC22-B72.5",
            "count": 6,
            "created_time": "2024-12-22T17:08:27.811322Z",
            "yes_price": 7,
            "no_price": 93,
            "taker_side": "yes"
        },
        {
            "trade_id": "d85ab9e3-597f-48be-bd3f-26ec4729540c",
            "ticker": "KXHIGHMIA-24DEC22-B72.5",
            "count": 7,
            "created_time": "2024-12-22T17:06:34.537766Z",
            "yes_price": 7,
            "no_price": 93,
            "taker_side": "yes"
        },
        {
            "trade_id": "f35b6de6-e245-45c9-ba9d-9447d26477c2",
            "ticker": "KXHIGHMIA-24DEC22-B72.5",
            "count": 5,
            "created_time": "2024-12-22T17:03:47.488973Z",
            "yes_price": 4,
            "no_price": 96,
            "taker_side": "no"
        },
        {
            "trade_id": "5bdacc6a-dcaf-4f22-aa56-cba9f8476acc",
            "ticker": "KXHIGHMIA-24DEC22-B72.5",
            "count": 21,
            "created_time": "2024-12-22T17:03:45.688332Z",
            "yes_price": 4,
            "no_price": 96,
            "taker_side": "no"
        },
        {
            "trade_id": "325f0d78-1db8-4631-848d-fb1f482efc75",
            "ticker": "KXHIGHMIA-24DEC22-B72.5",
            "count": 185,
            "created_time": "2024-12-22T16:59:38.178747Z",
            "yes_price": 4,
            "no_price": 96,
            "taker_side": "no"
        },
        {
            "trade_id": "775b9e0e-28a2-4af7-87ee-258f8e1c909f",
            "ticker": "KXHIGHMIA-24DEC22-B72.5",
            "count": 1,
            "created_time": "2024-12-22T16:58:40.13945Z",
            "yes_price": 4,
            "no_price": 96,
            "taker_side": "no"
        },
        {
            "trade_id": "704c441e-b30a-4bfc-9140-27988d29be63",
            "ticker": "KXHIGHMIA-24DEC22-B72.5",
            "count": 87,
            "created_time": "2024-12-22T16:57:12.544225Z",
            "yes_price": 7,
            "no_price": 93,
            "taker_side": "yes"
        },
        {
            "trade_id": "3e543539-4dc5-427b-bdee-08a81d27ad8d",
            "ticker": "KXHIGHMIA-24DEC22-B72.5",
            "count": 13,
            "created_time": "2024-12-22T16:57:12.544225Z",
            "yes_price": 6,
            "no_price": 94,
            "taker_side": "yes"
        },
        {
            "trade_id": "9cf61598-ef73-4519-be5b-065931f8c3c0",
            "ticker": "KXHIGHMIA-24DEC22-B72.5",
            "count": 1,
            "created_time": "2024-12-22T16:53:12.77316Z",
            "yes_price": 4,
            "no_price": 96,
            "taker_side": "no"
        },
        {
            "trade_id": "8395aadd-f0b1-4faf-8f92-1f5f488b4c2c",
            "ticker": "KXHIGHMIA-24DEC22-B72.5",
            "count": 140,
            "created_time": "2024-12-22T16:52:34.21315Z",
            "yes_price": 6,
            "no_price": 94,
            "taker_side": "yes"
        },
        {
            "trade_id": "4438f986-af36-4328-baf5-cb0f829c9d28",
            "ticker": "KXHIGHMIA-24DEC22-B72.5",
            "count": 70,
            "created_time": "2024-12-22T16:52:20.01048Z",
            "yes_price": 6,
            "no_price": 94,
            "taker_side": "yes"
        },
        {
            "trade_id": "bf3f0d8f-49d5-4f81-8323-49c19740f061",
            "ticker": "KXHIGHMIA-24DEC22-B72.5",
            "count": 66,
            "created_time": "2024-12-22T16:52:07.546435Z",
            "yes_price": 6,
            "no_price": 94,
            "taker_side": "yes"
        },
        {
            "trade_id": "a1aac106-b1ad-4424-aaae-b2efb6f97e0a",
            "ticker": "KXHIGHMIA-24DEC22-B72.5",
            "count": 74,
            "created_time": "2024-12-22T16:52:07.546435Z",
            "yes_price": 6,
            "no_price": 94,
            "taker_side": "yes"
        },
        {
            "trade_id": "35daf68b-e9b1-454e-a378-3c712111de53",
            "ticker": "KXHIGHMIA-24DEC22-B72.5",
            "count": 62,
            "created_time": "2024-12-22T16:49:16.355706Z",
            "yes_price": 5,
            "no_price": 95,
            "taker_side": "yes"
        },
        {
            "trade_id": "01bd1302-cb7b-4c88-984c-75f3bb03527f",
            "ticker": "KXHIGHMIA-24DEC22-B72.5",
            "count": 26,
            "created_time": "2024-12-22T16:49:16.355706Z",
            "yes_price": 6,
            "no_price": 94,
            "taker_side": "yes"
        },
        {
            "trade_id": "d0a2c6bf-0d07-464c-9102-a8ba15f4af4f",
            "ticker": "KXHIGHMIA-24DEC22-B72.5",
            "count": 1,
            "created_time": "2024-12-22T16:47:25.817751Z",
            "yes_price": 3,
            "no_price": 97,
            "taker_side": "no"
        },
        {
            "trade_id": "828b6161-3dbb-48fa-a28d-30b3f1a202c0",
            "ticker": "KXHIGHMIA-24DEC22-B72.5",
            "count": 89,
            "created_time": "2024-12-22T16:47:16.292782Z",
            "yes_price": 5,
            "no_price": 95,
            "taker_side": "yes"
        },
        {
            "trade_id": "6b647659-e6be-4902-85bf-53d1759dfd39",
            "ticker": "KXHIGHMIA-24DEC22-B72.5",
            "count": 60,
            "created_time": "2024-12-22T16:47:16.292782Z",
            "yes_price": 5,
            "no_price": 95,
            "taker_side": "yes"
        },
        {
            "trade_id": "35718ab9-04df-4a58-bff9-794eb33b9f5c",
            "ticker": "KXHIGHMIA-24DEC22-B72.5",
            "count": 1,
            "created_time": "2024-12-22T16:46:31.651082Z",
            "yes_price": 3,
            "no_price": 97,
            "taker_side": "no"
        },
        {
            "trade_id": "9f91917f-e2d3-422e-8579-2287da32271b",
            "ticker": "KXHIGHMIA-24DEC22-B72.5",
            "count": 37,
            "created_time": "2024-12-22T16:45:39.809959Z",
            "yes_price": 5,
            "no_price": 95,
            "taker_side": "yes"
        },
        {
            "trade_id": "a78c5b6e-4f71-4076-bb11-c73229701a09",
            "ticker": "KXHIGHMIA-24DEC22-B72.5",
            "count": 113,
            "created_time": "2024-12-22T16:43:11.634349Z",
            "yes_price": 4,
            "no_price": 96,
            "taker_side": "yes"
        },
        {
            "trade_id": "73c590cd-23bd-48ad-a8ef-7b997e1a97a2",
            "ticker": "KXHIGHMIA-24DEC22-B72.5",
            "count": 3,
            "created_time": "2024-12-22T16:43:11.634349Z",
            "yes_price": 5,
            "no_price": 95,
            "taker_side": "yes"
        },
        {
            "trade_id": "e9a48ded-d87c-4788-a206-788b9bef9c02",
            "ticker": "KXHIGHMIA-24DEC22-B72.5",
            "count": 5,
            "created_time": "2024-12-22T16:40:25.154947Z",
            "yes_price": 4,
            "no_price": 96,
            "taker_side": "no"
        },
        {
            "trade_id": "d7c736ab-5583-4fc0-88a4-33d09dff0e14",
            "ticker": "KXHIGHMIA-24DEC22-B72.5",
            "count": 5,
            "created_time": "2024-12-22T16:40:25.154947Z",
            "yes_price": 3,
            "no_price": 97,
            "taker_side": "no"
        },
        {
            "trade_id": "5efa9a43-a99d-495a-a23b-4f0b250a180f",
            "ticker": "KXHIGHMIA-24DEC22-B72.5",
            "count": 4,
            "created_time": "2024-12-22T16:35:27.345182Z",
            "yes_price": 6,
            "no_price": 94,
            "taker_side": "yes"
        },
        {
            "trade_id": "e5969b6e-5d6d-4675-82a0-10d1c5f10d31",
            "ticker": "KXHIGHMIA-24DEC22-B72.5",
            "count": 11,
            "created_time": "2024-12-22T16:34:26.35447Z",
            "yes_price": 6,
            "no_price": 94,
            "taker_side": "no"
        },
        {
            "trade_id": "cb97ba91-f492-410c-a002-87823fd09eca",
            "ticker": "KXHIGHMIA-24DEC22-B72.5",
            "count": 316,
            "created_time": "2024-12-22T16:20:17.252733Z",
            "yes_price": 6,
            "no_price": 94,
            "taker_side": "no"
        },
        {
            "trade_id": "66802c99-3cff-4358-a169-649c3e347b8a",
            "ticker": "KXHIGHMIA-24DEC22-B72.5",
            "count": 2856,
            "created_time": "2024-12-22T16:20:17.252733Z",
            "yes_price": 5,
            "no_price": 95,
            "taker_side": "no"
        },
        {
            "trade_id": "0b8d8d71-2963-4b5b-b87d-48272a273088",
            "ticker": "KXHIGHMIA-24DEC22-B72.5",
            "count": 457,
            "created_time": "2024-12-22T16:20:17.252733Z",
            "yes_price": 3,
            "no_price": 97,
            "taker_side": "no"
        },
        {
            "trade_id": "163d4e39-2d98-4f72-aa1f-068407fe37ba",
            "ticker": "KXHIGHMIA-24DEC22-B72.5",
            "count": 1,
            "created_time": "2024-12-22T16:19:57.051432Z",
            "yes_price": 4,
            "no_price": 96,
            "taker_side": "no"
        },
        {
            "trade_id": "cb33f15b-1af0-4470-a353-e3eca4fc2f79",
            "ticker": "KXHIGHMIA-24DEC22-B72.5",
            "count": 21,
            "created_time": "2024-12-22T16:19:51.593441Z",
            "yes_price": 10,
            "no_price": 90,
            "taker_side": "no"
        },
        {
            "trade_id": "b731d254-8528-40ef-9f8a-bc4cb54b7120",
            "ticker": "KXHIGHMIA-24DEC22-B72.5",
            "count": 129,
            "created_time": "2024-12-22T16:19:43.48415Z",
            "yes_price": 11,
            "no_price": 89,
            "taker_side": "no"
        },
        {
            "trade_id": "8a45d6dd-6713-42c5-9cbc-c1e66a277727",
            "ticker": "KXHIGHMIA-24DEC22-B72.5",
            "count": 329,
            "created_time": "2024-12-22T16:19:43.48415Z",
            "yes_price": 10,
            "no_price": 90,
            "taker_side": "no"
        },
        {
            "trade_id": "51a41503-4b7d-49b9-b374-a42123c6bfea",
            "ticker": "KXHIGHMIA-24DEC22-B72.5",
            "count": 22,
            "created_time": "2024-12-22T16:19:43.48415Z",
            "yes_price": 12,
            "no_price": 88,
            "taker_side": "no"
        },
        {
            "trade_id": "e7cc092a-931a-4307-8ec8-2bdd473de010",
            "ticker": "KXHIGHMIA-24DEC22-B72.5",
            "count": 8,
            "created_time": "2024-12-22T16:19:22.588066Z",
            "yes_price": 11,
            "no_price": 89,
            "taker_side": "no"
        },
        {
            "trade_id": "975f2d4e-bd01-49c8-b7f5-431c3cc8053f",
            "ticker": "KXHIGHMIA-24DEC22-B72.5",
            "count": 22,
            "created_time": "2024-12-22T16:18:06.936587Z",
            "yes_price": 11,
            "no_price": 89,
            "taker_side": "no"
        },
        {
            "trade_id": "bb940e4e-9094-462f-8079-421184ed592a",
            "ticker": "KXHIGHMIA-24DEC22-B72.5",
            "count": 14,
            "created_time": "2024-12-22T16:17:30.596984Z",
            "yes_price": 11,
            "no_price": 89,
            "taker_side": "no"
        },
        {
            "trade_id": "54af1d04-2000-49ed-9142-8c1fb1dfc3a3",
            "ticker": "KXHIGHMIA-24DEC22-B72.5",
            "count": 4,
            "created_time": "2024-12-22T16:02:34.963221Z",
            "yes_price": 11,
            "no_price": 89,
            "taker_side": "no"
        },
        {
            "trade_id": "f6e0bf93-c54a-43fa-a993-2f73d134aa18",
            "ticker": "KXHIGHMIA-24DEC22-B72.5",
            "count": 60,
            "created_time": "2024-12-22T15:59:12.311044Z",
            "yes_price": 12,
            "no_price": 88,
            "taker_side": "no"
        },
        {
            "trade_id": "31e81b51-f8eb-4b8f-969b-8db385c664d4",
            "ticker": "KXHIGHMIA-24DEC22-B72.5",
            "count": 163,
            "created_time": "2024-12-22T15:59:12.311044Z",
            "yes_price": 11,
            "no_price": 89,
            "taker_side": "no"
        },
        {
            "trade_id": "61026792-309e-4142-8b75-5aa37515a732",
            "ticker": "KXHIGHMIA-24DEC22-B72.5",
            "count": 11,
            "created_time": "2024-12-22T15:49:30.8272Z",
            "yes_price": 21,
            "no_price": 79,
            "taker_side": "yes"
        },
        {
            "trade_id": "e6b605ab-5ab7-43f2-b55d-ee63fd063aaf",
            "ticker": "KXHIGHMIA-24DEC22-B72.5",
            "count": 2,
            "created_time": "2024-12-22T15:48:14.172291Z",
            "yes_price": 13,
            "no_price": 87,
            "taker_side": "no"
        },
        {
            "trade_id": "891c6720-d09a-41f2-abd6-b821b1c747dd",
            "ticker": "KXHIGHMIA-24DEC22-B72.5",
            "count": 42,
            "created_time": "2024-12-22T15:45:49.059275Z",
            "yes_price": 14,
            "no_price": 86,
            "taker_side": "yes"
        },
        {
            "trade_id": "d6967777-17d4-48f5-8f1d-8da48e066144",
            "ticker": "KXHIGHMIA-24DEC22-B72.5",
            "count": 95,
            "created_time": "2024-12-22T15:43:05.808925Z",
            "yes_price": 14,
            "no_price": 86,
            "taker_side": "no"
        },
        {
            "trade_id": "cec729df-c3fd-4ddc-b487-a9271c24fd63",
            "ticker": "KXHIGHMIA-24DEC22-B72.5",
            "count": 8,
            "created_time": "2024-12-22T15:43:05.808925Z",
            "yes_price": 13,
            "no_price": 87,
            "taker_side": "no"
        },
        {
            "trade_id": "24f50e9f-8ace-4fc2-9014-6fa5d16f50b1",
            "ticker": "KXHIGHMIA-24DEC22-B72.5",
            "count": 12,
            "created_time": "2024-12-22T15:43:05.808925Z",
            "yes_price": 14,
            "no_price": 86,
            "taker_side": "no"
        },
        {
            "trade_id": "2ac3d9ba-38b9-4880-a1ea-875f04c0cceb",
            "ticker": "KXHIGHMIA-24DEC22-B72.5",
            "count": 51,
            "created_time": "2024-12-22T15:42:54.646619Z",
            "yes_price": 14,
            "no_price": 86,
            "taker_side": "no"
        },
        {
            "trade_id": "5d5dd1a9-a5ad-4485-a856-a34ef5b43fb4",
            "ticker": "KXHIGHMIA-24DEC22-B72.5",
            "count": 25,
            "created_time": "2024-12-22T15:42:41.591563Z",
            "yes_price": 14,
            "no_price": 86,
            "taker_side": "no"
        },
        {
            "trade_id": "82ac97a4-58d9-483d-a839-d77a724a0987",
            "ticker": "KXHIGHMIA-24DEC22-B72.5",
            "count": 210,
            "created_time": "2024-12-22T15:39:55.367842Z",
            "yes_price": 18,
            "no_price": 82,
            "taker_side": "yes"
        },
        {
            "trade_id": "5a37d0d9-2675-4b36-9083-62a187388ae9",
            "ticker": "KXHIGHMIA-24DEC22-B72.5",
            "count": 22,
            "created_time": "2024-12-22T15:39:08.843758Z",
            "yes_price": 14,
            "no_price": 86,
            "taker_side": "no"
        },
        {
            "trade_id": "452db954-f285-4882-9de3-1be6e012d8d6",
            "ticker": "KXHIGHMIA-24DEC22-B72.5",
            "count": 152,
            "created_time": "2024-12-22T15:34:03.141996Z",
            "yes_price": 15,
            "no_price": 85,
            "taker_side": "no"
        },
        {
            "trade_id": "7b36b13e-f2ee-465b-8de6-f6d5b98ddf76",
            "ticker": "KXHIGHMIA-24DEC22-B72.5",
            "count": 25,
            "created_time": "2024-12-22T15:33:59.92431Z",
            "yes_price": 15,
            "no_price": 85,
            "taker_side": "no"
        },
        {
            "trade_id": "f32e0449-8cdc-4409-a150-0aeb43e84d39",
            "ticker": "KXHIGHMIA-24DEC22-B72.5",
            "count": 240,
            "created_time": "2024-12-22T15:33:31.122358Z",
            "yes_price": 14,
            "no_price": 86,
            "taker_side": "no"
        },
        {
            "trade_id": "129696b3-6d1f-4a38-86f6-2f9f18e24002",
            "ticker": "KXHIGHMIA-24DEC22-B72.5",
            "count": 46,
            "created_time": "2024-12-22T15:33:31.122358Z",
            "yes_price": 15,
            "no_price": 85,
            "taker_side": "no"
        },
        {
            "trade_id": "6e939ba6-9731-4448-9a15-2289073a2911",
            "ticker": "KXHIGHMIA-24DEC22-B72.5",
            "count": 48,
            "created_time": "2024-12-22T15:30:00.744641Z",
            "yes_price": 15,
            "no_price": 85,
            "taker_side": "no"
        },
        {
            "trade_id": "a93d2a63-220d-435f-90ed-1920c55bfe50",
            "ticker": "KXHIGHMIA-24DEC22-B72.5",
            "count": 100,
            "created_time": "2024-12-22T15:28:53.579223Z",
            "yes_price": 15,
            "no_price": 85,
            "taker_side": "no"
        },
        {
            "trade_id": "7ec8c9e9-b7b0-43e0-9412-3433afa787f0",
            "ticker": "KXHIGHMIA-24DEC22-B72.5",
            "count": 3,
            "created_time": "2024-12-22T15:27:52.640349Z",
            "yes_price": 22,
            "no_price": 78,
            "taker_side": "yes"
        },
        {
            "trade_id": "25345d7b-8ef1-4706-9705-38c955f5836e",
            "ticker": "KXHIGHMIA-24DEC22-B72.5",
            "count": 40,
            "created_time": "2024-12-22T15:27:52.640349Z",
            "yes_price": 22,
            "no_price": 78,
            "taker_side": "yes"
        },
        {
            "trade_id": "f3f77808-2c86-416b-8011-e8f5c6b0363a",
            "ticker": "KXHIGHMIA-24DEC22-B72.5",
            "count": 22,
            "created_time": "2024-12-22T14:54:11.526689Z",
            "yes_price": 33,
            "no_price": 67,
            "taker_side": "no"
        },
        {
            "trade_id": "ad6d19fe-0ffb-40ae-b337-685592b47540",
            "ticker": "KXHIGHMIA-24DEC22-B72.5",
            "count": 65,
            "created_time": "2024-12-22T14:54:11.526689Z",
            "yes_price": 28,
            "no_price": 72,
            "taker_side": "no"
        },
        {
            "trade_id": "43c439c3-955f-43f1-9086-931cad4df6e0",
            "ticker": "KXHIGHMIA-24DEC22-B72.5",
            "count": 10,
            "created_time": "2024-12-22T14:54:11.526689Z",
            "yes_price": 29,
            "no_price": 71,
            "taker_side": "no"
        },
        {
            "trade_id": "29bdd8d0-b5e2-4ca9-bd22-296f91837520",
            "ticker": "KXHIGHMIA-24DEC22-B72.5",
            "count": 15,
            "created_time": "2024-12-22T14:54:11.526689Z",
            "yes_price": 31,
            "no_price": 69,
            "taker_side": "no"
        },
        {
            "trade_id": "1e35f850-4d18-4c91-8c52-e61ab9cd677e",
            "ticker": "KXHIGHMIA-24DEC22-B72.5",
            "count": 10,
            "created_time": "2024-12-22T14:54:11.526689Z",
            "yes_price": 32,
            "no_price": 68,
            "taker_side": "no"
        },
        {
            "trade_id": "c454ac78-fd0a-4a29-a935-2a036908b7e0",
            "ticker": "KXHIGHMIA-24DEC22-B72.5",
            "count": 3,
            "created_time": "2024-12-22T14:53:26.27593Z",
            "yes_price": 33,
            "no_price": 67,
            "taker_side": "yes"
        },
        {
            "trade_id": "1430a3c0-7ee5-4a9b-a8bb-44d55e147431",
            "ticker": "KXHIGHMIA-24DEC22-B72.5",
            "count": 15,
            "created_time": "2024-12-22T14:51:33.877995Z",
            "yes_price": 33,
            "no_price": 67,
            "taker_side": "no"
        },
        {
            "trade_id": "cb934915-593e-46f3-b027-6fb4f9ece93b",
            "ticker": "KXHIGHMIA-24DEC22-B72.5",
            "count": 5,
            "created_time": "2024-12-22T14:46:20.622222Z",
            "yes_price": 34,
            "no_price": 66,
            "taker_side": "yes"
        },
        {
            "trade_id": "c558f2ed-a9d1-4422-81c1-7a8b9c1d198d",
            "ticker": "KXHIGHMIA-24DEC22-B72.5",
            "count": 100,
            "created_time": "2024-12-22T14:43:50.827876Z",
            "yes_price": 29,
            "no_price": 71,
            "taker_side": "yes"
        },
        {
            "trade_id": "250c0500-0dea-437c-b79b-a5056fe0f7f3",
            "ticker": "KXHIGHMIA-24DEC22-B72.5",
            "count": 100,
            "created_time": "2024-12-22T14:43:50.827876Z",
            "yes_price": 28,
            "no_price": 72,
            "taker_side": "yes"
        },
        {
            "trade_id": "0342c3c3-55e7-4def-8d3a-7f4859af497b",
            "ticker": "KXHIGHMIA-24DEC22-B72.5",
            "count": 200,
            "created_time": "2024-12-22T14:43:50.827876Z",
            "yes_price": 30,
            "no_price": 70,
            "taker_side": "yes"
        },
        {
            "trade_id": "e5617468-1599-4403-a5a8-cad61ed87cd4",
            "ticker": "KXHIGHMIA-24DEC22-B72.5",
            "count": 100,
            "created_time": "2024-12-22T14:43:34.907851Z",
            "yes_price": 27,
            "no_price": 73,
            "taker_side": "yes"
        },
        {
            "trade_id": "9e8987da-40b3-4b05-a92e-204e79114678",
            "ticker": "KXHIGHMIA-24DEC22-B72.5",
            "count": 100,
            "created_time": "2024-12-22T14:43:34.907851Z",
            "yes_price": 26,
            "no_price": 74,
            "taker_side": "yes"
        },
        {
            "trade_id": "6281e18e-1370-4668-b211-d71628c26f2f",
            "ticker": "KXHIGHMIA-24DEC22-B72.5",
            "count": 100,
            "created_time": "2024-12-22T14:43:34.907851Z",
            "yes_price": 25,
            "no_price": 75,
            "taker_side": "yes"
        },
        {
            "trade_id": "0ce4a5b7-82c3-4d1e-856b-68bb54c0657f",
            "ticker": "KXHIGHMIA-24DEC22-B72.5",
            "count": 100,
            "created_time": "2024-12-22T14:43:34.907851Z",
            "yes_price": 27,
            "no_price": 73,
            "taker_side": "yes"
        },
        {
            "trade_id": "25af6d73-534c-49ba-8944-599fcf9ea999",
            "ticker": "KXHIGHMIA-24DEC22-B72.5",
            "count": 25,
            "created_time": "2024-12-22T14:42:56.426109Z",
            "yes_price": 24,
            "no_price": 76,
            "taker_side": "no"
        },
        {
            "trade_id": "fa2e2ac8-d8ca-4b6c-a04c-499465012e21",
            "ticker": "KXHIGHMIA-24DEC22-B72.5",
            "count": 6,
            "created_time": "2024-12-22T14:38:46.30916Z",
            "yes_price": 22,
            "no_price": 78,
            "taker_side": "no"
        },
        {
            "trade_id": "e006eae0-5e8d-45c5-a33f-ea639e3cf48e",
            "ticker": "KXHIGHMIA-24DEC22-B72.5",
            "count": 13,
            "created_time": "2024-12-22T14:29:10.782951Z",
            "yes_price": 23,
            "no_price": 77,
            "taker_side": "yes"
        },
        {
            "trade_id": "ef9a24ee-295e-4644-8113-5146e99725ca",
            "ticker": "KXHIGHMIA-24DEC22-B72.5",
            "count": 23,
            "created_time": "2024-12-22T14:29:10.509718Z",
            "yes_price": 23,
            "no_price": 77,
            "taker_side": "yes"
        },
        {
            "trade_id": "9684d9ef-0f10-447f-9757-6b264bf60c44",
            "ticker": "KXHIGHMIA-24DEC22-B72.5",
            "count": 29,
            "created_time": "2024-12-22T14:29:10.344175Z",
            "yes_price": 23,
            "no_price": 77,
            "taker_side": "no"
        },
        {
            "trade_id": "d3d5f5ab-2a74-4a18-9619-8de30a73dd6c",
            "ticker": "KXHIGHMIA-24DEC22-B72.5",
            "count": 1,
            "created_time": "2024-12-22T14:21:03.496841Z",
            "yes_price": 18,
            "no_price": 82,
            "taker_side": "no"
        },
        {
            "trade_id": "edcf03dd-1d89-4ab9-8f23-b0d5edd9cb03",
            "ticker": "KXHIGHMIA-24DEC22-B72.5",
            "count": 78,
            "created_time": "2024-12-22T14:20:50.273021Z",
            "yes_price": 24,
            "no_price": 76,
            "taker_side": "yes"
        },
        {
            "trade_id": "e6a02d97-2007-4748-9b4a-846486f55c81",
            "ticker": "KXHIGHMIA-24DEC22-B72.5",
            "count": 100,
            "created_time": "2024-12-22T14:20:50.273021Z",
            "yes_price": 26,
            "no_price": 74,
            "taker_side": "yes"
        },
        {
            "trade_id": "cd90cc30-9ba1-4f1d-8d89-7f7593d693fb",
            "ticker": "KXHIGHMIA-24DEC22-B72.5",
            "count": 22,
            "created_time": "2024-12-22T14:20:50.273021Z",
            "yes_price": 24,
            "no_price": 76,
            "taker_side": "yes"
        },
        {
            "trade_id": "c658bcd2-fc16-4661-bef0-43ae99e1f189",
            "ticker": "KXHIGHMIA-24DEC22-B72.5",
            "count": 100,
            "created_time": "2024-12-22T14:20:50.273021Z",
            "yes_price": 26,
            "no_price": 74,
            "taker_side": "yes"
        },
        {
            "trade_id": "42d58935-c549-47b1-b7af-ae706c1d7963",
            "ticker": "KXHIGHMIA-24DEC22-B72.5",
            "count": 100,
            "created_time": "2024-12-22T14:20:50.273021Z",
            "yes_price": 25,
            "no_price": 75,
            "taker_side": "yes"
        },
        {
            "trade_id": "19f5ce0e-6ded-4c8b-bf9b-319cddd0c607",
            "ticker": "KXHIGHMIA-24DEC22-B72.5",
            "count": 100,
            "created_time": "2024-12-22T14:20:50.273021Z",
            "yes_price": 24,
            "no_price": 76,
            "taker_side": "yes"
        },
        {
            "trade_id": "e4ad6477-f424-4a75-a016-5c0bc683a674",
            "ticker": "KXHIGHMIA-24DEC22-B72.5",
            "count": 100,
            "created_time": "2024-12-22T14:20:33.881194Z",
            "yes_price": 23,
            "no_price": 77,
            "taker_side": "yes"
        },
        {
            "trade_id": "c653ea27-6905-4a19-99c9-ed0581b36ae8",
            "ticker": "KXHIGHMIA-24DEC22-B72.5",
            "count": 22,
            "created_time": "2024-12-22T14:20:33.881194Z",
            "yes_price": 24,
            "no_price": 76,
            "taker_side": "yes"
        },
        {
            "trade_id": "840220f9-eda7-4f08-9a5c-c0e11ba4395a",
            "ticker": "KXHIGHMIA-24DEC22-B72.5",
            "count": 1,
            "created_time": "2024-12-22T14:18:03.176151Z",
            "yes_price": 17,
            "no_price": 83,
            "taker_side": "no"
        },
        {
            "trade_id": "bcd6532e-7e42-4fe0-9355-71f2be904a6a",
            "ticker": "KXHIGHMIA-24DEC22-B72.5",
            "count": 100,
            "created_time": "2024-12-22T14:17:48.742606Z",
            "yes_price": 21,
            "no_price": 79,
            "taker_side": "yes"
        },
        {
            "trade_id": "95219c77-167a-4e8e-8b13-29e3378600b5",
            "ticker": "KXHIGHMIA-24DEC22-B72.5",
            "count": 1,
            "created_time": "2024-12-22T14:17:48.742606Z",
            "yes_price": 22,
            "no_price": 78,
            "taker_side": "yes"
        },
        {
            "trade_id": "877fb7ef-6b25-4abd-aaa6-7ec008003627",
            "ticker": "KXHIGHMIA-24DEC22-B72.5",
            "count": 100,
            "created_time": "2024-12-22T14:17:48.742606Z",
            "yes_price": 23,
            "no_price": 77,
            "taker_side": "yes"
        },
        {
            "trade_id": "2a90e34a-782c-4c6c-9110-fc4d04b04538",
            "ticker": "KXHIGHMIA-24DEC22-B72.5",
            "count": 100,
            "created_time": "2024-12-22T14:17:48.742606Z",
            "yes_price": 21,
            "no_price": 79,
            "taker_side": "yes"
        },
        {
            "trade_id": "13190f87-b12f-4515-aa16-6932068b6e32",
            "ticker": "KXHIGHMIA-24DEC22-B72.5",
            "count": 99,
            "created_time": "2024-12-22T14:17:48.742606Z",
            "yes_price": 22,
            "no_price": 78,
            "taker_side": "yes"
        },
        {
            "trade_id": "02f5f792-af8a-4dc5-b364-ae54fc108563",
            "ticker": "KXHIGHMIA-24DEC22-B72.5",
            "count": 100,
            "created_time": "2024-12-22T14:17:48.742606Z",
            "yes_price": 23,
            "no_price": 77,
            "taker_side": "yes"
        },
        {
            "trade_id": "8c56c5f3-a49a-4e15-84c0-5712c168cab3",
            "ticker": "KXHIGHMIA-24DEC22-B72.5",
            "count": 9,
            "created_time": "2024-12-22T14:17:22.679528Z",
            "yes_price": 16,
            "no_price": 84,
            "taker_side": "no"
        },
        {
            "trade_id": "3dfb392d-cdad-441a-abf0-22750feefed3",
            "ticker": "KXHIGHMIA-24DEC22-B72.5",
            "count": 14,
            "created_time": "2024-12-22T14:17:22.679528Z",
            "yes_price": 15,
            "no_price": 85,
            "taker_side": "no"
        },
        {
            "trade_id": "8dd71bc6-a4fb-4c40-b2ef-2688db034d54",
            "ticker": "KXHIGHMIA-24DEC22-B72.5",
            "count": 1,
            "created_time": "2024-12-22T14:14:14.273893Z",
            "yes_price": 13,
            "no_price": 87,
            "taker_side": "no"
        },
        {
            "trade_id": "35023a7a-68d2-4b61-ba6a-db403c157b62",
            "ticker": "KXHIGHMIA-24DEC22-B72.5",
            "count": 42,
            "created_time": "2024-12-22T14:12:35.162569Z",
            "yes_price": 20,
            "no_price": 80,
            "taker_side": "yes"
        },
        {
            "trade_id": "03a3972f-1e66-4511-886e-7ddadfb5696a",
            "ticker": "KXHIGHMIA-24DEC22-B72.5",
            "count": 5,
            "created_time": "2024-12-22T14:12:35.162569Z",
            "yes_price": 19,
            "no_price": 81,
            "taker_side": "yes"
        },
        {
            "trade_id": "51606348-d0f4-49af-bed3-6afdf25824ac",
            "ticker": "KXHIGHMIA-24DEC22-B72.5",
            "count": 1,
            "created_time": "2024-12-22T14:06:23.061406Z",
            "yes_price": 22,
            "no_price": 78,
            "taker_side": "yes"
        },
        {
            "trade_id": "202e33ca-c9e2-49e5-afd2-70174d301818",
            "ticker": "KXHIGHMIA-24DEC22-B72.5",
            "count": 11,
            "created_time": "2024-12-22T14:03:58.465355Z",
            "yes_price": 11,
            "no_price": 89,
            "taker_side": "no"
        },
        {
            "trade_id": "08c8ff82-7e58-4d6f-bde5-11d2a5328c6f",
            "ticker": "KXHIGHMIA-24DEC22-B72.5",
            "count": 1,
            "created_time": "2024-12-22T13:55:29.06147Z",
            "yes_price": 11,
            "no_price": 89,
            "taker_side": "no"
        },
        {
            "trade_id": "f84f6098-3e58-42f8-bac2-2c59aa5b4818",
            "ticker": "KXHIGHMIA-24DEC22-B72.5",
            "count": 100,
            "created_time": "2024-12-22T13:29:55.856366Z",
            "yes_price": 16,
            "no_price": 84,
            "taker_side": "yes"
        },
        {
            "trade_id": "bd5c0859-3d06-4552-996c-1ef5a27f6eb8",
            "ticker": "KXHIGHMIA-24DEC22-B72.5",
            "count": 100,
            "created_time": "2024-12-22T13:29:55.856366Z",
            "yes_price": 17,
            "no_price": 83,
            "taker_side": "yes"
        },
        {
            "trade_id": "9dbb8cb4-48a8-438a-bce7-aa8ea3fae231",
            "ticker": "KXHIGHMIA-24DEC22-B72.5",
            "count": 17,
            "created_time": "2024-12-22T13:29:55.856366Z",
            "yes_price": 14,
            "no_price": 86,
            "taker_side": "yes"
        },
        {
            "trade_id": "8b87a107-92a7-4da4-8348-8ae5a55f8bb6",
            "ticker": "KXHIGHMIA-24DEC22-B72.5",
            "count": 100,
            "created_time": "2024-12-22T13:29:55.856366Z",
            "yes_price": 16,
            "no_price": 84,
            "taker_side": "yes"
        },
        {
            "trade_id": "4fce6de1-dd51-4b00-a38d-c1fd926574f6",
            "ticker": "KXHIGHMIA-24DEC22-B72.5",
            "count": 19,
            "created_time": "2024-12-22T13:29:55.856366Z",
            "yes_price": 18,
            "no_price": 82,
            "taker_side": "yes"
        },
        {
            "trade_id": "304a0fa6-b3cd-438b-83bd-1bbdf9d7e29e",
            "ticker": "KXHIGHMIA-24DEC22-B72.5",
            "count": 100,
            "created_time": "2024-12-22T13:29:55.856366Z",
            "yes_price": 17,
            "no_price": 83,
            "taker_side": "yes"
        },
        {
            "trade_id": "1ccd5b20-3774-428b-964f-fe5a7a7ce584",
            "ticker": "KXHIGHMIA-24DEC22-B72.5",
            "count": 150,
            "created_time": "2024-12-22T13:29:55.856366Z",
            "yes_price": 15,
            "no_price": 85,
            "taker_side": "yes"
        },
        {
            "trade_id": "9bb9c314-9b18-4c20-aae6-166457a50f62",
            "ticker": "KXHIGHMIA-24DEC22-B72.5",
            "count": 31,
            "created_time": "2024-12-22T13:15:16.590093Z",
            "yes_price": 11,
            "no_price": 89,
            "taker_side": "no"
        },
        {
            "trade_id": "c6e9e057-64bc-40d1-a077-e52a37315e4d",
            "ticker": "KXHIGHMIA-24DEC22-B72.5",
            "count": 9,
            "created_time": "2024-12-22T13:03:00.41736Z",
            "yes_price": 11,
            "no_price": 89,
            "taker_side": "no"
        },
        {
            "trade_id": "ea6d3a4d-3816-42d8-a929-ded26f84a82c",
            "ticker": "KXHIGHMIA-24DEC22-B72.5",
            "count": 200,
            "created_time": "2024-12-22T13:01:31.64258Z",
            "yes_price": 13,
            "no_price": 87,
            "taker_side": "yes"
        },
        {
            "trade_id": "e95d2b90-5945-4697-9ca7-702ab2944577",
            "ticker": "KXHIGHMIA-24DEC22-B72.5",
            "count": 200,
            "created_time": "2024-12-22T13:01:31.64258Z",
            "yes_price": 15,
            "no_price": 85,
            "taker_side": "yes"
        },
        {
            "trade_id": "a6e4928f-696c-4a1f-9766-a3bd361d62f6",
            "ticker": "KXHIGHMIA-24DEC22-B72.5",
            "count": 200,
            "created_time": "2024-12-22T13:01:31.64258Z",
            "yes_price": 14,
            "no_price": 86,
            "taker_side": "yes"
        },
        {
            "trade_id": "61a4396c-2107-4207-a3c0-a9b381ac5e49",
            "ticker": "KXHIGHMIA-24DEC22-B72.5",
            "count": 74,
            "created_time": "2024-12-22T13:01:31.64258Z",
            "yes_price": 12,
            "no_price": 88,
            "taker_side": "yes"
        },
        {
            "trade_id": "f3ce4dee-d2c4-4f8a-bce7-0d003482264b",
            "ticker": "KXHIGHMIA-24DEC22-B72.5",
            "count": 5,
            "created_time": "2024-12-22T07:36:06.808267Z",
            "yes_price": 8,
            "no_price": 92,
            "taker_side": "no"
        },
        {
            "trade_id": "9c24ef9a-5156-41ff-81a5-f9d6a8d9fee8",
            "ticker": "KXHIGHMIA-24DEC22-B72.5",
            "count": 7,
            "created_time": "2024-12-22T07:35:54.239665Z",
            "yes_price": 13,
            "no_price": 87,
            "taker_side": "yes"
        },
        {
            "trade_id": "bb0f2836-37f9-4cde-9660-f7be05b9321c",
            "ticker": "KXHIGHMIA-24DEC22-B72.5",
            "count": 88,
            "created_time": "2024-12-22T07:33:46.505547Z",
            "yes_price": 13,
            "no_price": 87,
            "taker_side": "yes"
        },
        {
            "trade_id": "4206ec09-9bc0-45a9-84e8-93d9d6e0a0fc",
            "ticker": "KXHIGHMIA-24DEC22-B72.5",
            "count": 100,
            "created_time": "2024-12-22T07:33:46.505547Z",
            "yes_price": 12,
            "no_price": 88,
            "taker_side": "yes"
        },
        {
            "trade_id": "baba3d95-3357-481d-96ce-ffe63565525f",
            "ticker": "KXHIGHMIA-24DEC22-B72.5",
            "count": 5,
            "created_time": "2024-12-22T07:28:54.839215Z",
            "yes_price": 8,
            "no_price": 92,
            "taker_side": "no"
        },
        {
            "trade_id": "8507ae40-e5b6-4ed9-891e-45c0302a669a",
            "ticker": "KXHIGHMIA-24DEC22-B72.5",
            "count": 42,
            "created_time": "2024-12-22T07:11:47.669363Z",
            "yes_price": 13,
            "no_price": 87,
            "taker_side": "no"
        },
        {
            "trade_id": "d611445b-91c9-4c8b-ae16-53397d2259d3",
            "ticker": "KXHIGHMIA-24DEC22-B72.5",
            "count": 100,
            "created_time": "2024-12-22T07:11:47.464832Z",
            "yes_price": 13,
            "no_price": 87,
            "taker_side": "yes"
        },
        {
            "trade_id": "58db7265-1a2d-4215-b48b-87b76ac66d36",
            "ticker": "KXHIGHMIA-24DEC22-B72.5",
            "count": 100,
            "created_time": "2024-12-22T07:11:47.464832Z",
            "yes_price": 13,
            "no_price": 87,
            "taker_side": "yes"
        },
        {
            "trade_id": "78229752-7c56-43f4-ae03-22f94753dfb6",
            "ticker": "KXHIGHMIA-24DEC22-B72.5",
            "count": 90,
            "created_time": "2024-12-22T07:11:41.008535Z",
            "yes_price": 12,
            "no_price": 88,
            "taker_side": "yes"
        },
        {
            "trade_id": "b6b5703c-56fb-4d5e-ad2c-bc1245288d8f",
            "ticker": "KXHIGHMIA-24DEC22-B72.5",
            "count": 95,
            "created_time": "2024-12-22T07:11:30.572419Z",
            "yes_price": 9,
            "no_price": 91,
            "taker_side": "yes"
        },
        {
            "trade_id": "844cbbb3-fd3b-403a-a07a-63328e7df905",
            "ticker": "KXHIGHMIA-24DEC22-B72.5",
            "count": 100,
            "created_time": "2024-12-22T07:11:30.572419Z",
            "yes_price": 9,
            "no_price": 91,
            "taker_side": "yes"
        },
        {
            "trade_id": "43c1aa6d-e750-4e99-bf80-aa30951c43a2",
            "ticker": "KXHIGHMIA-24DEC22-B72.5",
            "count": 5,
            "created_time": "2024-12-22T07:11:30.572419Z",
            "yes_price": 9,
            "no_price": 91,
            "taker_side": "yes"
        },
        {
            "trade_id": "cc9907dc-1d95-4045-9050-47a6b44fcd33",
            "ticker": "KXHIGHMIA-24DEC22-B72.5",
            "count": 2,
            "created_time": "2024-12-22T06:54:09.278825Z",
            "yes_price": 5,
            "no_price": 95,
            "taker_side": "no"
        },
        {
            "trade_id": "79af8a4f-99e3-424c-9ae3-020b6259e72a",
            "ticker": "KXHIGHMIA-24DEC22-B72.5",
            "count": 5,
            "created_time": "2024-12-22T06:32:08.191058Z",
            "yes_price": 5,
            "no_price": 95,
            "taker_side": "no"
        },
        {
            "trade_id": "952d976f-19e3-43c6-8396-c693f37befaf",
            "ticker": "KXHIGHMIA-24DEC22-B72.5",
            "count": 20,
            "created_time": "2024-12-22T05:35:39.439824Z",
            "yes_price": 7,
            "no_price": 93,
            "taker_side": "yes"
        },
        {
            "trade_id": "8315a994-0e7e-4833-b47d-cc951e71a1b9",
            "ticker": "KXHIGHMIA-24DEC22-B72.5",
            "count": 200,
            "created_time": "2024-12-22T05:11:50.117863Z",
            "yes_price": 7,
            "no_price": 93,
            "taker_side": "no"
        },
        {
            "trade_id": "72d3c2aa-a057-4bf2-8953-d29226d66451",
            "ticker": "KXHIGHMIA-24DEC22-B72.5",
            "count": 32,
            "created_time": "2024-12-22T05:11:50.117863Z",
            "yes_price": 8,
            "no_price": 92,
            "taker_side": "no"
        },
        {
            "trade_id": "14b7833c-2735-401c-99b9-ab4e5d5ff694",
            "ticker": "KXHIGHMIA-24DEC22-B72.5",
            "count": 7,
            "created_time": "2024-12-22T05:00:11.813819Z",
            "yes_price": 13,
            "no_price": 87,
            "taker_side": "yes"
        },
        {
            "trade_id": "0cb180cf-61c2-408c-ad7c-ddfe84ae888b",
            "ticker": "KXHIGHMIA-24DEC22-B72.5",
            "count": 38,
            "created_time": "2024-12-22T05:00:05.338Z",
            "yes_price": 8,
            "no_price": 92,
            "taker_side": "no"
        },
        {
            "trade_id": "0d9987b9-e332-4b17-bd3d-c847922ca86f",
            "ticker": "KXHIGHMIA-24DEC22-B72.5",
            "count": 7,
            "created_time": "2024-12-22T05:00:05.156746Z",
            "yes_price": 10,
            "no_price": 90,
            "taker_side": "no"
        },
        {
            "trade_id": "a8d8e3bb-1582-4047-898e-e478c705304a",
            "ticker": "KXHIGHMIA-24DEC22-B72.5",
            "count": 23,
            "created_time": "2024-12-22T04:54:16.189735Z",
            "yes_price": 12,
            "no_price": 88,
            "taker_side": "yes"
        },
        {
            "trade_id": "c9ea60d8-4548-41bc-b9af-cd58dc8c1fe1",
            "ticker": "KXHIGHMIA-24DEC22-B72.5",
            "count": 24,
            "created_time": "2024-12-22T04:49:41.228986Z",
            "yes_price": 9,
            "no_price": 91,
            "taker_side": "no"
        },
        {
            "trade_id": "c8e66412-49a8-4628-a19d-5ba5cf405b68",
            "ticker": "KXHIGHMIA-24DEC22-B72.5",
            "count": 240,
            "created_time": "2024-12-22T04:47:11.970965Z",
            "yes_price": 9,
            "no_price": 91,
            "taker_side": "no"
        },
        {
            "trade_id": "7f540edb-8872-40b7-9434-5cbc333b0f70",
            "ticker": "KXHIGHMIA-24DEC22-B72.5",
            "count": 360,
            "created_time": "2024-12-22T04:47:11.970965Z",
            "yes_price": 8,
            "no_price": 92,
            "taker_side": "no"
        },
        {
            "trade_id": "021a2d87-a59f-49f7-ada3-0205dc569b0e",
            "ticker": "KXHIGHMIA-24DEC22-B72.5",
            "count": 148,
            "created_time": "2024-12-22T04:47:11.970965Z",
            "yes_price": 10,
            "no_price": 90,
            "taker_side": "no"
        },
        {
            "trade_id": "570a95c9-5b5f-46b2-a4ce-33b2bdae6fb7",
            "ticker": "KXHIGHMIA-24DEC22-B72.5",
            "count": 2,
            "created_time": "2024-12-22T04:39:27.693943Z",
            "yes_price": 10,
            "no_price": 90,
            "taker_side": "no"
        },
        {
            "trade_id": "d8eb4178-d6bc-46b2-8507-3ea4c585c596",
            "ticker": "KXHIGHMIA-24DEC22-B72.5",
            "count": 80,
            "created_time": "2024-12-22T04:31:06.342812Z",
            "yes_price": 13,
            "no_price": 87,
            "taker_side": "yes"
        },
        {
            "trade_id": "c29f6af0-4ae3-4dca-9d7d-d10fa3c8285d",
            "ticker": "KXHIGHMIA-24DEC22-B72.5",
            "count": 160,
            "created_time": "2024-12-22T04:31:06.342812Z",
            "yes_price": 13,
            "no_price": 87,
            "taker_side": "yes"
        },
        {
            "trade_id": "97e53737-c5e8-41e5-a4fe-cce2f1c05995",
            "ticker": "KXHIGHMIA-24DEC22-B72.5",
            "count": 80,
            "created_time": "2024-12-22T04:31:06.342812Z",
            "yes_price": 14,
            "no_price": 86,
            "taker_side": "yes"
        },
        {
            "trade_id": "6869adbe-1d7c-4999-8d74-4c005780e8ac",
            "ticker": "KXHIGHMIA-24DEC22-B72.5",
            "count": 85,
            "created_time": "2024-12-22T04:31:06.342812Z",
            "yes_price": 11,
            "no_price": 89,
            "taker_side": "yes"
        },
        {
            "trade_id": "4dfc6fff-dc2d-452b-a5b0-75a81793d350",
            "ticker": "KXHIGHMIA-24DEC22-B72.5",
            "count": 140,
            "created_time": "2024-12-22T04:31:06.342812Z",
            "yes_price": 12,
            "no_price": 88,
            "taker_side": "yes"
        },
        {
            "trade_id": "36ff58a5-915d-4895-a47d-c5888a5b0b9c",
            "ticker": "KXHIGHMIA-24DEC22-B72.5",
            "count": 76,
            "created_time": "2024-12-22T04:31:06.342812Z",
            "yes_price": 14,
            "no_price": 86,
            "taker_side": "yes"
        },
        {
            "trade_id": "209922db-d532-48c8-9ba2-c65cfcf70ae5",
            "ticker": "KXHIGHMIA-24DEC22-B72.5",
            "count": 27,
            "created_time": "2024-12-22T04:31:06.342812Z",
            "yes_price": 11,
            "no_price": 89,
            "taker_side": "yes"
        },
        {
            "trade_id": "1edac40d-a979-4008-986b-af1eaebc929e",
            "ticker": "KXHIGHMIA-24DEC22-B72.5",
            "count": 100,
            "created_time": "2024-12-22T04:31:06.342812Z",
            "yes_price": 12,
            "no_price": 88,
            "taker_side": "yes"
        },
        {
            "trade_id": "1988a7c0-f97a-4bf0-9085-0ecbae4c73ce",
            "ticker": "KXHIGHMIA-24DEC22-B72.5",
            "count": 5,
            "created_time": "2024-12-22T04:27:47.062428Z",
            "yes_price": 9,
            "no_price": 91,
            "taker_side": "no"
        },
        {
            "trade_id": "6795ba26-e2dd-4e5b-bdd0-d176604fb562",
            "ticker": "KXHIGHMIA-24DEC22-B72.5",
            "count": 11,
            "created_time": "2024-12-22T04:24:07.476951Z",
            "yes_price": 9,
            "no_price": 91,
            "taker_side": "no"
        },
        {
            "trade_id": "9a7487da-1901-45e5-bcf8-e31ec8526847",
            "ticker": "KXHIGHMIA-24DEC22-B72.5",
            "count": 15,
            "created_time": "2024-12-22T04:05:21.254596Z",
            "yes_price": 17,
            "no_price": 83,
            "taker_side": "yes"
        },
        {
            "trade_id": "522f17cf-3665-4d1d-a3d1-947d6369f19b",
            "ticker": "KXHIGHMIA-24DEC22-B72.5",
            "count": 5,
            "created_time": "2024-12-22T03:58:19.493767Z",
            "yes_price": 9,
            "no_price": 91,
            "taker_side": "no"
        },
        {
            "trade_id": "297e5ee0-078a-42cd-88ba-4d4d550e3a85",
            "ticker": "KXHIGHMIA-24DEC22-B72.5",
            "count": 93,
            "created_time": "2024-12-22T03:54:25.353011Z",
            "yes_price": 10,
            "no_price": 90,
            "taker_side": "yes"
        },
        {
            "trade_id": "a6016bf8-1a92-4e66-b97b-b737d2cb7ed0",
            "ticker": "KXHIGHMIA-24DEC22-B72.5",
            "count": 108,
            "created_time": "2024-12-22T03:30:58.604313Z",
            "yes_price": 8,
            "no_price": 92,
            "taker_side": "no"
        },
        {
            "trade_id": "96ee5af8-54cc-4946-a6da-ef55d4eb436c",
            "ticker": "KXHIGHMIA-24DEC22-B72.5",
            "count": 1,
            "created_time": "2024-12-22T03:12:39.673566Z",
            "yes_price": 17,
            "no_price": 83,
            "taker_side": "yes"
        },
        {
            "trade_id": "3722721f-dc7b-4737-878d-b211383ab4c5",
            "ticker": "KXHIGHMIA-24DEC22-B72.5",
            "count": 9,
            "created_time": "2024-12-22T02:43:19.974342Z",
            "yes_price": 17,
            "no_price": 83,
            "taker_side": "yes"
        },
        {
            "trade_id": "32b544f5-00b1-404d-b3dd-78f964f405da",
            "ticker": "KXHIGHMIA-24DEC22-B72.5",
            "count": 2,
            "created_time": "2024-12-22T02:43:19.974342Z",
            "yes_price": 17,
            "no_price": 83,
            "taker_side": "yes"
        },
        {
            "trade_id": "1aac03f4-5356-4a6e-992a-3645855d3c35",
            "ticker": "KXHIGHMIA-24DEC22-B72.5",
            "count": 43,
            "created_time": "2024-12-22T02:42:01.589274Z",
            "yes_price": 14,
            "no_price": 86,
            "taker_side": "no"
        },
        {
            "trade_id": "ce2048cf-5382-484c-94cf-e375b6517f05",
            "ticker": "KXHIGHMIA-24DEC22-B72.5",
            "count": 48,
            "created_time": "2024-12-22T02:14:39.232176Z",
            "yes_price": 17,
            "no_price": 83,
            "taker_side": "yes"
        },
        {
            "trade_id": "4876d234-a98a-421f-b77d-a315890a3c17",
            "ticker": "KXHIGHMIA-24DEC22-B72.5",
            "count": 8,
            "created_time": "2024-12-22T02:14:39.232176Z",
            "yes_price": 16,
            "no_price": 84,
            "taker_side": "yes"
        },
        {
            "trade_id": "0f2189ea-749b-4a28-87fc-ab1352287026",
            "ticker": "KXHIGHMIA-24DEC22-B72.5",
            "count": 10,
            "created_time": "2024-12-22T01:26:52.597953Z",
            "yes_price": 14,
            "no_price": 86,
            "taker_side": "no"
        },
        {
            "trade_id": "371c84c7-a784-4d61-be55-03035c53a4a1",
            "ticker": "KXHIGHMIA-24DEC22-B72.5",
            "count": 14,
            "created_time": "2024-12-22T01:21:37.379319Z",
            "yes_price": 14,
            "no_price": 86,
            "taker_side": "no"
        },
        {
            "trade_id": "80bda008-1e1e-4a4f-9f12-da1a451a01d4",
            "ticker": "KXHIGHMIA-24DEC22-B72.5",
            "count": 50,
            "created_time": "2024-12-22T00:17:13.56325Z",
            "yes_price": 17,
            "no_price": 83,
            "taker_side": "yes"
        },
        {
            "trade_id": "1e544825-43f8-42d2-a305-e2339c546d69",
            "ticker": "KXHIGHMIA-24DEC22-B72.5",
            "count": 200,
            "created_time": "2024-12-21T23:16:43.113288Z",
            "yes_price": 14,
            "no_price": 86,
            "taker_side": "yes"
        },
        {
            "trade_id": "fb2deab3-ac8d-45e8-b7b2-d50144a78e5c",
            "ticker": "KXHIGHMIA-24DEC22-B72.5",
            "count": 200,
            "created_time": "2024-12-21T23:15:14.22445Z",
            "yes_price": 15,
            "no_price": 85,
            "taker_side": "yes"
        },
        {
            "trade_id": "d8e33e98-d9e3-4a6e-b77a-9f0d26ac5f20",
            "ticker": "KXHIGHMIA-24DEC22-B72.5",
            "count": 40,
            "created_time": "2024-12-21T23:15:14.22445Z",
            "yes_price": 16,
            "no_price": 84,
            "taker_side": "yes"
        },
        {
            "trade_id": "b5be80f6-54f5-4710-957e-0994e65fcde1",
            "ticker": "KXHIGHMIA-24DEC22-B72.5",
            "count": 200,
            "created_time": "2024-12-21T23:15:14.22445Z",
            "yes_price": 16,
            "no_price": 84,
            "taker_side": "yes"
        },
        {
            "trade_id": "4c1075c2-feef-4b9b-a768-f332fafa3061",
            "ticker": "KXHIGHMIA-24DEC22-B72.5",
            "count": 200,
            "created_time": "2024-12-21T23:15:14.22445Z",
            "yes_price": 14,
            "no_price": 86,
            "taker_side": "yes"
        },
        {
            "trade_id": "1b5cf392-6f68-4c84-9e38-82b62e01ffad",
            "ticker": "KXHIGHMIA-24DEC22-B72.5",
            "count": 200,
            "created_time": "2024-12-21T23:15:14.22445Z",
            "yes_price": 18,
            "no_price": 82,
            "taker_side": "yes"
        },
        {
            "trade_id": "a4fe3991-e337-4e54-a7a1-7826b62adb28",
            "ticker": "KXHIGHMIA-24DEC22-B72.5",
            "count": 240,
            "created_time": "2024-12-21T22:21:25.723244Z",
            "yes_price": 12,
            "no_price": 88,
            "taker_side": "yes"
        },
        {
            "trade_id": "4d0e3916-5df3-4a9c-8a82-ab130b84ea9d",
            "ticker": "KXHIGHMIA-24DEC22-B72.5",
            "count": 5,
            "created_time": "2024-12-21T22:06:35.472666Z",
            "yes_price": 13,
            "no_price": 87,
            "taker_side": "no"
        },
        {
            "trade_id": "6e25b99d-1b52-4612-b0c7-8a99f55d1f50",
            "ticker": "KXHIGHMIA-24DEC22-B72.5",
            "count": 35,
            "created_time": "2024-12-21T21:40:34.112205Z",
            "yes_price": 15,
            "no_price": 85,
            "taker_side": "yes"
        },
        {
            "trade_id": "7ba45566-17ea-4019-bf52-90e1c424fd22",
            "ticker": "KXHIGHMIA-24DEC22-B72.5",
            "count": 20,
            "created_time": "2024-12-21T21:39:28.91848Z",
            "yes_price": 15,
            "no_price": 85,
            "taker_side": "no"
        },
        {
            "trade_id": "2ead2f5e-31a4-4945-ae35-997b14ae65b6",
            "ticker": "KXHIGHMIA-24DEC22-B72.5",
            "count": 3,
            "created_time": "2024-12-21T21:39:28.91848Z",
            "yes_price": 16,
            "no_price": 84,
            "taker_side": "no"
        },
        {
            "trade_id": "8ad76d24-b71c-4bf9-a7e4-87ac6d32981f",
            "ticker": "KXHIGHMIA-24DEC22-B72.5",
            "count": 72,
            "created_time": "2024-12-21T20:09:21.135997Z",
            "yes_price": 18,
            "no_price": 82,
            "taker_side": "no"
        },
        {
            "trade_id": "d7e64e14-6840-47f3-ad33-4329a25eb983",
            "ticker": "KXHIGHMIA-24DEC22-B72.5",
            "count": 100,
            "created_time": "2024-12-21T19:06:10.460076Z",
            "yes_price": 21,
            "no_price": 79,
            "taker_side": "yes"
        },
        {
            "trade_id": "750ded3d-385a-4f2d-8514-c6768f8f6379",
            "ticker": "KXHIGHMIA-24DEC22-B72.5",
            "count": 92,
            "created_time": "2024-12-21T19:06:10.460076Z",
            "yes_price": 26,
            "no_price": 74,
            "taker_side": "yes"
        },
        {
            "trade_id": "1a4e3fb3-24fa-4509-8589-44825098dbc0",
            "ticker": "KXHIGHMIA-24DEC22-B72.5",
            "count": 10,
            "created_time": "2024-12-21T19:06:10.460076Z",
            "yes_price": 23,
            "no_price": 77,
            "taker_side": "yes"
        },
        {
            "trade_id": "d40a8695-6e0a-4fc0-a541-ddc91a8c77a2",
            "ticker": "KXHIGHMIA-24DEC22-B72.5",
            "count": 1,
            "created_time": "2024-12-21T17:30:28.319444Z",
            "yes_price": 23,
            "no_price": 77,
            "taker_side": "yes"
        },
        {
            "trade_id": "f9f3c136-7f9a-4c9a-881d-98dd8b5c8031",
            "ticker": "KXHIGHMIA-24DEC22-B72.5",
            "count": 70,
            "created_time": "2024-12-21T15:47:10.185179Z",
            "yes_price": 17,
            "no_price": 83,
            "taker_side": "no"
        }
    ],
    "KXHIGHMIA-24DEC22-B74.5": [
        {
            "trade_id": "dc8a6396-e006-4779-9251-0f64c0087ee7",
            "ticker": "KXHIGHMIA-24DEC22-B74.5",
            "count": 93,
            "created_time": "2024-12-23T02:01:31.350517Z",
            "yes_price": 1,
            "no_price": 99,
            "taker_side": "yes"
        },
        {
            "trade_id": "5fbec370-cf0f-40c1-8289-4613e4b44822",
            "ticker": "KXHIGHMIA-24DEC22-B74.5",
            "count": 100,
            "created_time": "2024-12-22T22:18:44.558234Z",
            "yes_price": 1,
            "no_price": 99,
            "taker_side": "yes"
        },
        {
            "trade_id": "e7e0b2a6-0739-450b-865e-ca80662f7974",
            "ticker": "KXHIGHMIA-24DEC22-B74.5",
            "count": 1,
            "created_time": "2024-12-22T22:11:17.969248Z",
            "yes_price": 1,
            "no_price": 99,
            "taker_side": "yes"
        },
        {
            "trade_id": "eb4b2f91-bc5d-4cf7-ac7f-e166b1c5f0c8",
            "ticker": "KXHIGHMIA-24DEC22-B74.5",
            "count": 50,
            "created_time": "2024-12-22T20:46:17.041083Z",
            "yes_price": 1,
            "no_price": 99,
            "taker_side": "yes"
        },
        {
            "trade_id": "20abe24e-ee6f-41c3-8203-1f200cddb739",
            "ticker": "KXHIGHMIA-24DEC22-B74.5",
            "count": 1776,
            "created_time": "2024-12-22T20:33:16.030284Z",
            "yes_price": 1,
            "no_price": 99,
            "taker_side": "yes"
        },
        {
            "trade_id": "ce5d084c-698a-45bf-b35f-fa301dcf3338",
            "ticker": "KXHIGHMIA-24DEC22-B74.5",
            "count": 9351,
            "created_time": "2024-12-22T20:26:57.731892Z",
            "yes_price": 1,
            "no_price": 99,
            "taker_side": "yes"
        },
        {
            "trade_id": "f44eb08f-4e17-4607-b39e-773ee7adc0fc",
            "ticker": "KXHIGHMIA-24DEC22-B74.5",
            "count": 497,
            "created_time": "2024-12-22T20:26:26.313895Z",
            "yes_price": 1,
            "no_price": 99,
            "taker_side": "yes"
        },
        {
            "trade_id": "fe231c55-aae6-467b-967f-861977841093",
            "ticker": "KXHIGHMIA-24DEC22-B74.5",
            "count": 150,
            "created_time": "2024-12-22T20:16:33.698558Z",
            "yes_price": 1,
            "no_price": 99,
            "taker_side": "yes"
        },
        {
            "trade_id": "d07b793d-874c-47f0-a5e2-42ff84007ca7",
            "ticker": "KXHIGHMIA-24DEC22-B74.5",
            "count": 300,
            "created_time": "2024-12-22T20:16:06.059375Z",
            "yes_price": 1,
            "no_price": 99,
            "taker_side": "yes"
        },
        {
            "trade_id": "066c1043-c208-48c2-a870-d9881a029074",
            "ticker": "KXHIGHMIA-24DEC22-B74.5",
            "count": 2,
            "created_time": "2024-12-22T20:13:08.235285Z",
            "yes_price": 1,
            "no_price": 99,
            "taker_side": "yes"
        },
        {
            "trade_id": "7db7d202-0eec-4a2b-90da-994897863c15",
            "ticker": "KXHIGHMIA-24DEC22-B74.5",
            "count": 1,
            "created_time": "2024-12-22T20:13:01.757449Z",
            "yes_price": 1,
            "no_price": 99,
            "taker_side": "yes"
        },
        {
            "trade_id": "6503115a-183d-44d3-ac35-2506861a34a7",
            "ticker": "KXHIGHMIA-24DEC22-B74.5",
            "count": 93,
            "created_time": "2024-12-22T20:12:40.206882Z",
            "yes_price": 1,
            "no_price": 99,
            "taker_side": "yes"
        },
        {
            "trade_id": "26ba5c87-e8e3-49a6-9f14-9de36e00d141",
            "ticker": "KXHIGHMIA-24DEC22-B74.5",
            "count": 400,
            "created_time": "2024-12-22T20:12:35.509845Z",
            "yes_price": 1,
            "no_price": 99,
            "taker_side": "yes"
        },
        {
            "trade_id": "4d49b182-fc6d-4a9b-90af-bd8cfc778e9b",
            "ticker": "KXHIGHMIA-24DEC22-B74.5",
            "count": 10,
            "created_time": "2024-12-22T20:12:06.051692Z",
            "yes_price": 1,
            "no_price": 99,
            "taker_side": "yes"
        },
        {
            "trade_id": "0fe10061-0541-4149-9c64-a39ec74d212b",
            "ticker": "KXHIGHMIA-24DEC22-B74.5",
            "count": 300,
            "created_time": "2024-12-22T20:12:05.795327Z",
            "yes_price": 1,
            "no_price": 99,
            "taker_side": "no"
        },
        {
            "trade_id": "b26d10ac-dd3e-40e2-8af2-ef47706b8d7f",
            "ticker": "KXHIGHMIA-24DEC22-B74.5",
            "count": 100,
            "created_time": "2024-12-22T20:12:05.614963Z",
            "yes_price": 1,
            "no_price": 99,
            "taker_side": "no"
        },
        {
            "trade_id": "02f3295f-94f9-4129-8dfe-d00044e51051",
            "ticker": "KXHIGHMIA-24DEC22-B74.5",
            "count": 22,
            "created_time": "2024-12-22T20:12:05.606833Z",
            "yes_price": 2,
            "no_price": 98,
            "taker_side": "yes"
        },
        {
            "trade_id": "1b490235-305c-4e0a-a040-326b95e1937f",
            "ticker": "KXHIGHMIA-24DEC22-B74.5",
            "count": 175,
            "created_time": "2024-12-22T20:12:04.662179Z",
            "yes_price": 2,
            "no_price": 98,
            "taker_side": "yes"
        },
        {
            "trade_id": "baaba978-ffca-4362-9168-144eb1810e6e",
            "ticker": "KXHIGHMIA-24DEC22-B74.5",
            "count": 400,
            "created_time": "2024-12-22T20:12:04.366193Z",
            "yes_price": 2,
            "no_price": 98,
            "taker_side": "yes"
        },
        {
            "trade_id": "ea959580-e41f-4ac0-97fb-b9623908950d",
            "ticker": "KXHIGHMIA-24DEC22-B74.5",
            "count": 45,
            "created_time": "2024-12-22T20:12:04.299712Z",
            "yes_price": 2,
            "no_price": 98,
            "taker_side": "yes"
        },
        {
            "trade_id": "e056baa3-3b93-4e4e-8e67-0599f187555b",
            "ticker": "KXHIGHMIA-24DEC22-B74.5",
            "count": 1000,
            "created_time": "2024-12-22T20:12:04.181179Z",
            "yes_price": 16,
            "no_price": 84,
            "taker_side": "no"
        },
        {
            "trade_id": "bfc53fef-32c6-419e-b3b3-0addfeaa08da",
            "ticker": "KXHIGHMIA-24DEC22-B74.5",
            "count": 1000,
            "created_time": "2024-12-22T20:12:04.181179Z",
            "yes_price": 2,
            "no_price": 98,
            "taker_side": "no"
        },
        {
            "trade_id": "32a8b570-9732-44e0-983b-87104a9cbfcd",
