{
    "HIGHMIA-24MAY08-T82": [],
    "HIGHMIA-24MAY08-B82.5": [],
    "HIGHMIA-24MAY08-B84.5": [
        {
            "trade_id": "affe0c38-b723-4851-93c4-e94eb7cf7ff9",
            "ticker": "HIGHMIA-24MAY08-B84.5",
            "count": 2337,
            "created_time": "2024-05-08T19:22:24.697861Z",
            "yes_price": 1,
            "no_price": 99,
            "taker_side": "yes"
        },
        {
            "trade_id": "731f11e9-db4a-4677-b591-491ed4159c9d",
            "ticker": "HIGHMIA-24MAY08-B84.5",
            "count": 4,
            "created_time": "2024-05-08T14:46:12.549454Z",
            "yes_price": 1,
            "no_price": 99,
            "taker_side": "no"
        },
        {
            "trade_id": "23918999-b515-4d02-87c1-a17dcd174203",
            "ticker": "HIGHMIA-24MAY08-B84.5",
            "count": 5,
            "created_time": "2024-05-08T12:34:49.230586Z",
            "yes_price": 5,
            "no_price": 95,
            "taker_side": "yes"
        },
        {
            "trade_id": "ae3e1a00-1ed8-4338-9c55-f56f974743f5",
            "ticker": "HIGHMIA-24MAY08-B84.5",
            "count": 4,
            "created_time": "2024-05-07T23:29:46.847391Z",
            "yes_price": 4,
            "no_price": 96,
            "taker_side": "yes"
        },
        {
            "trade_id": "666652ad-cac2-425c-97f9-f976406d318a",
            "ticker": "HIGHMIA-24MAY08-B84.5",
            "count": 90,
            "created_time": "2024-05-07T23:29:46.847391Z",
            "yes_price": 5,
            "no_price": 95,
            "taker_side": "yes"
        }
    ],
    "HIGHMIA-24MAY08-B86.5": [
        {
            "trade_id": "78ad740c-6a6e-4a0e-a805-7ae1a336f9b4",
            "ticker": "HIGHMIA-24MAY08-B86.5",
            "count": 156,
            "created_time": "2024-05-09T02:52:47.430811Z",
            "yes_price": 97,
            "no_price": 3,
            "taker_side": "no"
        },
        {
            "trade_id": "41a7a3db-112d-407f-8e14-93fc207e3570",
            "ticker": "HIGHMIA-24MAY08-B86.5",
            "count": 30,
            "created_time": "2024-05-08T12:35:21.061982Z",
            "yes_price": 8,
            "no_price": 92,
            "taker_side": "no"
        },
        {
            "trade_id": "dbce1561-cff5-43fd-ba86-628a115288e1",
            "ticker": "HIGHMIA-24MAY08-B86.5",
            "count": 27,
            "created_time": "2024-05-08T03:13:19.408285Z",
            "yes_price": 15,
            "no_price": 85,
            "taker_side": "no"
        },
        {
            "trade_id": "bc5a2d7a-ce0f-4249-bb89-3bc30b919699",
            "ticker": "HIGHMIA-24MAY08-B86.5",
            "count": 29,
            "created_time": "2024-05-08T03:13:19.408285Z",
            "yes_price": 13,
            "no_price": 87,
            "taker_side": "no"
        },
        {
            "trade_id": "78032362-65de-499a-b913-c853e65e971e",
            "ticker": "HIGHMIA-24MAY08-B86.5",
            "count": 24,
            "created_time": "2024-05-07T23:29:20.738919Z",
            "yes_price": 19,
            "no_price": 81,
            "taker_side": "yes"
        },
        {
            "trade_id": "5871efe3-99d7-445c-bfd8-48b1d3476b28",
            "ticker": "HIGHMIA-24MAY08-B86.5",
            "count": 4,
            "created_time": "2024-05-07T21:32:28.464534Z",
            "yes_price": 14,
            "no_price": 86,
            "taker_side": "yes"
        },
        {
            "trade_id": "efef382f-b3bf-4d23-80ec-a6835ea05744",
            "ticker": "HIGHMIA-24MAY08-B86.5",
            "count": 3,
            "created_time": "2024-05-07T20:56:33.982369Z",
            "yes_price": 49,
            "no_price": 51,
            "taker_side": "yes"
        },
        {
            "trade_id": "363ad161-2295-43cb-9c47-075e70e12122",
            "ticker": "HIGHMIA-24MAY08-B86.5",
            "count": 111,
            "created_time": "2024-05-07T20:56:33.982369Z",
            "yes_price": 20,
            "no_price": 80,
            "taker_side": "yes"
        },
        {
            "trade_id": "1aafa109-2bd6-4000-a750-67e138b7fc80",
            "ticker": "HIGHMIA-24MAY08-B86.5",
            "count": 29,
            "created_time": "2024-05-07T20:56:33.982369Z",
            "yes_price": 19,
            "no_price": 81,
            "taker_side": "yes"
        }
    ],
    "HIGHMIA-24MAY08-B88.5": [
        {
            "trade_id": "981856f4-3c6a-46ce-80e2-71a379752f7b",
            "ticker": "HIGHMIA-24MAY08-B88.5",
            "count": 312,
            "created_time": "2024-05-09T03:05:52.691572Z",
            "yes_price": 3,
            "no_price": 97,
            "taker_side": "yes"
        },
        {
            "trade_id": "84d61c7d-18bc-498f-b2f1-1917bd2d03f5",
            "ticker": "HIGHMIA-24MAY08-B88.5",
            "count": 8,
            "created_time": "2024-05-08T22:38:35.347048Z",
            "yes_price": 59,
            "no_price": 41,
            "taker_side": "yes"
        },
        {
            "trade_id": "a6144aef-55a4-47b2-9777-f644386bc67b",
            "ticker": "HIGHMIA-24MAY08-B88.5",
            "count": 8,
            "created_time": "2024-05-08T17:27:36.446089Z",
            "yes_price": 87,
            "no_price": 13,
            "taker_side": "yes"
        },
        {
            "trade_id": "63e7464c-9e91-4a20-be94-f06385c3fa19",
            "ticker": "HIGHMIA-24MAY08-B88.5",
            "count": 98,
            "created_time": "2024-05-08T17:27:36.446089Z",
            "yes_price": 80,
            "no_price": 20,
            "taker_side": "yes"
        },
        {
            "trade_id": "06bea838-ba96-48dd-a615-61ba34d3ffcc",
            "ticker": "HIGHMIA-24MAY08-B88.5",
            "count": 12,
            "created_time": "2024-05-08T16:44:06.230269Z",
            "yes_price": 80,
            "no_price": 20,
            "taker_side": "yes"
        },
        {
            "trade_id": "d60be4c8-55e5-4373-ad24-1216bd28639d",
            "ticker": "HIGHMIA-24MAY08-B88.5",
            "count": 1,
            "created_time": "2024-05-08T15:28:29.014524Z",
            "yes_price": 80,
            "no_price": 20,
            "taker_side": "yes"
        },
        {
            "trade_id": "73f0dcf0-b7de-49dc-ab99-88e3ce26f75a",
            "ticker": "HIGHMIA-24MAY08-B88.5",
            "count": 10,
            "created_time": "2024-05-08T12:55:30.654757Z",
            "yes_price": 70,
            "no_price": 30,
            "taker_side": "no"
        },
        {
            "trade_id": "03f271ee-ff00-4a4d-a6bc-6b7e9ff61fd3",
            "ticker": "HIGHMIA-24MAY08-B88.5",
            "count": 5,
            "created_time": "2024-05-08T12:35:30.909439Z",
            "yes_price": 70,
            "no_price": 30,
            "taker_side": "no"
        },
        {
            "trade_id": "97d6e70b-722a-42ea-8d05-258d463e613a",
            "ticker": "HIGHMIA-24MAY08-B88.5",
            "count": 39,
            "created_time": "2024-05-08T12:29:58.422653Z",
            "yes_price": 69,
            "no_price": 31,
            "taker_side": "no"
        },
        {
            "trade_id": "e8abff7c-aabd-4b2c-a93a-e76bc7189826",
            "ticker": "HIGHMIA-24MAY08-B88.5",
            "count": 19,
            "created_time": "2024-05-08T12:29:18.886651Z",
            "yes_price": 70,
            "no_price": 30,
            "taker_side": "no"
        },
        {
            "trade_id": "ec366535-6773-4032-90e5-f5939d713535",
            "ticker": "HIGHMIA-24MAY08-B88.5",
            "count": 11,
            "created_time": "2024-05-07T23:30:35.155006Z",
            "yes_price": 59,
            "no_price": 41,
            "taker_side": "no"
        },
        {
            "trade_id": "1efcb53f-043d-4241-8569-108dbe3fda2e",
            "ticker": "HIGHMIA-24MAY08-B88.5",
            "count": 29,
            "created_time": "2024-05-07T20:56:34.074183Z",
            "yes_price": 45,
            "no_price": 55,
            "taker_side": "no"
        },
        {
            "trade_id": "9ea5212e-0e45-475f-9423-341c8745ec91",
            "ticker": "HIGHMIA-24MAY08-B88.5",
            "count": 43,
            "created_time": "2024-05-07T20:55:49.326999Z",
            "yes_price": 46,
            "no_price": 54,
            "taker_side": "no"
        },
        {
            "trade_id": "6313a188-6da3-49e9-984d-58bf8b47409c",
            "ticker": "HIGHMIA-24MAY08-B88.5",
            "count": 45,
            "created_time": "2024-05-07T20:55:49.326999Z",
            "yes_price": 44,
            "no_price": 56,
            "taker_side": "no"
        },
        {
            "trade_id": "bcd6cbbd-9041-4d85-a5a0-1684e6d77e41",
            "ticker": "HIGHMIA-24MAY08-B88.5",
            "count": 1,
            "created_time": "2024-05-07T18:35:28.606294Z",
            "yes_price": 55,
            "no_price": 45,
            "taker_side": "no"
        },
        {
            "trade_id": "548137d9-6fd3-4076-8df7-42b2e6897073",
            "ticker": "HIGHMIA-24MAY08-B88.5",
            "count": 8,
            "created_time": "2024-05-07T15:00:34.15769Z",
            "yes_price": 50,
            "no_price": 50,
            "taker_side": "no"
        },
        {
            "trade_id": "a3447593-41c6-4f80-a765-9e44ce52ebec",
            "ticker": "HIGHMIA-24MAY08-B88.5",
            "count": 3,
            "created_time": "2024-05-07T14:12:23.175768Z",
            "yes_price": 40,
            "no_price": 60,
            "taker_side": "yes"
        }
    ],
    "HIGHMIA-24MAY08-T89": [
        {
            "trade_id": "fb7063e8-71a7-4694-b1e4-ab817408e8d0",
            "ticker": "HIGHMIA-24MAY08-T89",
            "count": 100,
            "created_time": "2024-05-09T02:42:02.902941Z",
            "yes_price": 3,
            "no_price": 97,
            "taker_side": "yes"
        },
        {
            "trade_id": "dded3901-d47c-406a-bec8-e35d9dbfc59b",
            "ticker": "HIGHMIA-24MAY08-T89",
            "count": 4,
            "created_time": "2024-05-09T02:42:02.902941Z",
            "yes_price": 2,
            "no_price": 98,
            "taker_side": "yes"
        },
        {
            "trade_id": "a4eeb180-eed8-405a-b8a5-c24c4dfa2761",
            "ticker": "HIGHMIA-24MAY08-T89",
            "count": 5,
            "created_time": "2024-05-08T18:44:42.860628Z",
            "yes_price": 1,
            "no_price": 99,
            "taker_side": "no"
        },
        {
            "trade_id": "a1e41275-9e6e-4eb8-a62a-a519fbfba25a",
            "ticker": "HIGHMIA-24MAY08-T89",
            "count": 2,
            "created_time": "2024-05-08T18:44:42.860628Z",
            "yes_price": 2,
            "no_price": 98,
            "taker_side": "no"
        },
        {
            "trade_id": "63388a93-e02c-4f20-a686-ce998bcd4965",
            "ticker": "HIGHMIA-24MAY08-T89",
            "count": 2,
            "created_time": "2024-05-08T18:44:42.860628Z",
            "yes_price": 3,
            "no_price": 97,
            "taker_side": "no"
        },
        {
            "trade_id": "63e5a84b-c7ce-4465-b609-319a98c76c59",
            "ticker": "HIGHMIA-24MAY08-T89",
            "count": 7,
            "created_time": "2024-05-08T14:26:39.150453Z",
            "yes_price": 48,
            "no_price": 52,
            "taker_side": "yes"
        },
        {
            "trade_id": "1ce088cd-578e-4cf2-9410-1183d6bc0dea",
            "ticker": "HIGHMIA-24MAY08-T89",
            "count": 32,
            "created_time": "2024-05-08T14:26:39.150453Z",
            "yes_price": 49,
            "no_price": 51,
            "taker_side": "yes"
        },
        {
            "trade_id": "b93a92f3-b2b6-43db-99be-7c27afd9ecff",
            "ticker": "HIGHMIA-24MAY08-T89",
            "count": 96,
            "created_time": "2024-05-08T13:57:49.869669Z",
            "yes_price": 11,
            "no_price": 89,
            "taker_side": "no"
        },
        {
            "trade_id": "a904a920-4e2f-4d78-8593-81f315bafb81",
            "ticker": "HIGHMIA-24MAY08-T89",
            "count": 6,
            "created_time": "2024-05-08T13:57:49.869669Z",
            "yes_price": 11,
            "no_price": 89,
            "taker_side": "no"
        },
        {
            "trade_id": "ca745bc0-0423-4ca5-9f46-012349bd0f8d",
            "ticker": "HIGHMIA-24MAY08-T89",
            "count": 104,
            "created_time": "2024-05-08T13:47:46.053096Z",
            "yes_price": 11,
            "no_price": 89,
            "taker_side": "no"
        },
        {
            "trade_id": "1c46fff9-a987-41f2-a627-5fcec0280ff9",
            "ticker": "HIGHMIA-24MAY08-T89",
            "count": 100,
            "created_time": "2024-05-08T13:22:49.192324Z",
            "yes_price": 11,
            "no_price": 89,
            "taker_side": "no"
        },
        {
            "trade_id": "fb7e86cf-a878-4c26-ab14-30de723b552b",
            "ticker": "HIGHMIA-24MAY08-T89",
            "count": 4,
            "created_time": "2024-05-08T12:53:12.99746Z",
            "yes_price": 21,
            "no_price": 79,
            "taker_side": "yes"
        },
        {
            "trade_id": "001a774a-a551-48ea-9d37-558142cfaa9d",
            "ticker": "HIGHMIA-24MAY08-T89",
            "count": 9,
            "created_time": "2024-05-08T12:35:06.584397Z",
            "yes_price": 12,
            "no_price": 88,
            "taker_side": "no"
        },
        {
            "trade_id": "b5cf2497-e90c-4d89-a8cf-9d0b34e9aaf1",
            "ticker": "HIGHMIA-24MAY08-T89",
            "count": 17,
            "created_time": "2024-05-08T03:12:59.880546Z",
            "yes_price": 22,
            "no_price": 78,
            "taker_side": "yes"
        },
        {
            "trade_id": "1379dc4b-4e90-454b-8ec7-09b9e40571a3",
            "ticker": "HIGHMIA-24MAY08-T89",
            "count": 28,
            "created_time": "2024-05-08T03:12:59.880546Z",
            "yes_price": 20,
            "no_price": 80,
            "taker_side": "yes"
        },
        {
            "trade_id": "0a3ee9f5-705f-4195-9d40-893ab2a92bec",
            "ticker": "HIGHMIA-24MAY08-T89",
            "count": 1,
            "created_time": "2024-05-08T01:40:31.628341Z",
            "yes_price": 24,
            "no_price": 76,
            "taker_side": "yes"
        },
        {
            "trade_id": "dcf48593-ab1b-4cfa-8618-7047bd377dc7",
            "ticker": "HIGHMIA-24MAY08-T89",
            "count": 1,
            "created_time": "2024-05-08T01:04:32.754813Z",
            "yes_price": 18,
            "no_price": 82,
            "taker_side": "yes"
        },
        {
            "trade_id": "3679e814-2bb4-4df6-b60a-2654696672ef",
            "ticker": "HIGHMIA-24MAY08-T89",
            "count": 29,
            "created_time": "2024-05-07T20:56:34.05227Z",
            "yes_price": 44,
            "no_price": 56,
            "taker_side": "no"
        },
        {
            "trade_id": "35cb304d-1432-4dca-8371-5032582b5fdd",
            "ticker": "HIGHMIA-24MAY08-T89",
            "count": 73,
            "created_time": "2024-05-07T20:54:47.671837Z",
            "yes_price": 44,
            "no_price": 56,
            "taker_side": "no"
        },
        {
            "trade_id": "1f402c47-7b33-46da-b397-16110363cdd0",
            "ticker": "HIGHMIA-24MAY08-T89",
            "count": 13,
            "created_time": "2024-05-07T20:54:47.671837Z",
            "yes_price": 42,
            "no_price": 58,
            "taker_side": "no"
        },
        {
            "trade_id": "f4b1a9ba-8bfb-4cd3-af36-0ff86e9265f8",
            "ticker": "HIGHMIA-24MAY08-T89",
            "count": 1,
            "created_time": "2024-05-07T18:35:29.474425Z",
            "yes_price": 36,
            "no_price": 64,
            "taker_side": "yes"
        },
        {
            "trade_id": "53fda720-4c87-4653-aa35-dd1ecc7c566d",
            "ticker": "HIGHMIA-24MAY08-T89",
            "count": 56,
            "created_time": "2024-05-07T16:48:41.675878Z",
            "yes_price": 45,
            "no_price": 55,
            "taker_side": "no"
        },
        {
            "trade_id": "d36a8965-646e-4d88-9f12-fd9fddee3d9a",
            "ticker": "HIGHMIA-24MAY08-T89",
            "count": 67,
            "created_time": "2024-05-07T16:48:31.092751Z",
            "yes_price": 44,
            "no_price": 56,
            "taker_side": "no"
        },
        {
            "trade_id": "344bca6e-b431-4196-936d-68b18ff4176b",
            "ticker": "HIGHMIA-24MAY08-T89",
            "count": 53,
            "created_time": "2024-05-07T16:48:20.180784Z",
            "yes_price": 45,
            "no_price": 55,
            "taker_side": "no"
        },
        {
            "trade_id": "93456494-2545-48ad-9fbb-861d8b0f1bd7",
            "ticker": "HIGHMIA-24MAY08-T89",
            "count": 67,
            "created_time": "2024-05-07T16:48:10.473281Z",
            "yes_price": 46,
            "no_price": 54,
            "taker_side": "no"
        },
        {
            "trade_id": "7fe4905f-71ba-408a-b1db-04cd1389c313",
            "ticker": "HIGHMIA-24MAY08-T89",
            "count": 67,
            "created_time": "2024-05-07T16:48:00.457381Z",
            "yes_price": 47,
            "no_price": 53,
            "taker_side": "no"
        },
        {
            "trade_id": "d9f03c5c-9edd-4aad-8265-2f235403430f",
            "ticker": "HIGHMIA-24MAY08-T89",
            "count": 66,
            "created_time": "2024-05-07T16:47:54.168258Z",
            "yes_price": 48,
            "no_price": 52,
            "taker_side": "no"
        },
        {
            "trade_id": "3a0cacf6-6118-4f1d-8b4c-7d768429b63a",
            "ticker": "HIGHMIA-24MAY08-T89",
            "count": 39,
            "created_time": "2024-05-07T15:04:23.506221Z",
            "yes_price": 49,
            "no_price": 51,
            "taker_side": "yes"
        },
        {
            "trade_id": "66f4f3d5-0a45-421a-bd6d-88096107d0e3",
            "ticker": "HIGHMIA-24MAY08-T89",
            "count": 1,
            "created_time": "2024-05-07T14:40:24.499256Z",
            "yes_price": 38,
            "no_price": 62,
            "taker_side": "yes"
        },
        {
            "trade_id": "916246dd-ffe8-4349-99d7-be3bb6e2a87b",
            "ticker": "HIGHMIA-24MAY08-T89",
            "count": 5,
            "created_time": "2024-05-07T14:36:39.26077Z",
            "yes_price": 33,
            "no_price": 67,
            "taker_side": "yes"
        },
        {
            "trade_id": "b306ba10-5f6c-44de-9ff2-f3a2fb98556a",
            "ticker": "HIGHMIA-24MAY08-T89",
            "count": 3,
            "created_time": "2024-05-07T14:12:23.250185Z",
            "yes_price": 13,
            "no_price": 87,
            "taker_side": "yes"
        }
    ]
}