{
    "HIGHMIA-24OCT17-T77": [
        {
            "trade_id": "73991e62-f342-4a1a-966a-38af74f7175a",
            "ticker": "HIGHMIA-24OCT17-T77",
            "count": 93,
            "created_time": "2024-10-17T15:43:39.879413Z",
            "yes_price": 1,
            "no_price": 99,
            "taker_side": "yes"
        },
        {
            "trade_id": "951119a5-98e8-4411-9778-62354bfeef94",
            "ticker": "HIGHMIA-24OCT17-T77",
            "count": 50,
            "created_time": "2024-10-17T13:42:59.373121Z",
            "yes_price": 1,
            "no_price": 99,
            "taker_side": "no"
        }
    ],
    "HIGHMIA-24OCT17-B77.5": [
        {
            "trade_id": "4838bb0e-8974-45f6-b592-9d8b9f121c30",
            "ticker": "HIGHMIA-24OCT17-B77.5",
            "count": 93,
            "created_time": "2024-10-17T15:39:21.115156Z",
            "yes_price": 1,
            "no_price": 99,
            "taker_side": "yes"
        },
        {
            "trade_id": "ba39d780-7acf-429e-be67-f990c04587d2",
            "ticker": "HIGHMIA-24OCT17-B77.5",
            "count": 246,
            "created_time": "2024-10-17T15:21:10.988495Z",
            "yes_price": 1,
            "no_price": 99,
            "taker_side": "yes"
        },
        {
            "trade_id": "1c932cac-bce3-4f8a-9738-3aa8d51b5c0c",
            "ticker": "HIGHMIA-24OCT17-B77.5",
            "count": 33,
            "created_time": "2024-10-17T15:21:10.988495Z",
            "yes_price": 1,
            "no_price": 99,
            "taker_side": "yes"
        },
        {
            "trade_id": "35f4bb14-38aa-4673-909d-bcd4a9b9dc63",
            "ticker": "HIGHMIA-24OCT17-B77.5",
            "count": 2,
            "created_time": "2024-10-17T13:59:30.724848Z",
            "yes_price": 2,
            "no_price": 98,
            "taker_side": "no"
        },
        {
            "trade_id": "34e404bd-9cd1-42cf-8100-ced859c2f421",
            "ticker": "HIGHMIA-24OCT17-B77.5",
            "count": 50,
            "created_time": "2024-10-17T13:59:30.724848Z",
            "yes_price": 1,
            "no_price": 99,
            "taker_side": "no"
        },
        {
            "trade_id": "b902756a-63b3-47cd-b091-1744b7680376",
            "ticker": "HIGHMIA-24OCT17-B77.5",
            "count": 1,
            "created_time": "2024-10-17T01:45:59.39539Z",
            "yes_price": 12,
            "no_price": 88,
            "taker_side": "yes"
        },
        {
            "trade_id": "b575d852-f01c-4027-8bdc-55bcc2a17ba7",
            "ticker": "HIGHMIA-24OCT17-B77.5",
            "count": 47,
            "created_time": "2024-10-17T01:33:28.91993Z",
            "yes_price": 12,
            "no_price": 88,
            "taker_side": "yes"
        },
        {
            "trade_id": "ef5c916a-04e2-4100-b3af-ecdbd2b3de44",
            "ticker": "HIGHMIA-24OCT17-B77.5",
            "count": 6,
            "created_time": "2024-10-16T20:56:12.487162Z",
            "yes_price": 15,
            "no_price": 85,
            "taker_side": "yes"
        }
    ],
    "HIGHMIA-24OCT17-B79.5": [
        {
            "trade_id": "9354e149-e8cc-411c-8ec8-d9f7ff466e28",
            "ticker": "HIGHMIA-24OCT17-B79.5",
            "count": 50,
            "created_time": "2024-10-18T00:24:10.59874Z",
            "yes_price": 1,
            "no_price": 99,
            "taker_side": "yes"
        },
        {
            "trade_id": "be49bcd1-6b81-4efb-b8e0-84533fa8fb40",
            "ticker": "HIGHMIA-24OCT17-B79.5",
            "count": 39,
            "created_time": "2024-10-17T21:36:07.044778Z",
            "yes_price": 1,
            "no_price": 99,
            "taker_side": "yes"
        },
        {
            "trade_id": "f2342f09-06b4-46ed-89f9-e6ab3cddf03c",
            "ticker": "HIGHMIA-24OCT17-B79.5",
            "count": 673,
            "created_time": "2024-10-17T19:11:34.960935Z",
            "yes_price": 1,
            "no_price": 99,
            "taker_side": "yes"
        },
        {
            "trade_id": "c598c8e9-f820-43e5-a8db-e97a750b329c",
            "ticker": "HIGHMIA-24OCT17-B79.5",
            "count": 59,
            "created_time": "2024-10-17T19:11:34.960935Z",
            "yes_price": 1,
            "no_price": 99,
            "taker_side": "yes"
        },
        {
            "trade_id": "c54fe88d-e2d8-4e8a-89a1-803aaabc6855",
            "ticker": "HIGHMIA-24OCT17-B79.5",
            "count": 673,
            "created_time": "2024-10-17T19:11:34.960935Z",
            "yes_price": 1,
            "no_price": 99,
            "taker_side": "yes"
        },
        {
            "trade_id": "a3ba9923-e0c9-4689-b0cf-9b123162b588",
            "ticker": "HIGHMIA-24OCT17-B79.5",
            "count": 662,
            "created_time": "2024-10-17T19:11:34.960935Z",
            "yes_price": 1,
            "no_price": 99,
            "taker_side": "yes"
        },
        {
            "trade_id": "33c25d92-5705-4f7f-b4c6-e1814022a7d8",
            "ticker": "HIGHMIA-24OCT17-B79.5",
            "count": 12,
            "created_time": "2024-10-17T17:55:38.963473Z",
            "yes_price": 13,
            "no_price": 87,
            "taker_side": "no"
        },
        {
            "trade_id": "8caedca4-7519-45bd-8a05-66201edd4187",
            "ticker": "HIGHMIA-24OCT17-B79.5",
            "count": 4,
            "created_time": "2024-10-17T17:54:51.002743Z",
            "yes_price": 41,
            "no_price": 59,
            "taker_side": "yes"
        },
        {
            "trade_id": "a5b262f3-d4df-4606-b102-2c673cbc975d",
            "ticker": "HIGHMIA-24OCT17-B79.5",
            "count": 3,
            "created_time": "2024-10-17T17:41:15.168715Z",
            "yes_price": 22,
            "no_price": 78,
            "taker_side": "no"
        },
        {
            "trade_id": "6d08c52f-c752-43e1-8804-6fe087a1d05c",
            "ticker": "HIGHMIA-24OCT17-B79.5",
            "count": 2,
            "created_time": "2024-10-17T17:40:49.404812Z",
            "yes_price": 23,
            "no_price": 77,
            "taker_side": "no"
        },
        {
            "trade_id": "542d027d-24e5-49f0-9645-5a91283af3e9",
            "ticker": "HIGHMIA-24OCT17-B79.5",
            "count": 3,
            "created_time": "2024-10-17T17:40:28.146493Z",
            "yes_price": 23,
            "no_price": 77,
            "taker_side": "no"
        },
        {
            "trade_id": "56132777-f2a3-4263-bae7-e2021ad10b9c",
            "ticker": "HIGHMIA-24OCT17-B79.5",
            "count": 5,
            "created_time": "2024-10-17T17:24:15.070017Z",
            "yes_price": 14,
            "no_price": 86,
            "taker_side": "no"
        },
        {
            "trade_id": "4e708ec6-a7eb-4dab-a80a-098fe7247367",
            "ticker": "HIGHMIA-24OCT17-B79.5",
            "count": 6,
            "created_time": "2024-10-17T17:24:15.070017Z",
            "yes_price": 14,
            "no_price": 86,
            "taker_side": "no"
        },
        {
            "trade_id": "b67cfe2d-fa60-44d2-a168-d50d296a87c3",
            "ticker": "HIGHMIA-24OCT17-B79.5",
            "count": 1,
            "created_time": "2024-10-17T17:20:44.217013Z",
            "yes_price": 50,
            "no_price": 50,
            "taker_side": "yes"
        },
        {
            "trade_id": "dee66589-c014-42de-8671-4072aaf289eb",
            "ticker": "HIGHMIA-24OCT17-B79.5",
            "count": 7,
            "created_time": "2024-10-17T17:01:54.816969Z",
            "yes_price": 8,
            "no_price": 92,
            "taker_side": "no"
        },
        {
            "trade_id": "4a7cca1c-9438-4dd9-8d25-a35d54bc4fb3",
            "ticker": "HIGHMIA-24OCT17-B79.5",
            "count": 50,
            "created_time": "2024-10-17T17:01:54.816969Z",
            "yes_price": 1,
            "no_price": 99,
            "taker_side": "no"
        },
        {
            "trade_id": "1cf81f90-0849-4ce7-9380-a16301674aa4",
            "ticker": "HIGHMIA-24OCT17-B79.5",
            "count": 13,
            "created_time": "2024-10-17T17:01:54.816969Z",
            "yes_price": 8,
            "no_price": 92,
            "taker_side": "no"
        },
        {
            "trade_id": "63bad2ea-240a-4df2-a07a-ea14eb5abd5d",
            "ticker": "HIGHMIA-24OCT17-B79.5",
            "count": 166,
            "created_time": "2024-10-17T16:50:07.702586Z",
            "yes_price": 57,
            "no_price": 43,
            "taker_side": "yes"
        },
        {
            "trade_id": "13e609d3-4500-4f2e-b7ed-41f4fa7aa466",
            "ticker": "HIGHMIA-24OCT17-B79.5",
            "count": 1,
            "created_time": "2024-10-17T16:50:07.702586Z",
            "yes_price": 57,
            "no_price": 43,
            "taker_side": "yes"
        },
        {
            "trade_id": "f4d9ec7e-ae88-4554-8f77-e040a2581237",
            "ticker": "HIGHMIA-24OCT17-B79.5",
            "count": 9,
            "created_time": "2024-10-17T16:47:20.69991Z",
            "yes_price": 60,
            "no_price": 40,
            "taker_side": "yes"
        },
        {
            "trade_id": "d4bd7f3a-fc20-47e4-a5ca-e47e56274950",
            "ticker": "HIGHMIA-24OCT17-B79.5",
            "count": 7,
            "created_time": "2024-10-17T16:47:20.69991Z",
            "yes_price": 61,
            "no_price": 39,
            "taker_side": "yes"
        },
        {
            "trade_id": "fabeb048-3d1d-4bd4-a7e2-d1a9b07c9468",
            "ticker": "HIGHMIA-24OCT17-B79.5",
            "count": 3,
            "created_time": "2024-10-17T16:30:41.151821Z",
            "yes_price": 63,
            "no_price": 37,
            "taker_side": "yes"
        },
        {
            "trade_id": "8fa3aee5-b4bb-4681-b61a-1e96d5d80221",
            "ticker": "HIGHMIA-24OCT17-B79.5",
            "count": 12,
            "created_time": "2024-10-17T16:30:41.151821Z",
            "yes_price": 62,
            "no_price": 38,
            "taker_side": "yes"
        },
        {
            "trade_id": "da190317-60f5-4988-b267-4a814f47d752",
            "ticker": "HIGHMIA-24OCT17-B79.5",
            "count": 4,
            "created_time": "2024-10-17T16:00:36.739975Z",
            "yes_price": 31,
            "no_price": 69,
            "taker_side": "yes"
        },
        {
            "trade_id": "4d668942-1370-4fbd-83aa-48cee9dc2ef0",
            "ticker": "HIGHMIA-24OCT17-B79.5",
            "count": 3,
            "created_time": "2024-10-17T16:00:36.739975Z",
            "yes_price": 30,
            "no_price": 70,
            "taker_side": "yes"
        },
        {
            "trade_id": "175c6409-2c2f-4f88-aba1-3bd24d7a95b1",
            "ticker": "HIGHMIA-24OCT17-B79.5",
            "count": 10,
            "created_time": "2024-10-17T15:16:08.486481Z",
            "yes_price": 21,
            "no_price": 79,
            "taker_side": "no"
        },
        {
            "trade_id": "7f3a420f-1481-4439-8816-c20d27ad66f3",
            "ticker": "HIGHMIA-24OCT17-B79.5",
            "count": 28,
            "created_time": "2024-10-17T13:09:12.501406Z",
            "yes_price": 20,
            "no_price": 80,
            "taker_side": "yes"
        },
        {
            "trade_id": "845421fd-fc49-46b0-b19f-dcbcf24ae5d2",
            "ticker": "HIGHMIA-24OCT17-B79.5",
            "count": 150,
            "created_time": "2024-10-17T13:04:33.686595Z",
            "yes_price": 18,
            "no_price": 82,
            "taker_side": "yes"
        },
        {
            "trade_id": "5be1fb8d-fa8c-4724-9419-32b988753cb7",
            "ticker": "HIGHMIA-24OCT17-B79.5",
            "count": 150,
            "created_time": "2024-10-17T13:04:33.686595Z",
            "yes_price": 19,
            "no_price": 81,
            "taker_side": "yes"
        },
        {
            "trade_id": "3560a1ea-229e-41e8-84a2-0de87ad1c2a4",
            "ticker": "HIGHMIA-24OCT17-B79.5",
            "count": 75,
            "created_time": "2024-10-17T13:04:33.686595Z",
            "yes_price": 16,
            "no_price": 84,
            "taker_side": "yes"
        },
        {
            "trade_id": "e5222523-270c-4eae-9901-c12fb9b1e43d",
            "ticker": "HIGHMIA-24OCT17-B79.5",
            "count": 135,
            "created_time": "2024-10-17T13:03:41.62627Z",
            "yes_price": 15,
            "no_price": 85,
            "taker_side": "yes"
        },
        {
            "trade_id": "beb2f015-fef8-4f6d-9012-cfee70d35fd2",
            "ticker": "HIGHMIA-24OCT17-B79.5",
            "count": 30,
            "created_time": "2024-10-17T12:59:38.756272Z",
            "yes_price": 14,
            "no_price": 86,
            "taker_side": "yes"
        },
        {
            "trade_id": "45471ebb-bad5-4bfc-a888-1f7eaa02a606",
            "ticker": "HIGHMIA-24OCT17-B79.5",
            "count": 3,
            "created_time": "2024-10-17T12:59:38.756272Z",
            "yes_price": 15,
            "no_price": 85,
            "taker_side": "yes"
        },
        {
            "trade_id": "00385a7f-7154-43c9-bfa4-b360824a7389",
            "ticker": "HIGHMIA-24OCT17-B79.5",
            "count": 20,
            "created_time": "2024-10-17T12:14:02.095419Z",
            "yes_price": 14,
            "no_price": 86,
            "taker_side": "yes"
        },
        {
            "trade_id": "a1585e7f-b1fa-48a9-976c-2a5e33de1f64",
            "ticker": "HIGHMIA-24OCT17-B79.5",
            "count": 3,
            "created_time": "2024-10-17T06:04:26.339385Z",
            "yes_price": 28,
            "no_price": 72,
            "taker_side": "yes"
        },
        {
            "trade_id": "f772af9b-adfc-4edd-a219-673270a36e25",
            "ticker": "HIGHMIA-24OCT17-B79.5",
            "count": 1,
            "created_time": "2024-10-17T05:58:23.415699Z",
            "yes_price": 21,
            "no_price": 79,
            "taker_side": "no"
        },
        {
            "trade_id": "c328bf20-acc9-49bd-bd1a-ffec013b8c89",
            "ticker": "HIGHMIA-24OCT17-B79.5",
            "count": 5,
            "created_time": "2024-10-17T04:36:45.683882Z",
            "yes_price": 41,
            "no_price": 59,
            "taker_side": "no"
        },
        {
            "trade_id": "77fe2455-25df-4014-9f8f-eeda5900d5b0",
            "ticker": "HIGHMIA-24OCT17-B79.5",
            "count": 60,
            "created_time": "2024-10-17T04:36:37.202973Z",
            "yes_price": 41,
            "no_price": 59,
            "taker_side": "no"
        },
        {
            "trade_id": "7f8e8aa3-502a-49d4-891c-6a2812f9373e",
            "ticker": "HIGHMIA-24OCT17-B79.5",
            "count": 15,
            "created_time": "2024-10-17T04:32:35.852162Z",
            "yes_price": 41,
            "no_price": 59,
            "taker_side": "no"
        },
        {
            "trade_id": "11752436-67d1-4564-b0b9-84543186da4b",
            "ticker": "HIGHMIA-24OCT17-B79.5",
            "count": 3,
            "created_time": "2024-10-17T03:28:18.448159Z",
            "yes_price": 45,
            "no_price": 55,
            "taker_side": "yes"
        },
        {
            "trade_id": "bd07f85b-08bd-4ccd-808c-3991bd6cdede",
            "ticker": "HIGHMIA-24OCT17-B79.5",
            "count": 20,
            "created_time": "2024-10-17T00:05:41.850936Z",
            "yes_price": 56,
            "no_price": 44,
            "taker_side": "yes"
        },
        {
            "trade_id": "70c637f2-7dd3-47c6-8d8d-133132dec604",
            "ticker": "HIGHMIA-24OCT17-B79.5",
            "count": 15,
            "created_time": "2024-10-17T00:05:41.850936Z",
            "yes_price": 53,
            "no_price": 47,
            "taker_side": "yes"
        },
        {
            "trade_id": "b279f56d-8843-4319-8e35-ba3a8a482dac",
            "ticker": "HIGHMIA-24OCT17-B79.5",
            "count": 75,
            "created_time": "2024-10-16T21:44:40.977682Z",
            "yes_price": 47,
            "no_price": 53,
            "taker_side": "no"
        },
        {
            "trade_id": "cb6e876b-1bc9-4f15-9391-b1cc7c262ee0",
            "ticker": "HIGHMIA-24OCT17-B79.5",
            "count": 75,
            "created_time": "2024-10-16T21:40:36.398182Z",
            "yes_price": 47,
            "no_price": 53,
            "taker_side": "no"
        },
        {
            "trade_id": "53300eb8-42c8-4ce9-a7d2-28e8d03abd2e",
            "ticker": "HIGHMIA-24OCT17-B79.5",
            "count": 34,
            "created_time": "2024-10-16T21:10:28.479036Z",
            "yes_price": 54,
            "no_price": 46,
            "taker_side": "yes"
        },
        {
            "trade_id": "0384230f-109a-4202-b0c2-e8ad370447a8",
            "ticker": "HIGHMIA-24OCT17-B79.5",
            "count": 1,
            "created_time": "2024-10-16T21:10:28.479036Z",
            "yes_price": 52,
            "no_price": 48,
            "taker_side": "yes"
        },
        {
            "trade_id": "9752e934-3ae1-4317-8247-6ddfb903751a",
            "ticker": "HIGHMIA-24OCT17-B79.5",
            "count": 1,
            "created_time": "2024-10-16T19:19:25.952479Z",
            "yes_price": 48,
            "no_price": 52,
            "taker_side": "yes"
        },
        {
            "trade_id": "dfd5bf29-24a8-4f11-9f56-7f3130c58c5b",
            "ticker": "HIGHMIA-24OCT17-B79.5",
            "count": 60,
            "created_time": "2024-10-16T19:00:44.979991Z",
            "yes_price": 42,
            "no_price": 58,
            "taker_side": "no"
        },
        {
            "trade_id": "d119942e-de2f-4d60-a1b4-3be45342180e",
            "ticker": "HIGHMIA-24OCT17-B79.5",
            "count": 75,
            "created_time": "2024-10-16T17:24:46.532332Z",
            "yes_price": 42,
            "no_price": 58,
            "taker_side": "no"
        },
        {
            "trade_id": "92d49606-2018-4a70-8935-b0a8e1c5e892",
            "ticker": "HIGHMIA-24OCT17-B79.5",
            "count": 15,
            "created_time": "2024-10-16T17:24:36.078934Z",
            "yes_price": 42,
            "no_price": 58,
            "taker_side": "no"
        }
    ],
    "HIGHMIA-24OCT17-B81.5": [
        {
            "trade_id": "b4669a53-f0d2-4a1a-ae9b-f4b849a43958",
            "ticker": "HIGHMIA-24OCT17-B81.5",
            "count": 50,
            "created_time": "2024-10-17T20:34:53.878633Z",
            "yes_price": 99,
            "no_price": 1,
            "taker_side": "yes"
        },
        {
            "trade_id": "425a27fe-45d9-4669-a430-94c6cafca629",
            "ticker": "HIGHMIA-24OCT17-B81.5",
            "count": 10,
            "created_time": "2024-10-17T20:27:52.673787Z",
            "yes_price": 97,
            "no_price": 3,
            "taker_side": "yes"
        },
        {
            "trade_id": "4a2d6cea-eef1-4729-b458-414cbb0b2d5f",
            "ticker": "HIGHMIA-24OCT17-B81.5",
            "count": 23,
            "created_time": "2024-10-17T20:03:53.776744Z",
            "yes_price": 97,
            "no_price": 3,
            "taker_side": "yes"
        },
        {
            "trade_id": "2236dc19-4b99-4bbf-bccb-7b357974031e",
            "ticker": "HIGHMIA-24OCT17-B81.5",
            "count": 11,
            "created_time": "2024-10-17T17:56:20.570718Z",
            "yes_price": 79,
            "no_price": 21,
            "taker_side": "yes"
        },
        {
            "trade_id": "e0f51bba-47bb-476e-b7b9-fa72343b3fb3",
            "ticker": "HIGHMIA-24OCT17-B81.5",
            "count": 50,
            "created_time": "2024-10-17T17:56:07.628521Z",
            "yes_price": 85,
            "no_price": 15,
            "taker_side": "yes"
        },
        {
            "trade_id": "78a504a7-f3ee-4b3b-a978-d841593d9fe0",
            "ticker": "HIGHMIA-24OCT17-B81.5",
            "count": 12,
            "created_time": "2024-10-17T17:56:07.628521Z",
            "yes_price": 81,
            "no_price": 19,
            "taker_side": "yes"
        },
        {
            "trade_id": "69dce26f-08a3-4cc4-90c4-792c225603b4",
            "ticker": "HIGHMIA-24OCT17-B81.5",
            "count": 2,
            "created_time": "2024-10-17T17:56:07.628521Z",
            "yes_price": 80,
            "no_price": 20,
            "taker_side": "yes"
        },
        {
            "trade_id": "3255312d-4dc0-49c8-aa4d-a5f52b09f126",
            "ticker": "HIGHMIA-24OCT17-B81.5",
            "count": 50,
            "created_time": "2024-10-17T17:56:07.628521Z",
            "yes_price": 82,
            "no_price": 18,
            "taker_side": "yes"
        },
        {
            "trade_id": "a4f1950e-2858-4924-b9e4-15fb80e57b5c",
            "ticker": "HIGHMIA-24OCT17-B81.5",
            "count": 3,
            "created_time": "2024-10-17T17:54:25.786749Z",
            "yes_price": 51,
            "no_price": 49,
            "taker_side": "no"
        },
        {
            "trade_id": "c6a20214-20c2-41ec-b098-25af22cf69b8",
            "ticker": "HIGHMIA-24OCT17-B81.5",
            "count": 3,
            "created_time": "2024-10-17T17:41:15.100001Z",
            "yes_price": 81,
            "no_price": 19,
            "taker_side": "yes"
        },
        {
            "trade_id": "df9f8bcb-eb29-4dbc-a349-07e464af8f1d",
            "ticker": "HIGHMIA-24OCT17-B81.5",
            "count": 2,
            "created_time": "2024-10-17T17:40:49.330832Z",
            "yes_price": 84,
            "no_price": 16,
            "taker_side": "yes"
        },
        {
            "trade_id": "ae727e09-8698-45b6-ad32-13b1bae13aeb",
            "ticker": "HIGHMIA-24OCT17-B81.5",
            "count": 3,
            "created_time": "2024-10-17T17:40:28.072742Z",
            "yes_price": 84,
            "no_price": 16,
            "taker_side": "yes"
        },
        {
            "trade_id": "defa449a-26a7-419e-885d-8acbe0b90fa7",
            "ticker": "HIGHMIA-24OCT17-B81.5",
            "count": 1,
            "created_time": "2024-10-17T17:20:44.317745Z",
            "yes_price": 51,
            "no_price": 49,
            "taker_side": "no"
        },
        {
            "trade_id": "e3efd257-9b3d-4ee7-a195-678b16d76591",
            "ticker": "HIGHMIA-24OCT17-B81.5",
            "count": 2,
            "created_time": "2024-10-17T17:18:28.63294Z",
            "yes_price": 89,
            "no_price": 11,
            "taker_side": "yes"
        },
        {
            "trade_id": "965c3445-36ff-46bd-9ca7-97c3139cacb5",
            "ticker": "HIGHMIA-24OCT17-B81.5",
            "count": 1,
            "created_time": "2024-10-17T17:18:28.63294Z",
            "yes_price": 88,
            "no_price": 12,
            "taker_side": "yes"
        },
        {
            "trade_id": "aa13637d-be97-4875-9cab-985330a11b2d",
            "ticker": "HIGHMIA-24OCT17-B81.5",
            "count": 13,
            "created_time": "2024-10-17T17:09:31.669486Z",
            "yes_price": 50,
            "no_price": 50,
            "taker_side": "no"
        },
        {
            "trade_id": "f9045b96-93b8-4279-84f9-a1591624457e",
            "ticker": "HIGHMIA-24OCT17-B81.5",
            "count": 18,
            "created_time": "2024-10-17T17:03:25.3339Z",
            "yes_price": 72,
            "no_price": 28,
            "taker_side": "yes"
        },
        {
            "trade_id": "845d83d1-6753-487a-a425-50b655a66c0c",
            "ticker": "HIGHMIA-24OCT17-B81.5",
            "count": 2,
            "created_time": "2024-10-17T17:03:25.3339Z",
            "yes_price": 97,
            "no_price": 3,
            "taker_side": "yes"
        },
        {
            "trade_id": "f2a88fc6-dcc5-495c-ad20-4c8ded577200",
            "ticker": "HIGHMIA-24OCT17-B81.5",
            "count": 166,
            "created_time": "2024-10-17T16:50:07.770792Z",
            "yes_price": 41,
            "no_price": 59,
            "taker_side": "no"
        },
        {
            "trade_id": "f45705e8-5ea9-423b-b40d-3ed7da4e502d",
            "ticker": "HIGHMIA-24OCT17-B81.5",
            "count": 164,
            "created_time": "2024-10-17T16:48:32.328297Z",
            "yes_price": 40,
            "no_price": 60,
            "taker_side": "no"
        },
        {
            "trade_id": "a1e50242-ff1f-4aec-93ba-202ad3dbd7e0",
            "ticker": "HIGHMIA-24OCT17-B81.5",
            "count": 9,
            "created_time": "2024-10-17T16:47:20.768133Z",
            "yes_price": 40,
            "no_price": 60,
            "taker_side": "no"
        },
        {
            "trade_id": "2e96140e-d1dc-4ef7-b86e-ec96ac633f7e",
            "ticker": "HIGHMIA-24OCT17-B81.5",
            "count": 7,
            "created_time": "2024-10-17T16:47:03.427851Z",
            "yes_price": 40,
            "no_price": 60,
            "taker_side": "no"
        },
        {
            "trade_id": "85450b92-aa81-42e6-8230-1218290d488e",
            "ticker": "HIGHMIA-24OCT17-B81.5",
            "count": 12,
            "created_time": "2024-10-17T16:30:41.231528Z",
            "yes_price": 39,
            "no_price": 61,
            "taker_side": "no"
        },
        {
            "trade_id": "be784620-5e49-4ec4-8d72-20b0059fdebf",
            "ticker": "HIGHMIA-24OCT17-B81.5",
            "count": 2,
            "created_time": "2024-10-17T16:16:12.058945Z",
            "yes_price": 59,
            "no_price": 41,
            "taker_side": "yes"
        },
        {
            "trade_id": "7968e065-c325-4094-9c9c-8c2e2c86c3c7",
            "ticker": "HIGHMIA-24OCT17-B81.5",
            "count": 2,
            "created_time": "2024-10-17T16:16:12.058945Z",
            "yes_price": 58,
            "no_price": 42,
            "taker_side": "yes"
        },
        {
            "trade_id": "8d4a4473-804e-4aec-83aa-ba939e1d0b0a",
            "ticker": "HIGHMIA-24OCT17-B81.5",
            "count": 3,
            "created_time": "2024-10-17T16:00:36.822267Z",
            "yes_price": 74,
            "no_price": 26,
            "taker_side": "no"
        },
        {
            "trade_id": "f6a43ccc-4db1-4b79-a134-38a532782d25",
            "ticker": "HIGHMIA-24OCT17-B81.5",
            "count": 3,
            "created_time": "2024-10-17T15:28:11.385642Z",
            "yes_price": 76,
            "no_price": 24,
            "taker_side": "yes"
        },
        {
            "trade_id": "8d23c4fb-3117-448b-b9cc-d531c8922f67",
            "ticker": "HIGHMIA-24OCT17-B81.5",
            "count": 5,
            "created_time": "2024-10-17T15:28:11.385642Z",
            "yes_price": 77,
            "no_price": 23,
            "taker_side": "yes"
        },
        {
            "trade_id": "5550698b-b2cc-4f67-bc84-e600f1ce7072",
            "ticker": "HIGHMIA-24OCT17-B81.5",
            "count": 3,
            "created_time": "2024-10-17T14:26:28.812855Z",
            "yes_price": 74,
            "no_price": 26,
            "taker_side": "yes"
        },
        {
            "trade_id": "0ba5a515-3647-4e65-aa6e-8e6cbbc1052b",
            "ticker": "HIGHMIA-24OCT17-B81.5",
            "count": 2,
            "created_time": "2024-10-17T14:26:28.812855Z",
            "yes_price": 61,
            "no_price": 39,
            "taker_side": "yes"
        },
        {
            "trade_id": "0961a6a7-7369-4957-a20e-adb7448f3774",
            "ticker": "HIGHMIA-24OCT17-B81.5",
            "count": 2,
            "created_time": "2024-10-17T14:26:28.812855Z",
            "yes_price": 59,
            "no_price": 41,
            "taker_side": "yes"
        },
        {
            "trade_id": "76137527-f9bd-4d9d-ac3c-8f6edf7b9149",
            "ticker": "HIGHMIA-24OCT17-B81.5",
            "count": 119,
            "created_time": "2024-10-17T12:11:27.834119Z",
            "yes_price": 60,
            "no_price": 40,
            "taker_side": "yes"
        },
        {
            "trade_id": "13f9439e-f3b4-4012-9c31-3cb2a16e226d",
            "ticker": "HIGHMIA-24OCT17-B81.5",
            "count": 45,
            "created_time": "2024-10-17T12:11:27.834119Z",
            "yes_price": 57,
            "no_price": 43,
            "taker_side": "yes"
        },
        {
            "trade_id": "27a1e530-73b8-4ab8-8f53-a2fc6dc16fc3",
            "ticker": "HIGHMIA-24OCT17-B81.5",
            "count": 16,
            "created_time": "2024-10-17T12:01:15.085885Z",
            "yes_price": 58,
            "no_price": 42,
            "taker_side": "yes"
        },
        {
            "trade_id": "50d89bf9-4c6c-45d4-b50a-cd83c08d176a",
            "ticker": "HIGHMIA-24OCT17-B81.5",
            "count": 1,
            "created_time": "2024-10-17T06:05:09.268009Z",
            "yes_price": 59,
            "no_price": 41,
            "taker_side": "yes"
        },
        {
            "trade_id": "e7d740b2-1767-4320-bed7-d3a4087aa826",
            "ticker": "HIGHMIA-24OCT17-B81.5",
            "count": 1,
            "created_time": "2024-10-17T05:57:38.361032Z",
            "yes_price": 56,
            "no_price": 44,
            "taker_side": "yes"
        },
        {
            "trade_id": "959e4c5f-74cc-4c5e-ac41-15b7c17af563",
            "ticker": "HIGHMIA-24OCT17-B81.5",
            "count": 50,
            "created_time": "2024-10-17T05:35:46.334782Z",
            "yes_price": 45,
            "no_price": 55,
            "taker_side": "no"
        },
        {
            "trade_id": "570489a4-682f-4459-aaba-b705a9f10e44",
            "ticker": "HIGHMIA-24OCT17-B81.5",
            "count": 25,
            "created_time": "2024-10-17T05:35:46.334782Z",
            "yes_price": 44,
            "no_price": 56,
            "taker_side": "no"
        },
        {
            "trade_id": "90ae089c-3249-431b-bff3-ea8cc960e143",
            "ticker": "HIGHMIA-24OCT17-B81.5",
            "count": 150,
            "created_time": "2024-10-17T05:35:42.954729Z",
            "yes_price": 45,
            "no_price": 55,
            "taker_side": "yes"
        },
        {
            "trade_id": "7a6f571a-d670-44fd-85da-b1002b9cf5d0",
            "ticker": "HIGHMIA-24OCT17-B81.5",
            "count": 60,
            "created_time": "2024-10-17T05:35:35.301952Z",
            "yes_price": 44,
            "no_price": 56,
            "taker_side": "no"
        },
        {
            "trade_id": "7a440d97-9ddb-49dd-b7b6-48601cc8ec23",
            "ticker": "HIGHMIA-24OCT17-B81.5",
            "count": 60,
            "created_time": "2024-10-17T05:35:26.075283Z",
            "yes_price": 43,
            "no_price": 57,
            "taker_side": "yes"
        },
        {
            "trade_id": "da168f44-90d4-4277-8b8e-0c2cbed1080a",
            "ticker": "HIGHMIA-24OCT17-B81.5",
            "count": 45,
            "created_time": "2024-10-17T00:56:30.089591Z",
            "yes_price": 44,
            "no_price": 56,
            "taker_side": "yes"
        },
        {
            "trade_id": "e4ee699f-3dd0-428e-817f-e545873b613c",
            "ticker": "HIGHMIA-24OCT17-B81.5",
            "count": 45,
            "created_time": "2024-10-17T00:55:34.053239Z",
            "yes_price": 39,
            "no_price": 61,
            "taker_side": "yes"
        },
        {
            "trade_id": "b734d590-63db-44f6-97b8-f50f066aad0c",
            "ticker": "HIGHMIA-24OCT17-B81.5",
            "count": 150,
            "created_time": "2024-10-17T00:55:34.053239Z",
            "yes_price": 41,
            "no_price": 59,
            "taker_side": "yes"
        },
        {
            "trade_id": "36f68bdc-99b9-4a93-9c19-b8dff17a0158",
            "ticker": "HIGHMIA-24OCT17-B81.5",
            "count": 150,
            "created_time": "2024-10-17T00:55:34.053239Z",
            "yes_price": 44,
            "no_price": 56,
            "taker_side": "yes"
        },
        {
            "trade_id": "2db3a7ff-b1c8-47df-b1ab-cd337266b3ba",
            "ticker": "HIGHMIA-24OCT17-B81.5",
            "count": 15,
            "created_time": "2024-10-16T17:17:45.792646Z",
            "yes_price": 40,
            "no_price": 60,
            "taker_side": "no"
        },
        {
            "trade_id": "2cca74f3-4f7c-4bf2-8bb3-98f75141b5d9",
            "ticker": "HIGHMIA-24OCT17-B81.5",
            "count": 17,
            "created_time": "2024-10-16T17:17:45.792646Z",
            "yes_price": 39,
            "no_price": 61,
            "taker_side": "no"
        }
    ],
    "HIGHMIA-24OCT17-B83.5": [
        {
            "trade_id": "d306b021-5d2d-47f9-93ba-4bc14b8f515f",
            "ticker": "HIGHMIA-24OCT17-B83.5",
            "count": 50,
            "created_time": "2024-10-17T20:03:49.277384Z",
            "yes_price": 1,
            "no_price": 99,
            "taker_side": "no"
        },
        {
            "trade_id": "104c2ee2-3b43-4c55-9909-b237668f30ab",
            "ticker": "HIGHMIA-24OCT17-B83.5",
            "count": 5,
            "created_time": "2024-10-17T20:03:49.277384Z",
            "yes_price": 2,
            "no_price": 98,
            "taker_side": "no"
        },
        {
            "trade_id": "6695cb64-ac50-4d5b-9202-a23f125dae3f",
            "ticker": "HIGHMIA-24OCT17-B83.5",
            "count": 3,
            "created_time": "2024-10-17T17:41:15.165892Z",
            "yes_price": 3,
            "no_price": 97,
            "taker_side": "no"
        },
        {
            "trade_id": "f1c92c41-0437-43a2-ad60-311d5cb13eea",
            "ticker": "HIGHMIA-24OCT17-B83.5",
            "count": 2,
            "created_time": "2024-10-17T17:40:49.405588Z",
            "yes_price": 3,
            "no_price": 97,
            "taker_side": "no"
        },
        {
            "trade_id": "e1d1fb7e-2ca1-4f47-a448-b0978c811df6",
            "ticker": "HIGHMIA-24OCT17-B83.5",
            "count": 3,
            "created_time": "2024-10-17T17:40:28.167106Z",
            "yes_price": 3,
            "no_price": 97,
            "taker_side": "no"
        },
        {
            "trade_id": "dc83523b-c817-4442-943f-ac7fef07c2fc",
            "ticker": "HIGHMIA-24OCT17-B83.5",
            "count": 1,
            "created_time": "2024-10-17T17:20:44.292148Z",
            "yes_price": 4,
            "no_price": 96,
            "taker_side": "no"
        },
        {
            "trade_id": "46e863dc-f7de-480d-aab9-0e8554070af9",
            "ticker": "HIGHMIA-24OCT17-B83.5",
            "count": 166,
            "created_time": "2024-10-17T16:50:07.773154Z",
            "yes_price": 3,
            "no_price": 97,
            "taker_side": "no"
        },
        {
            "trade_id": "2be7c27c-c205-4782-81bd-b24dbecb6d19",
            "ticker": "HIGHMIA-24OCT17-B83.5",
            "count": 9,
            "created_time": "2024-10-17T16:47:20.775173Z",
            "yes_price": 4,
            "no_price": 96,
            "taker_side": "no"
        },
        {
            "trade_id": "62c0f23c-288e-40d0-a87e-eb4765083fb8",
            "ticker": "HIGHMIA-24OCT17-B83.5",
            "count": 12,
            "created_time": "2024-10-17T16:30:41.218483Z",
            "yes_price": 4,
            "no_price": 96,
            "taker_side": "no"
        },
        {
            "trade_id": "d1c65d42-5e7c-4a4c-b79b-5915ddc158de",
            "ticker": "HIGHMIA-24OCT17-B83.5",
            "count": 3,
            "created_time": "2024-10-17T16:00:36.826966Z",
            "yes_price": 10,
            "no_price": 90,
            "taker_side": "no"
        },
        {
            "trade_id": "65667044-4f1e-4483-a828-b160ec5d53cb",
            "ticker": "HIGHMIA-24OCT17-B83.5",
            "count": 60,
            "created_time": "2024-10-17T12:33:05.741666Z",
            "yes_price": 28,
            "no_price": 72,
            "taker_side": "no"
        },
        {
            "trade_id": "1f088119-5c35-49bb-b20a-d0d5e8e82ec2",
            "ticker": "HIGHMIA-24OCT17-B83.5",
            "count": 150,
            "created_time": "2024-10-17T12:33:05.741666Z",
            "yes_price": 26,
            "no_price": 74,
            "taker_side": "no"
        },
        {
            "trade_id": "0cb2f04c-8e45-471e-922d-38bd8b92fd6b",
            "ticker": "HIGHMIA-24OCT17-B83.5",
            "count": 40,
            "created_time": "2024-10-17T12:33:05.741666Z",
            "yes_price": 24,
            "no_price": 76,
            "taker_side": "no"
        },
        {
            "trade_id": "958a9ed4-6fcf-4951-b232-ff99b600290d",
            "ticker": "HIGHMIA-24OCT17-B83.5",
            "count": 75,
            "created_time": "2024-10-17T05:35:05.287831Z",
            "yes_price": 13,
            "no_price": 87,
            "taker_side": "yes"
        },
        {
            "trade_id": "4723a680-8002-4dda-a229-0e57f1eaafa3",
            "ticker": "HIGHMIA-24OCT17-B83.5",
            "count": 150,
            "created_time": "2024-10-17T05:35:05.287831Z",
            "yes_price": 15,
            "no_price": 85,
            "taker_side": "yes"
        },
        {
            "trade_id": "2a0ae777-c7b4-4288-a439-0c5df1b59c9d",
            "ticker": "HIGHMIA-24OCT17-B83.5",
            "count": 150,
            "created_time": "2024-10-17T05:35:05.287831Z",
            "yes_price": 14,
            "no_price": 86,
            "taker_side": "yes"
        },
        {
            "trade_id": "8c22aeb2-9ae2-4275-88ab-5da0fef7685e",
            "ticker": "HIGHMIA-24OCT17-B83.5",
            "count": 150,
            "created_time": "2024-10-17T03:22:20.946107Z",
            "yes_price": 14,
            "no_price": 86,
            "taker_side": "yes"
        },
        {
            "trade_id": "5ed2320e-5a41-4bb0-ba43-2d6e1f40cf91",
            "ticker": "HIGHMIA-24OCT17-B83.5",
            "count": 150,
            "created_time": "2024-10-17T03:22:20.946107Z",
            "yes_price": 13,
            "no_price": 87,
            "taker_side": "yes"
        },
        {
            "trade_id": "3738603a-4312-4c3d-acfa-5155da621f2d",
            "ticker": "HIGHMIA-24OCT17-B83.5",
            "count": 45,
            "created_time": "2024-10-17T03:22:20.946107Z",
            "yes_price": 12,
            "no_price": 88,
            "taker_side": "yes"
        },
        {
            "trade_id": "7c43dbeb-b1e0-48ab-bd97-71f7600c20f0",
            "ticker": "HIGHMIA-24OCT17-B83.5",
            "count": 14,
            "created_time": "2024-10-16T20:55:41.501417Z",
            "yes_price": 13,
            "no_price": 87,
            "taker_side": "yes"
        }
    ],
    "HIGHMIA-24OCT17-T84": [
        {
            "trade_id": "aec723b6-3dc5-4cb7-bf16-3dc60dee3503",
            "ticker": "HIGHMIA-24OCT17-T84",
            "count": 3,
            "created_time": "2024-10-17T17:41:15.186235Z",
            "yes_price": 1,
            "no_price": 99,
            "taker_side": "no"
        },
        {
            "trade_id": "118982fa-9371-4011-af2f-d418554304cf",
            "ticker": "HIGHMIA-24OCT17-T84",
            "count": 2,
            "created_time": "2024-10-17T17:40:49.408458Z",
            "yes_price": 1,
            "no_price": 99,
            "taker_side": "no"
        },
        {
            "trade_id": "7318a8b5-9be0-48e2-b032-4d1e67531f51",
            "ticker": "HIGHMIA-24OCT17-T84",
            "count": 3,
            "created_time": "2024-10-17T17:40:28.17194Z",
            "yes_price": 1,
            "no_price": 99,
            "taker_side": "no"
        },
        {
            "trade_id": "d13d2daa-d205-4259-9864-6a5c62b33fc9",
            "ticker": "HIGHMIA-24OCT17-T84",
            "count": 20,
            "created_time": "2024-10-17T17:21:36.243068Z",
            "yes_price": 1,
            "no_price": 99,
            "taker_side": "no"
        },
        {
            "trade_id": "41a697a6-4a8f-4e39-acbe-cfbfdbefedeb",
            "ticker": "HIGHMIA-24OCT17-T84",
            "count": 1,
            "created_time": "2024-10-17T17:20:44.288396Z",
            "yes_price": 1,
            "no_price": 99,
            "taker_side": "no"
        },
        {
            "trade_id": "d6facd73-14dd-4f6a-8085-77e40e7a83d7",
            "ticker": "HIGHMIA-24OCT17-T84",
            "count": 6,
            "created_time": "2024-10-17T16:59:14.484111Z",
            "yes_price": 7,
            "no_price": 93,
            "taker_side": "yes"
        },
        {
            "trade_id": "b9778e9c-9359-4c0a-a8dc-ead1c3412f16",
            "ticker": "HIGHMIA-24OCT17-T84",
            "count": 140,
            "created_time": "2024-10-17T16:50:07.788113Z",
            "yes_price": 1,
            "no_price": 99,
            "taker_side": "no"
        },
        {
            "trade_id": "5d6c7fcc-afc8-421d-bf61-b3e6ae6ffc6b",
            "ticker": "HIGHMIA-24OCT17-T84",
            "count": 26,
            "created_time": "2024-10-17T16:50:07.788113Z",
            "yes_price": 1,
            "no_price": 99,
            "taker_side": "no"
        },
        {
            "trade_id": "636bffd5-5e75-4623-9c93-8d0886d7dbbf",
            "ticker": "HIGHMIA-24OCT17-T84",
            "count": 9,
            "created_time": "2024-10-17T16:47:20.784506Z",
            "yes_price": 1,
            "no_price": 99,
            "taker_side": "no"
        },
        {
            "trade_id": "7f9711e6-87b5-4e35-8896-f7265dd1fbee",
            "ticker": "HIGHMIA-24OCT17-T84",
            "count": 12,
            "created_time": "2024-10-17T16:30:41.212545Z",
            "yes_price": 1,
            "no_price": 99,
            "taker_side": "no"
        },
        {
            "trade_id": "a46dfdde-109b-454a-8770-9ce5d78080db",
            "ticker": "HIGHMIA-24OCT17-T84",
            "count": 3,
            "created_time": "2024-10-17T16:00:36.836908Z",
            "yes_price": 1,
            "no_price": 99,
            "taker_side": "no"
        }
    ]
}