{
    "KXHIGHMIA-24NOV09-T79": [
        {
            "trade_id": "5a68fdd9-26f1-436e-a255-94a47c92df00",
            "ticker": "KXHIGHMIA-24NOV09-T79",
            "count": 187,
            "created_time": "2024-11-09T21:51:50.429711Z",
            "yes_price": 1,
            "no_price": 99,
            "taker_side": "yes"
        },
        {
            "trade_id": "b8c23892-2be1-49d2-a0d0-f8196eb5b69b",
            "ticker": "KXHIGHMIA-24NOV09-T79",
            "count": 18,
            "created_time": "2024-11-09T11:42:34.67202Z",
            "yes_price": 1,
            "no_price": 99,
            "taker_side": "yes"
        },
        {
            "trade_id": "5da1e09e-4bae-47b2-863b-d893ef09719d",
            "ticker": "KXHIGHMIA-24NOV09-T79",
            "count": 20,
            "created_time": "2024-11-09T00:47:25.80774Z",
            "yes_price": 1,
            "no_price": 99,
            "taker_side": "no"
        },
        {
            "trade_id": "1a866cca-416e-4c92-9658-e4b3f18af780",
            "ticker": "KXHIGHMIA-24NOV09-T79",
            "count": 20,
            "created_time": "2024-11-09T00:46:42.081678Z",
            "yes_price": 1,
            "no_price": 99,
            "taker_side": "no"
        },
        {
            "trade_id": "cf7ec1b8-3a4f-4558-bb9e-0ac4599232c0",
            "ticker": "KXHIGHMIA-24NOV09-T79",
            "count": 5,
            "created_time": "2024-11-09T00:46:19.292455Z",
            "yes_price": 1,
            "no_price": 99,
            "taker_side": "no"
        },
        {
            "trade_id": "2fd4bfde-194c-4755-b463-f0683e6619bf",
            "ticker": "KXHIGHMIA-24NOV09-T79",
            "count": 5,
            "created_time": "2024-11-09T00:27:57.985809Z",
            "yes_price": 1,
            "no_price": 99,
            "taker_side": "no"
        },
        {
            "trade_id": "28bd35e2-9450-44c6-9a9a-572ce43ecff6",
            "ticker": "KXHIGHMIA-24NOV09-T79",
            "count": 120,
            "created_time": "2024-11-08T20:19:27.171024Z",
            "yes_price": 1,
            "no_price": 99,
            "taker_side": "no"
        }
    ],
    "KXHIGHMIA-24NOV09-B79.5": [
        {
            "trade_id": "881458cd-0268-4f45-bf2e-68a273bddbf3",
            "ticker": "KXHIGHMIA-24NOV09-B79.5",
            "count": 62,
            "created_time": "2024-11-09T23:51:46.580457Z",
            "yes_price": 1,
            "no_price": 99,
            "taker_side": "yes"
        },
        {
            "trade_id": "f189abd6-44d5-4bb4-be12-5a736bd71575",
            "ticker": "KXHIGHMIA-24NOV09-B79.5",
            "count": 254,
            "created_time": "2024-11-09T21:44:05.954281Z",
            "yes_price": 1,
            "no_price": 99,
            "taker_side": "yes"
        },
        {
            "trade_id": "eb6a6a43-23bc-433f-914d-f84686715a34",
            "ticker": "KXHIGHMIA-24NOV09-B79.5",
            "count": 213,
            "created_time": "2024-11-09T21:44:05.954281Z",
            "yes_price": 1,
            "no_price": 99,
            "taker_side": "yes"
        },
        {
            "trade_id": "e2c4c7dd-3000-4c4c-86b0-c0168274f2b3",
            "ticker": "KXHIGHMIA-24NOV09-B79.5",
            "count": 187,
            "created_time": "2024-11-09T21:42:24.862958Z",
            "yes_price": 1,
            "no_price": 99,
            "taker_side": "yes"
        },
        {
            "trade_id": "cfcda452-d5df-4a88-977d-7c781ea7646e",
            "ticker": "KXHIGHMIA-24NOV09-B79.5",
            "count": 86,
            "created_time": "2024-11-09T05:04:06.477725Z",
            "yes_price": 1,
            "no_price": 99,
            "taker_side": "no"
        },
        {
            "trade_id": "a66aeba8-13cd-435b-817d-fac37b05f72f",
            "ticker": "KXHIGHMIA-24NOV09-B79.5",
            "count": 4,
            "created_time": "2024-11-09T05:03:28.973957Z",
            "yes_price": 1,
            "no_price": 99,
            "taker_side": "no"
        },
        {
            "trade_id": "c40a0584-63f0-4dcf-aefc-6ac707cb8e32",
            "ticker": "KXHIGHMIA-24NOV09-B79.5",
            "count": 4,
            "created_time": "2024-11-09T05:03:28.274586Z",
            "yes_price": 1,
            "no_price": 99,
            "taker_side": "no"
        },
        {
            "trade_id": "7e8515d3-3df8-4a63-9344-7e4abaf95ed2",
            "ticker": "KXHIGHMIA-24NOV09-B79.5",
            "count": 5,
            "created_time": "2024-11-09T05:03:01.215098Z",
            "yes_price": 1,
            "no_price": 99,
            "taker_side": "no"
        },
        {
            "trade_id": "86c296c4-1987-4290-bc63-edd4aec32801",
            "ticker": "KXHIGHMIA-24NOV09-B79.5",
            "count": 15,
            "created_time": "2024-11-09T04:59:51.970107Z",
            "yes_price": 1,
            "no_price": 99,
            "taker_side": "no"
        },
        {
            "trade_id": "156f0431-d6b2-4bcc-9e21-716656aa5015",
            "ticker": "KXHIGHMIA-24NOV09-B79.5",
            "count": 5,
            "created_time": "2024-11-09T04:44:36.696592Z",
            "yes_price": 1,
            "no_price": 99,
            "taker_side": "no"
        },
        {
            "trade_id": "9ab28934-8085-4295-aaef-1f2017b377fe",
            "ticker": "KXHIGHMIA-24NOV09-B79.5",
            "count": 20,
            "created_time": "2024-11-09T00:47:25.795894Z",
            "yes_price": 2,
            "no_price": 98,
            "taker_side": "no"
        },
        {
            "trade_id": "7e7b0151-c390-4700-89ce-265b8e609ae4",
            "ticker": "KXHIGHMIA-24NOV09-B79.5",
            "count": 20,
            "created_time": "2024-11-09T00:46:42.104297Z",
            "yes_price": 2,
            "no_price": 98,
            "taker_side": "no"
        },
        {
            "trade_id": "ee398666-bb7f-46a8-96b6-7e92524cf131",
            "ticker": "KXHIGHMIA-24NOV09-B79.5",
            "count": 1,
            "created_time": "2024-11-09T00:46:19.185955Z",
            "yes_price": 11,
            "no_price": 89,
            "taker_side": "yes"
        },
        {
            "trade_id": "c12cfb6d-80b8-4bd2-bda1-a6f7f5763744",
            "ticker": "KXHIGHMIA-24NOV09-B79.5",
            "count": 8,
            "created_time": "2024-11-09T00:46:19.185955Z",
            "yes_price": 68,
            "no_price": 32,
            "taker_side": "yes"
        },
        {
            "trade_id": "a8a0a741-3f07-46d7-ad53-2ce361d086c0",
            "ticker": "KXHIGHMIA-24NOV09-B79.5",
            "count": 39,
            "created_time": "2024-11-09T00:46:19.185955Z",
            "yes_price": 20,
            "no_price": 80,
            "taker_side": "yes"
        },
        {
            "trade_id": "834bf0de-5bf9-4012-856a-81435825ec8e",
            "ticker": "KXHIGHMIA-24NOV09-B79.5",
            "count": 5,
            "created_time": "2024-11-09T00:46:19.185955Z",
            "yes_price": 6,
            "no_price": 94,
            "taker_side": "yes"
        },
        {
            "trade_id": "5b32cf04-a9bc-4ecd-8e14-feb7b7063414",
            "ticker": "KXHIGHMIA-24NOV09-B79.5",
            "count": 1,
            "created_time": "2024-11-09T00:46:19.185955Z",
            "yes_price": 8,
            "no_price": 92,
            "taker_side": "yes"
        },
        {
            "trade_id": "3108b7b6-965e-441d-838f-e791c6279a2a",
            "ticker": "KXHIGHMIA-24NOV09-B79.5",
            "count": 5,
            "created_time": "2024-11-09T00:46:19.185955Z",
            "yes_price": 6,
            "no_price": 94,
            "taker_side": "yes"
        },
        {
            "trade_id": "ed2ef277-300f-42e3-b3b5-f9e0ea31b30c",
            "ticker": "KXHIGHMIA-24NOV09-B79.5",
            "count": 5,
            "created_time": "2024-11-09T00:27:57.976404Z",
            "yes_price": 2,
            "no_price": 98,
            "taker_side": "no"
        },
        {
            "trade_id": "67fd8a63-84c5-4b99-887e-e7e12c82945f",
            "ticker": "KXHIGHMIA-24NOV09-B79.5",
            "count": 1,
            "created_time": "2024-11-08T23:12:31.239332Z",
            "yes_price": 1,
            "no_price": 99,
            "taker_side": "no"
        }
    ],
    "KXHIGHMIA-24NOV09-B81.5": [
        {
            "trade_id": "9d5a31fd-38b3-46a5-9916-ff4698003890",
            "ticker": "KXHIGHMIA-24NOV09-B81.5",
            "count": 467,
            "created_time": "2024-11-10T03:12:43.63563Z",
            "yes_price": 1,
            "no_price": 99,
            "taker_side": "yes"
        },
        {
            "trade_id": "99111698-5fdf-4592-acd9-7fc0eeac43aa",
            "ticker": "KXHIGHMIA-24NOV09-B81.5",
            "count": 93,
            "created_time": "2024-11-09T22:18:26.975523Z",
            "yes_price": 1,
            "no_price": 99,
            "taker_side": "yes"
        },
        {
            "trade_id": "b2f4a4e3-5315-4381-ac76-8fe24b18ad00",
            "ticker": "KXHIGHMIA-24NOV09-B81.5",
            "count": 28,
            "created_time": "2024-11-09T21:15:39.778699Z",
            "yes_price": 1,
            "no_price": 99,
            "taker_side": "yes"
        },
        {
            "trade_id": "6b312992-abac-4c9d-8d6d-9d3547c1d510",
            "ticker": "KXHIGHMIA-24NOV09-B81.5",
            "count": 187,
            "created_time": "2024-11-09T20:28:07.59468Z",
            "yes_price": 1,
            "no_price": 99,
            "taker_side": "yes"
        },
        {
            "trade_id": "d5cf921a-7821-43f1-b93a-32e19072ce06",
            "ticker": "KXHIGHMIA-24NOV09-B81.5",
            "count": 494,
            "created_time": "2024-11-09T20:02:58.692949Z",
            "yes_price": 1,
            "no_price": 99,
            "taker_side": "yes"
        },
        {
            "trade_id": "6d1103dc-6eb2-43da-94d6-c1ead1339517",
            "ticker": "KXHIGHMIA-24NOV09-B81.5",
            "count": 3000,
            "created_time": "2024-11-09T20:02:58.692949Z",
            "yes_price": 1,
            "no_price": 99,
            "taker_side": "yes"
        },
        {
            "trade_id": "37bdb2cb-3f9d-4ded-9c6d-65221eba9872",
            "ticker": "KXHIGHMIA-24NOV09-B81.5",
            "count": 1181,
            "created_time": "2024-11-09T20:02:58.692949Z",
            "yes_price": 1,
            "no_price": 99,
            "taker_side": "yes"
        },
        {
            "trade_id": "14745934-eb3d-45cf-8d7e-d3af4fefe314",
            "ticker": "KXHIGHMIA-24NOV09-B81.5",
            "count": 10,
            "created_time": "2024-11-09T19:57:20.954477Z",
            "yes_price": 1,
            "no_price": 99,
            "taker_side": "yes"
        },
        {
            "trade_id": "97140ac8-3e0e-4e38-a3e4-0c9345381fdf",
            "ticker": "KXHIGHMIA-24NOV09-B81.5",
            "count": 10,
            "created_time": "2024-11-09T19:42:53.327847Z",
            "yes_price": 1,
            "no_price": 99,
            "taker_side": "yes"
        },
        {
            "trade_id": "f0e18102-a9e8-4da3-9917-5073c4346c3b",
            "ticker": "KXHIGHMIA-24NOV09-B81.5",
            "count": 200,
            "created_time": "2024-11-09T17:07:18.158591Z",
            "yes_price": 1,
            "no_price": 99,
            "taker_side": "yes"
        },
        {
            "trade_id": "82cc308e-71d1-4ca0-9d64-38fe06a8ca09",
            "ticker": "KXHIGHMIA-24NOV09-B81.5",
            "count": 200,
            "created_time": "2024-11-09T17:07:18.158591Z",
            "yes_price": 1,
            "no_price": 99,
            "taker_side": "yes"
        },
        {
            "trade_id": "5429fce6-16a4-458e-ae16-a87bf91dd8b5",
            "ticker": "KXHIGHMIA-24NOV09-B81.5",
            "count": 3,
            "created_time": "2024-11-09T17:07:18.158591Z",
            "yes_price": 1,
            "no_price": 99,
            "taker_side": "yes"
        },
        {
            "trade_id": "4cbf255d-ee9f-403e-9fca-3412565e3374",
            "ticker": "KXHIGHMIA-24NOV09-B81.5",
            "count": 63,
            "created_time": "2024-11-09T17:07:18.158591Z",
            "yes_price": 1,
            "no_price": 99,
            "taker_side": "yes"
        },
        {
            "trade_id": "b7dc7bda-d87f-44da-ab9c-adb1d10af714",
            "ticker": "KXHIGHMIA-24NOV09-B81.5",
            "count": 3,
            "created_time": "2024-11-09T15:37:59.479468Z",
            "yes_price": 1,
            "no_price": 99,
            "taker_side": "yes"
        },
        {
            "trade_id": "85783abb-03af-43db-85ce-9f36a7a966e9",
            "ticker": "KXHIGHMIA-24NOV09-B81.5",
            "count": 97,
            "created_time": "2024-11-09T15:37:59.479468Z",
            "yes_price": 1,
            "no_price": 99,
            "taker_side": "yes"
        },
        {
            "trade_id": "d862ad2c-1f12-4031-8ca4-7a137d6a80ec",
            "ticker": "KXHIGHMIA-24NOV09-B81.5",
            "count": 69,
            "created_time": "2024-11-09T14:55:47.426908Z",
            "yes_price": 1,
            "no_price": 99,
            "taker_side": "no"
        },
        {
            "trade_id": "222eb10c-6ebd-479b-b7b9-eddf1d16e636",
            "ticker": "KXHIGHMIA-24NOV09-B81.5",
            "count": 27,
            "created_time": "2024-11-09T14:55:47.426908Z",
            "yes_price": 1,
            "no_price": 99,
            "taker_side": "no"
        },
        {
            "trade_id": "0b7ac0fc-3545-4334-a87d-d868419f3d6f",
            "ticker": "KXHIGHMIA-24NOV09-B81.5",
            "count": 29,
            "created_time": "2024-11-09T14:48:46.413606Z",
            "yes_price": 1,
            "no_price": 99,
            "taker_side": "no"
        },
        {
            "trade_id": "fec6b66a-7dab-4cf0-a91d-02121e5ef95c",
            "ticker": "KXHIGHMIA-24NOV09-B81.5",
            "count": 12,
            "created_time": "2024-11-09T14:45:30.036839Z",
            "yes_price": 1,
            "no_price": 99,
            "taker_side": "no"
        },
        {
            "trade_id": "9f8a3219-c3c1-4119-bd11-60c449e6a81d",
            "ticker": "KXHIGHMIA-24NOV09-B81.5",
            "count": 13,
            "created_time": "2024-11-09T14:45:30.036839Z",
            "yes_price": 1,
            "no_price": 99,
            "taker_side": "no"
        },
        {
            "trade_id": "73ad1e80-7162-47e1-9dc1-7954d00465fc",
            "ticker": "KXHIGHMIA-24NOV09-B81.5",
            "count": 17,
            "created_time": "2024-11-09T14:44:17.08612Z",
            "yes_price": 1,
            "no_price": 99,
            "taker_side": "no"
        },
        {
            "trade_id": "7c3fd2fb-b873-45d9-966d-abadd19a8612",
            "ticker": "KXHIGHMIA-24NOV09-B81.5",
            "count": 14,
            "created_time": "2024-11-09T14:35:08.401553Z",
            "yes_price": 1,
            "no_price": 99,
            "taker_side": "no"
        },
        {
            "trade_id": "12e9c6d6-1932-4e0f-a4f5-54b070758e3a",
            "ticker": "KXHIGHMIA-24NOV09-B81.5",
            "count": 20,
            "created_time": "2024-11-09T14:31:51.146036Z",
            "yes_price": 1,
            "no_price": 99,
            "taker_side": "no"
        },
        {
            "trade_id": "ba293a6b-5b34-4ef9-9ff2-cad7a9459efe",
            "ticker": "KXHIGHMIA-24NOV09-B81.5",
            "count": 56,
            "created_time": "2024-11-09T14:31:09.549138Z",
            "yes_price": 1,
            "no_price": 99,
            "taker_side": "no"
        },
        {
            "trade_id": "49131edc-1397-4be6-a09a-9acdaea85fc8",
            "ticker": "KXHIGHMIA-24NOV09-B81.5",
            "count": 6,
            "created_time": "2024-11-09T14:31:09.549138Z",
            "yes_price": 1,
            "no_price": 99,
            "taker_side": "no"
        },
        {
            "trade_id": "69023397-d9f0-403d-9178-cf288f2d0ae4",
            "ticker": "KXHIGHMIA-24NOV09-B81.5",
            "count": 13,
            "created_time": "2024-11-09T14:30:51.631296Z",
            "yes_price": 1,
            "no_price": 99,
            "taker_side": "no"
        },
        {
            "trade_id": "26194acf-b7fe-49ff-b8f0-f0a4aea3cf60",
            "ticker": "KXHIGHMIA-24NOV09-B81.5",
            "count": 25,
            "created_time": "2024-11-09T14:30:51.631296Z",
            "yes_price": 1,
            "no_price": 99,
            "taker_side": "no"
        },
        {
            "trade_id": "e01e3113-be52-48bc-94ba-289fe965d083",
            "ticker": "KXHIGHMIA-24NOV09-B81.5",
            "count": 308,
            "created_time": "2024-11-09T14:26:10.755899Z",
            "yes_price": 5,
            "no_price": 95,
            "taker_side": "yes"
        },
        {
            "trade_id": "6010b67b-8272-4269-a569-d26eb6941f4f",
            "ticker": "KXHIGHMIA-24NOV09-B81.5",
            "count": 200,
            "created_time": "2024-11-09T14:26:10.755899Z",
            "yes_price": 4,
            "no_price": 96,
            "taker_side": "yes"
        },
        {
            "trade_id": "77cd36be-63e1-464c-a5d0-707470706cf6",
            "ticker": "KXHIGHMIA-24NOV09-B81.5",
            "count": 29,
            "created_time": "2024-11-09T14:20:28.660674Z",
            "yes_price": 1,
            "no_price": 99,
            "taker_side": "no"
        },
        {
            "trade_id": "9f35ddc1-0c01-475d-8e39-068d29a5cab7",
            "ticker": "KXHIGHMIA-24NOV09-B81.5",
            "count": 100,
            "created_time": "2024-11-09T14:17:18.513666Z",
            "yes_price": 4,
            "no_price": 96,
            "taker_side": "yes"
        },
        {
            "trade_id": "90f528fc-4dd7-48d1-85dc-5e26496ecd0c",
            "ticker": "KXHIGHMIA-24NOV09-B81.5",
            "count": 30,
            "created_time": "2024-11-09T14:17:18.513666Z",
            "yes_price": 4,
            "no_price": 96,
            "taker_side": "yes"
        },
        {
            "trade_id": "87bde6fd-e715-439b-99ea-061e1cce68c7",
            "ticker": "KXHIGHMIA-24NOV09-B81.5",
            "count": 264,
            "created_time": "2024-11-09T14:17:18.513666Z",
            "yes_price": 5,
            "no_price": 95,
            "taker_side": "yes"
        },
        {
            "trade_id": "48db258b-68b6-4c65-94bf-3f282290cf39",
            "ticker": "KXHIGHMIA-24NOV09-B81.5",
            "count": 100,
            "created_time": "2024-11-09T14:17:18.513666Z",
            "yes_price": 5,
            "no_price": 95,
            "taker_side": "yes"
        },
        {
            "trade_id": "3618f303-b846-430f-a984-a962560612d8",
            "ticker": "KXHIGHMIA-24NOV09-B81.5",
            "count": 21,
            "created_time": "2024-11-09T14:14:06.714119Z",
            "yes_price": 1,
            "no_price": 99,
            "taker_side": "no"
        },
        {
            "trade_id": "c488fcde-b739-4ceb-bef1-a54b01cab96b",
            "ticker": "KXHIGHMIA-24NOV09-B81.5",
            "count": 4,
            "created_time": "2024-11-09T14:13:50.343538Z",
            "yes_price": 1,
            "no_price": 99,
            "taker_side": "no"
        },
        {
            "trade_id": "84ab94ae-d064-4d59-a644-0cf3b69ed083",
            "ticker": "KXHIGHMIA-24NOV09-B81.5",
            "count": 14,
            "created_time": "2024-11-09T14:08:56.600256Z",
            "yes_price": 1,
            "no_price": 99,
            "taker_side": "no"
        },
        {
            "trade_id": "80339133-07b1-4111-981d-1b98b4435043",
            "ticker": "KXHIGHMIA-24NOV09-B81.5",
            "count": 27,
            "created_time": "2024-11-09T14:07:19.158884Z",
            "yes_price": 1,
            "no_price": 99,
            "taker_side": "no"
        },
        {
            "trade_id": "c84e4a14-a8f1-42ed-976a-1fe0ab6057ec",
            "ticker": "KXHIGHMIA-24NOV09-B81.5",
            "count": 3,
            "created_time": "2024-11-09T14:01:13.020686Z",
            "yes_price": 14,
            "no_price": 86,
            "taker_side": "yes"
        },
        {
            "trade_id": "a8381b1e-7b70-4e71-9cfe-521f7795c0fb",
            "ticker": "KXHIGHMIA-24NOV09-B81.5",
            "count": 100,
            "created_time": "2024-11-09T14:01:13.020686Z",
            "yes_price": 12,
            "no_price": 88,
            "taker_side": "yes"
        },
        {
            "trade_id": "a39f8793-2cb9-43ad-b905-58bc3202af55",
            "ticker": "KXHIGHMIA-24NOV09-B81.5",
            "count": 68,
            "created_time": "2024-11-09T14:01:13.020686Z",
            "yes_price": 14,
            "no_price": 86,
            "taker_side": "yes"
        },
        {
            "trade_id": "8a686b55-2ada-448f-94d1-4b5e35e2f890",
            "ticker": "KXHIGHMIA-24NOV09-B81.5",
            "count": 200,
            "created_time": "2024-11-09T14:01:13.020686Z",
            "yes_price": 10,
            "no_price": 90,
            "taker_side": "yes"
        },
        {
            "trade_id": "6e359c22-9e1d-40ea-90fc-3bad54a26969",
            "ticker": "KXHIGHMIA-24NOV09-B81.5",
            "count": 200,
            "created_time": "2024-11-09T14:01:13.020686Z",
            "yes_price": 11,
            "no_price": 89,
            "taker_side": "yes"
        },
        {
            "trade_id": "60a76168-5ee5-4344-a662-13dbacf26365",
            "ticker": "KXHIGHMIA-24NOV09-B81.5",
            "count": 400,
            "created_time": "2024-11-09T14:01:13.020686Z",
            "yes_price": 5,
            "no_price": 95,
            "taker_side": "yes"
        },
        {
            "trade_id": "0605aa98-ebee-473b-ac73-0f55dc14e43e",
            "ticker": "KXHIGHMIA-24NOV09-B81.5",
            "count": 100,
            "created_time": "2024-11-09T14:01:13.020686Z",
            "yes_price": 10,
            "no_price": 90,
            "taker_side": "yes"
        },
        {
            "trade_id": "472ddd12-0a6f-4cae-a0b9-a821edfa35dd",
            "ticker": "KXHIGHMIA-24NOV09-B81.5",
            "count": 30,
            "created_time": "2024-11-09T13:59:57.242917Z",
            "yes_price": 2,
            "no_price": 98,
            "taker_side": "no"
        },
        {
            "trade_id": "203f75db-1efe-4c49-8268-420019ccdff2",
            "ticker": "KXHIGHMIA-24NOV09-B81.5",
            "count": 8,
            "created_time": "2024-11-09T13:57:03.334025Z",
            "yes_price": 2,
            "no_price": 98,
            "taker_side": "no"
        },
        {
            "trade_id": "bf783943-bf58-487a-8228-9b53657d5ac5",
            "ticker": "KXHIGHMIA-24NOV09-B81.5",
            "count": 2,
            "created_time": "2024-11-09T13:52:22.852933Z",
            "yes_price": 2,
            "no_price": 98,
            "taker_side": "no"
        },
        {
            "trade_id": "7bd0a258-f032-4325-86bc-ea506674940b",
            "ticker": "KXHIGHMIA-24NOV09-B81.5",
            "count": 35,
            "created_time": "2024-11-09T13:48:19.307206Z",
            "yes_price": 2,
            "no_price": 98,
            "taker_side": "no"
        },
        {
            "trade_id": "8a50778e-c6f8-4c65-9d53-8113d166b361",
            "ticker": "KXHIGHMIA-24NOV09-B81.5",
            "count": 10,
            "created_time": "2024-11-09T13:35:46.643009Z",
            "yes_price": 2,
            "no_price": 98,
            "taker_side": "no"
        },
        {
            "trade_id": "810a7824-ffb0-4b4f-bf3d-0bc4eb5a3c8e",
            "ticker": "KXHIGHMIA-24NOV09-B81.5",
            "count": 15,
            "created_time": "2024-11-09T13:28:22.133655Z",
            "yes_price": 2,
            "no_price": 98,
            "taker_side": "no"
        },
        {
            "trade_id": "55b15c4b-dcf6-4640-9e96-67c9fbd88c64",
            "ticker": "KXHIGHMIA-24NOV09-B81.5",
            "count": 98,
            "created_time": "2024-11-09T13:27:19.837981Z",
            "yes_price": 9,
            "no_price": 91,
            "taker_side": "yes"
        },
        {
            "trade_id": "3c371af3-8858-406f-b425-3cbb8b076117",
            "ticker": "KXHIGHMIA-24NOV09-B81.5",
            "count": 200,
            "created_time": "2024-11-09T13:25:16.988287Z",
            "yes_price": 10,
            "no_price": 90,
            "taker_side": "yes"
        },
        {
            "trade_id": "b42494fc-136f-4021-bdce-d1046503985b",
            "ticker": "KXHIGHMIA-24NOV09-B81.5",
            "count": 19,
            "created_time": "2024-11-09T13:24:55.466672Z",
            "yes_price": 9,
            "no_price": 91,
            "taker_side": "yes"
        },
        {
            "trade_id": "b731c67b-77f9-4578-a725-d93d31454b6c",
            "ticker": "KXHIGHMIA-24NOV09-B81.5",
            "count": 100,
            "created_time": "2024-11-09T12:52:43.617399Z",
            "yes_price": 7,
            "no_price": 93,
            "taker_side": "yes"
        },
        {
            "trade_id": "584fb162-5422-4b67-aa29-e42d36f58987",
            "ticker": "KXHIGHMIA-24NOV09-B81.5",
            "count": 85,
            "created_time": "2024-11-09T12:52:43.617399Z",
            "yes_price": 9,
            "no_price": 91,
            "taker_side": "yes"
        },
        {
            "trade_id": "4f1c9753-77d3-4877-8100-440c5773b128",
            "ticker": "KXHIGHMIA-24NOV09-B81.5",
            "count": 200,
            "created_time": "2024-11-09T12:52:43.617399Z",
            "yes_price": 8,
            "no_price": 92,
            "taker_side": "yes"
        },
        {
            "trade_id": "1c973eba-1816-4b68-a49e-85a46dce677e",
            "ticker": "KXHIGHMIA-24NOV09-B81.5",
            "count": 181,
            "created_time": "2024-11-09T12:52:43.617399Z",
            "yes_price": 9,
            "no_price": 91,
            "taker_side": "yes"
        },
        {
            "trade_id": "d75737af-245f-42d2-b579-9ee2d14b7da8",
            "ticker": "KXHIGHMIA-24NOV09-B81.5",
            "count": 15,
            "created_time": "2024-11-09T12:40:07.506427Z",
            "yes_price": 9,
            "no_price": 91,
            "taker_side": "yes"
        },
        {
            "trade_id": "3306df62-95a8-435d-8711-bf717acf79b0",
            "ticker": "KXHIGHMIA-24NOV09-B81.5",
            "count": 22,
            "created_time": "2024-11-09T12:40:07.506427Z",
            "yes_price": 8,
            "no_price": 92,
            "taker_side": "yes"
        },
        {
            "trade_id": "38c130ec-2c08-49f5-9ea4-55077a784652",
            "ticker": "KXHIGHMIA-24NOV09-B81.5",
            "count": 44,
            "created_time": "2024-11-09T12:34:36.912199Z",
            "yes_price": 7,
            "no_price": 93,
            "taker_side": "yes"
        },
        {
            "trade_id": "311d4942-6b7c-43e3-b70b-6a3e4574f4c3",
            "ticker": "KXHIGHMIA-24NOV09-B81.5",
            "count": 78,
            "created_time": "2024-11-09T12:34:36.912199Z",
            "yes_price": 8,
            "no_price": 92,
            "taker_side": "yes"
        },
        {
            "trade_id": "fcc42adc-1d57-4ace-8558-343b2c2a9f86",
            "ticker": "KXHIGHMIA-24NOV09-B81.5",
            "count": 20,
            "created_time": "2024-11-09T12:05:36.121443Z",
            "yes_price": 5,
            "no_price": 95,
            "taker_side": "yes"
        },
        {
            "trade_id": "f8eb6bbe-4c81-422b-abd7-bf1f7e31da25",
            "ticker": "KXHIGHMIA-24NOV09-B81.5",
            "count": 56,
            "created_time": "2024-11-09T12:05:36.121443Z",
            "yes_price": 7,
            "no_price": 93,
            "taker_side": "yes"
        },
        {
            "trade_id": "4ca32a08-8c6d-4907-97ab-86de6669381c",
            "ticker": "KXHIGHMIA-24NOV09-B81.5",
            "count": 74,
            "created_time": "2024-11-09T12:05:36.121443Z",
            "yes_price": 6,
            "no_price": 94,
            "taker_side": "yes"
        },
        {
            "trade_id": "b8acacc2-65be-464d-b93c-f1adeb9b5306",
            "ticker": "KXHIGHMIA-24NOV09-B81.5",
            "count": 75,
            "created_time": "2024-11-09T11:56:26.472912Z",
            "yes_price": 2,
            "no_price": 98,
            "taker_side": "no"
        },
        {
            "trade_id": "f8d5f9fb-65c1-46b3-b229-e4fc0a40c329",
            "ticker": "KXHIGHMIA-24NOV09-B81.5",
            "count": 24,
            "created_time": "2024-11-09T11:54:24.784767Z",
            "yes_price": 5,
            "no_price": 95,
            "taker_side": "yes"
        },
        {
            "trade_id": "2feeedcb-3888-495b-82c5-143398b88385",
            "ticker": "KXHIGHMIA-24NOV09-B81.5",
            "count": 26,
            "created_time": "2024-11-09T11:54:24.784767Z",
            "yes_price": 6,
            "no_price": 94,
            "taker_side": "yes"
        },
        {
            "trade_id": "946ccb2f-04bf-4aec-b1fc-7f7f350f7c8c",
            "ticker": "KXHIGHMIA-24NOV09-B81.5",
            "count": 2,
            "created_time": "2024-11-09T11:53:47.533305Z",
            "yes_price": 2,
            "no_price": 98,
            "taker_side": "no"
        },
        {
            "trade_id": "216e730e-f2d2-44c7-8038-aefcabde3de2",
            "ticker": "KXHIGHMIA-24NOV09-B81.5",
            "count": 100,
            "created_time": "2024-11-09T11:48:14.367976Z",
            "yes_price": 2,
            "no_price": 98,
            "taker_side": "no"
        },
        {
            "trade_id": "3d9b1769-bf6e-451e-a2af-6fef55bcf32d",
            "ticker": "KXHIGHMIA-24NOV09-B81.5",
            "count": 100,
            "created_time": "2024-11-09T11:44:30.712097Z",
            "yes_price": 2,
            "no_price": 98,
            "taker_side": "no"
        },
        {
            "trade_id": "7e99d85e-14eb-4c76-8cc9-883bd37fa084",
            "ticker": "KXHIGHMIA-24NOV09-B81.5",
            "count": 97,
            "created_time": "2024-11-09T11:43:35.813116Z",
            "yes_price": 2,
            "no_price": 98,
            "taker_side": "no"
        },
        {
            "trade_id": "480dd65b-d3ca-4468-9016-cf6927789f11",
            "ticker": "KXHIGHMIA-24NOV09-B81.5",
            "count": 3,
            "created_time": "2024-11-09T11:35:00.433657Z",
            "yes_price": 2,
            "no_price": 98,
            "taker_side": "no"
        },
        {
            "trade_id": "6437e0cb-c10d-415e-b76d-acee040a8812",
            "ticker": "KXHIGHMIA-24NOV09-B81.5",
            "count": 10,
            "created_time": "2024-11-09T11:25:34.409446Z",
            "yes_price": 3,
            "no_price": 97,
            "taker_side": "no"
        },
        {
            "trade_id": "0f8259df-0342-4eb8-ac70-ca431eaa0e13",
            "ticker": "KXHIGHMIA-24NOV09-B81.5",
            "count": 51,
            "created_time": "2024-11-09T11:25:34.131715Z",
            "yes_price": 3,
            "no_price": 97,
            "taker_side": "no"
        },
        {
            "trade_id": "da45065a-b8e8-4533-8419-e1f6d8aac284",
            "ticker": "KXHIGHMIA-24NOV09-B81.5",
            "count": 13,
            "created_time": "2024-11-09T10:39:41.757911Z",
            "yes_price": 2,
            "no_price": 98,
            "taker_side": "no"
        },
        {
            "trade_id": "3c9dd3e9-c8e0-4972-b358-fe39a91e4383",
            "ticker": "KXHIGHMIA-24NOV09-B81.5",
            "count": 2,
            "created_time": "2024-11-09T10:28:54.289772Z",
            "yes_price": 2,
            "no_price": 98,
            "taker_side": "no"
        },
        {
            "trade_id": "0d8a162f-ab0b-442c-91d8-1589a02e6744",
            "ticker": "KXHIGHMIA-24NOV09-B81.5",
            "count": 100,
            "created_time": "2024-11-09T10:28:11.470448Z",
            "yes_price": 2,
            "no_price": 98,
            "taker_side": "no"
        },
        {
            "trade_id": "fd2b9793-7ac7-41b2-a618-3f95efad0b6d",
            "ticker": "KXHIGHMIA-24NOV09-B81.5",
            "count": 8,
            "created_time": "2024-11-09T10:02:58.79986Z",
            "yes_price": 2,
            "no_price": 98,
            "taker_side": "no"
        },
        {
            "trade_id": "e592f4cb-1bec-4c99-86c1-55f9f7e3218b",
            "ticker": "KXHIGHMIA-24NOV09-B81.5",
            "count": 22,
            "created_time": "2024-11-09T10:02:58.79986Z",
            "yes_price": 2,
            "no_price": 98,
            "taker_side": "no"
        },
        {
            "trade_id": "7cce112f-c862-4f7c-8a38-7805319dd36e",
            "ticker": "KXHIGHMIA-24NOV09-B81.5",
            "count": 40,
            "created_time": "2024-11-09T10:02:58.79986Z",
            "yes_price": 2,
            "no_price": 98,
            "taker_side": "no"
        },
        {
            "trade_id": "dd5958f2-002a-4057-8b9d-30ed2bbb3f6c",
            "ticker": "KXHIGHMIA-24NOV09-B81.5",
            "count": 7,
            "created_time": "2024-11-09T09:55:40.69259Z",
            "yes_price": 2,
            "no_price": 98,
            "taker_side": "no"
        },
        {
            "trade_id": "8a57e87d-b400-4ce9-8e87-4054d1b7d9b2",
            "ticker": "KXHIGHMIA-24NOV09-B81.5",
            "count": 18,
            "created_time": "2024-11-09T09:55:40.69259Z",
            "yes_price": 2,
            "no_price": 98,
            "taker_side": "no"
        },
        {
            "trade_id": "46de97c8-2220-4411-870f-3ba4fa2e0795",
            "ticker": "KXHIGHMIA-24NOV09-B81.5",
            "count": 3,
            "created_time": "2024-11-09T07:33:01.686864Z",
            "yes_price": 2,
            "no_price": 98,
            "taker_side": "no"
        },
        {
            "trade_id": "04475398-60b1-4df5-a459-828bf8dc684a",
            "ticker": "KXHIGHMIA-24NOV09-B81.5",
            "count": 20,
            "created_time": "2024-11-09T07:14:18.309226Z",
            "yes_price": 9,
            "no_price": 91,
            "taker_side": "yes"
        },
        {
            "trade_id": "f5fb6163-c1e5-4133-ba41-86dbc66acc94",
            "ticker": "KXHIGHMIA-24NOV09-B81.5",
            "count": 1,
            "created_time": "2024-11-09T07:06:05.809763Z",
            "yes_price": 2,
            "no_price": 98,
            "taker_side": "no"
        },
        {
            "trade_id": "ce5c7d22-f6b8-450e-8a27-78cb23fd3663",
            "ticker": "KXHIGHMIA-24NOV09-B81.5",
            "count": 1,
            "created_time": "2024-11-09T06:49:17.728814Z",
            "yes_price": 2,
            "no_price": 98,
            "taker_side": "no"
        },
        {
            "trade_id": "212c652d-efbf-4358-ab40-4d09021f69b9",
            "ticker": "KXHIGHMIA-24NOV09-B81.5",
            "count": 49,
            "created_time": "2024-11-09T06:48:59.733312Z",
            "yes_price": 3,
            "no_price": 97,
            "taker_side": "no"
        },
        {
            "trade_id": "ff56fd02-47e4-4ace-871d-eeac42ed8ad2",
            "ticker": "KXHIGHMIA-24NOV09-B81.5",
            "count": 1,
            "created_time": "2024-11-09T06:48:14.850881Z",
            "yes_price": 3,
            "no_price": 97,
            "taker_side": "no"
        },
        {
            "trade_id": "b2c889a7-3c62-4960-937a-ff6214db9088",
            "ticker": "KXHIGHMIA-24NOV09-B81.5",
            "count": 1,
            "created_time": "2024-11-09T06:44:38.773125Z",
            "yes_price": 2,
            "no_price": 98,
            "taker_side": "no"
        },
        {
            "trade_id": "7a5efecd-7a49-4361-b2d1-5a8045c2e173",
            "ticker": "KXHIGHMIA-24NOV09-B81.5",
            "count": 1,
            "created_time": "2024-11-09T06:42:37.769998Z",
            "yes_price": 2,
            "no_price": 98,
            "taker_side": "no"
        },
        {
            "trade_id": "f3939c20-3555-42d3-8024-c0dd0112a2c1",
            "ticker": "KXHIGHMIA-24NOV09-B81.5",
            "count": 15,
            "created_time": "2024-11-09T06:42:19.23169Z",
            "yes_price": 2,
            "no_price": 98,
            "taker_side": "no"
        },
        {
            "trade_id": "77bac635-fe27-4219-ab52-e1694f85b898",
            "ticker": "KXHIGHMIA-24NOV09-B81.5",
            "count": 9,
            "created_time": "2024-11-09T06:42:19.23169Z",
            "yes_price": 3,
            "no_price": 97,
            "taker_side": "no"
        },
        {
            "trade_id": "06b50ce7-65fe-45ea-878e-2c7f672d1df9",
            "ticker": "KXHIGHMIA-24NOV09-B81.5",
            "count": 26,
            "created_time": "2024-11-09T06:42:02.85834Z",
            "yes_price": 3,
            "no_price": 97,
            "taker_side": "no"
        },
        {
            "trade_id": "dfccfe42-afec-4794-9a07-bbd8e069b4e6",
            "ticker": "KXHIGHMIA-24NOV09-B81.5",
            "count": 1,
            "created_time": "2024-11-09T06:41:38.324829Z",
            "yes_price": 3,
            "no_price": 97,
            "taker_side": "no"
        },
        {
            "trade_id": "b1116e08-fac1-4769-9bd5-a591bc01c641",
            "ticker": "KXHIGHMIA-24NOV09-B81.5",
            "count": 300,
            "created_time": "2024-11-09T06:38:24.952518Z",
            "yes_price": 5,
            "no_price": 95,
            "taker_side": "no"
        },
        {
            "trade_id": "3d028fd7-cc35-458b-a6c3-695ec0e2e2d4",
            "ticker": "KXHIGHMIA-24NOV09-B81.5",
            "count": 1,
            "created_time": "2024-11-09T06:16:43.382071Z",
            "yes_price": 3,
            "no_price": 97,
            "taker_side": "no"
        },
        {
            "trade_id": "efc92006-58a8-4c40-bf4e-266082618b3e",
            "ticker": "KXHIGHMIA-24NOV09-B81.5",
            "count": 1,
            "created_time": "2024-11-09T06:14:55.2512Z",
            "yes_price": 3,
            "no_price": 97,
            "taker_side": "no"
        },
        {
            "trade_id": "e1db0665-615a-491d-842f-210ba2fc3005",
            "ticker": "KXHIGHMIA-24NOV09-B81.5",
            "count": 5,
            "created_time": "2024-11-09T05:54:04.824019Z",
            "yes_price": 14,
            "no_price": 86,
            "taker_side": "yes"
        },
        {
            "trade_id": "4b5953c6-25d7-421b-ae20-4c0bdaf1d470",
            "ticker": "KXHIGHMIA-24NOV09-B81.5",
            "count": 1,
            "created_time": "2024-11-09T05:54:04.824019Z",
            "yes_price": 13,
            "no_price": 87,
            "taker_side": "yes"
        },
        {
            "trade_id": "bc656de5-391e-44b7-b17b-089c8af3ac61",
            "ticker": "KXHIGHMIA-24NOV09-B81.5",
            "count": 176,
            "created_time": "2024-11-09T05:53:37.092139Z",
            "yes_price": 14,
            "no_price": 86,
            "taker_side": "yes"
        },
        {
            "trade_id": "0e0c70f9-30f6-4487-9df8-e5057ae50390",
            "ticker": "KXHIGHMIA-24NOV09-B81.5",
            "count": 100,
            "created_time": "2024-11-09T05:53:37.092139Z",
            "yes_price": 13,
            "no_price": 87,
            "taker_side": "yes"
        },
        {
            "trade_id": "8abf25b8-0db0-4c0a-b03e-38c7ed743455",
            "ticker": "KXHIGHMIA-24NOV09-B81.5",
            "count": 21,
            "created_time": "2024-11-09T05:33:39.267177Z",
            "yes_price": 3,
            "no_price": 97,
            "taker_side": "no"
        },
        {
            "trade_id": "89cd77dc-0ad0-48d9-a53d-6d86d6429acf",
            "ticker": "KXHIGHMIA-24NOV09-B81.5",
            "count": 21,
            "created_time": "2024-11-09T05:30:58.981488Z",
            "yes_price": 12,
            "no_price": 88,
            "taker_side": "yes"
        },
        {
            "trade_id": "833fb803-6848-4832-8bb7-6d45b910d958",
            "ticker": "KXHIGHMIA-24NOV09-B81.5",
            "count": 38,
            "created_time": "2024-11-09T05:30:58.981488Z",
            "yes_price": 12,
            "no_price": 88,
            "taker_side": "yes"
        },
        {
            "trade_id": "121c2ca7-a81c-4406-9946-9c9522dbfb41",
            "ticker": "KXHIGHMIA-24NOV09-B81.5",
            "count": 16,
            "created_time": "2024-11-09T05:30:58.981488Z",
            "yes_price": 14,
            "no_price": 86,
            "taker_side": "yes"
        },
        {
            "trade_id": "d7b9614a-4fca-49e1-a74b-0e8a1a567403",
            "ticker": "KXHIGHMIA-24NOV09-B81.5",
            "count": 40,
            "created_time": "2024-11-09T05:06:44.869901Z",
            "yes_price": 2,
            "no_price": 98,
            "taker_side": "no"
        },
        {
            "trade_id": "c2792bff-3da9-42a7-a5fa-3e3323e48366",
            "ticker": "KXHIGHMIA-24NOV09-B81.5",
            "count": 11,
            "created_time": "2024-11-09T05:06:44.869901Z",
            "yes_price": 2,
            "no_price": 98,
            "taker_side": "no"
        },
        {
            "trade_id": "a156cf3e-80f0-44d0-a03c-6137c675ac6b",
            "ticker": "KXHIGHMIA-24NOV09-B81.5",
            "count": 40,
            "created_time": "2024-11-09T05:06:44.869901Z",
            "yes_price": 2,
            "no_price": 98,
            "taker_side": "no"
        },
        {
            "trade_id": "612e7389-0c29-4dd1-bd50-0248dce3fa53",
            "ticker": "KXHIGHMIA-24NOV09-B81.5",
            "count": 24,
            "created_time": "2024-11-09T05:06:44.869901Z",
            "yes_price": 2,
            "no_price": 98,
            "taker_side": "no"
        },
        {
            "trade_id": "0fb55a01-4c34-4823-81b7-3a271b28c7d9",
            "ticker": "KXHIGHMIA-24NOV09-B81.5",
            "count": 40,
            "created_time": "2024-11-09T05:06:44.869901Z",
            "yes_price": 2,
            "no_price": 98,
            "taker_side": "no"
        },
        {
            "trade_id": "0bdfe573-bc5f-4b32-9cb2-0ad83b9b74e8",
            "ticker": "KXHIGHMIA-24NOV09-B81.5",
            "count": 40,
            "created_time": "2024-11-09T05:06:44.869901Z",
            "yes_price": 2,
            "no_price": 98,
            "taker_side": "no"
        },
        {
            "trade_id": "f8a1b6ac-7316-4083-8abd-5acee325fe7e",
            "ticker": "KXHIGHMIA-24NOV09-B81.5",
            "count": 16,
            "created_time": "2024-11-09T05:05:01.323286Z",
            "yes_price": 2,
            "no_price": 98,
            "taker_side": "no"
        },
        {
            "trade_id": "cf1cb789-dfdd-4ad2-983f-032c5b1bab33",
            "ticker": "KXHIGHMIA-24NOV09-B81.5",
            "count": 90,
            "created_time": "2024-11-09T05:04:52.155718Z",
            "yes_price": 4,
            "no_price": 96,
            "taker_side": "no"
        },
        {
            "trade_id": "7ae8cd23-065a-4d22-842f-ef254d2218d0",
            "ticker": "KXHIGHMIA-24NOV09-B81.5",
            "count": 86,
            "created_time": "2024-11-09T05:04:06.492952Z",
            "yes_price": 4,
            "no_price": 96,
            "taker_side": "no"
        },
        {
            "trade_id": "d7513519-caaa-44d2-911e-a604cc661666",
            "ticker": "KXHIGHMIA-24NOV09-B81.5",
            "count": 4,
            "created_time": "2024-11-09T05:03:28.884047Z",
            "yes_price": 4,
            "no_price": 96,
            "taker_side": "no"
        },
        {
            "trade_id": "f0445e7e-0088-45a6-8d17-bfb2c4b88229",
            "ticker": "KXHIGHMIA-24NOV09-B81.5",
            "count": 4,
            "created_time": "2024-11-09T05:03:28.296839Z",
            "yes_price": 4,
            "no_price": 96,
            "taker_side": "no"
        },
        {
            "trade_id": "4782791a-efc6-4acd-a16e-9f0a4c492601",
            "ticker": "KXHIGHMIA-24NOV09-B81.5",
            "count": 5,
            "created_time": "2024-11-09T05:03:01.228114Z",
            "yes_price": 5,
            "no_price": 95,
            "taker_side": "no"
        },
        {
            "trade_id": "bc9a87a7-c61e-40c5-a790-6d99d876b3ed",
            "ticker": "KXHIGHMIA-24NOV09-B81.5",
            "count": 15,
            "created_time": "2024-11-09T04:59:51.993965Z",
            "yes_price": 4,
            "no_price": 96,
            "taker_side": "no"
        },
        {
            "trade_id": "6afb746b-014d-4546-8199-d2dd4a157864",
            "ticker": "KXHIGHMIA-24NOV09-B81.5",
            "count": 5,
            "created_time": "2024-11-09T04:44:36.673169Z",
            "yes_price": 5,
            "no_price": 95,
            "taker_side": "no"
        },
        {
            "trade_id": "a00f10bd-7660-403c-b8f1-86e6bb6acede",
            "ticker": "KXHIGHMIA-24NOV09-B81.5",
            "count": 20,
            "created_time": "2024-11-09T00:47:25.800159Z",
            "yes_price": 5,
            "no_price": 95,
            "taker_side": "no"
        },
        {
            "trade_id": "91ee8430-d047-47af-b30b-49d4e8762f65",
            "ticker": "KXHIGHMIA-24NOV09-B81.5",
            "count": 49,
            "created_time": "2024-11-09T00:46:41.987237Z",
            "yes_price": 20,
            "no_price": 80,
            "taker_side": "yes"
        },
        {
            "trade_id": "35422551-e42a-4e9d-9a0e-eaeea2629a03",
            "ticker": "KXHIGHMIA-24NOV09-B81.5",
            "count": 5,
            "created_time": "2024-11-09T00:46:41.987237Z",
            "yes_price": 18,
            "no_price": 82,
            "taker_side": "yes"
        },
        {
            "trade_id": "1704e6ce-1a86-4b7c-8228-6dd1dc7b25c8",
            "ticker": "KXHIGHMIA-24NOV09-B81.5",
            "count": 20,
            "created_time": "2024-11-09T00:46:41.987237Z",
            "yes_price": 17,
            "no_price": 83,
            "taker_side": "yes"
        },
        {
            "trade_id": "70a23591-b62a-404a-b44e-90512ee1b7e2",
            "ticker": "KXHIGHMIA-24NOV09-B81.5",
            "count": 5,
            "created_time": "2024-11-09T00:46:19.296752Z",
            "yes_price": 6,
            "no_price": 94,
            "taker_side": "no"
        },
        {
            "trade_id": "f89b950f-6b66-4e79-8e4e-5350f754b90f",
            "ticker": "KXHIGHMIA-24NOV09-B81.5",
            "count": 5,
            "created_time": "2024-11-09T00:27:57.980624Z",
            "yes_price": 6,
            "no_price": 94,
            "taker_side": "no"
        },
        {
            "trade_id": "f50829ec-ba25-44d5-ad84-5bfb7a9989b5",
            "ticker": "KXHIGHMIA-24NOV09-B81.5",
            "count": 1,
            "created_time": "2024-11-08T23:46:43.058175Z",
            "yes_price": 10,
            "no_price": 90,
            "taker_side": "yes"
        },
        {
            "trade_id": "75e353f5-d59a-47d3-a896-f5ecd9245ed2",
            "ticker": "KXHIGHMIA-24NOV09-B81.5",
            "count": 1,
            "created_time": "2024-11-08T23:46:43.058175Z",
            "yes_price": 20,
            "no_price": 80,
            "taker_side": "yes"
        },
        {
            "trade_id": "48723f94-6e5d-4324-88af-ed3c80870a30",
            "ticker": "KXHIGHMIA-24NOV09-B81.5",
            "count": 2,
            "created_time": "2024-11-08T23:46:43.058175Z",
            "yes_price": 22,
            "no_price": 78,
            "taker_side": "yes"
        },
        {
            "trade_id": "207fadb0-2e52-4088-9dba-ddec6ff5ea8e",
            "ticker": "KXHIGHMIA-24NOV09-B81.5",
            "count": 1,
            "created_time": "2024-11-08T23:12:31.497217Z",
            "yes_price": 3,
            "no_price": 97,
            "taker_side": "no"
        }
    ],
    "KXHIGHMIA-24NOV09-B83.5": [
        {
            "trade_id": "35cdc783-84c2-4494-a7ff-1defe3b716e4",
            "ticker": "KXHIGHMIA-24NOV09-B83.5",
            "count": 467,
            "created_time": "2024-11-10T03:12:55.332301Z",
            "yes_price": 1,
            "no_price": 99,
            "taker_side": "yes"
        },
        {
            "trade_id": "bd1abe0d-17fe-4db6-8b49-fff1302c7525",
            "ticker": "KXHIGHMIA-24NOV09-B83.5",
            "count": 12,
            "created_time": "2024-11-10T02:52:03.536962Z",
            "yes_price": 1,
            "no_price": 99,
            "taker_side": "yes"
        },
        {
            "trade_id": "b9a7aab0-dc87-4bb7-9c87-fd06a1b81605",
            "ticker": "KXHIGHMIA-24NOV09-B83.5",
            "count": 467,
            "created_time": "2024-11-10T02:02:09.370315Z",
            "yes_price": 2,
            "no_price": 98,
            "taker_side": "yes"
        },
        {
            "trade_id": "310e1597-0233-4ace-8af6-e2dc8a371f64",
            "ticker": "KXHIGHMIA-24NOV09-B83.5",
            "count": 233,
            "created_time": "2024-11-10T01:28:30.277011Z",
            "yes_price": 2,
            "no_price": 98,
            "taker_side": "yes"
        },
        {
            "trade_id": "028864e6-e6f4-4eea-a0d4-04ca9f051012",
            "ticker": "KXHIGHMIA-24NOV09-B83.5",
            "count": 6,
            "created_time": "2024-11-10T01:28:29.368297Z",
            "yes_price": 2,
            "no_price": 98,
            "taker_side": "yes"
        },
        {
            "trade_id": "0566b1c8-d0e2-459c-890f-6dbfe5ad173d",
            "ticker": "KXHIGHMIA-24NOV09-B83.5",
            "count": 233,
            "created_time": "2024-11-10T01:18:45.248197Z",
            "yes_price": 2,
            "no_price": 98,
            "taker_side": "yes"
        },
        {
            "trade_id": "d0ef350a-37b8-4bd2-a386-f0ee2419d498",
            "ticker": "KXHIGHMIA-24NOV09-B83.5",
            "count": 514,
            "created_time": "2024-11-10T01:04:14.531283Z",
            "yes_price": 2,
            "no_price": 98,
            "taker_side": "yes"
        },
        {
            "trade_id": "3b0bab2b-307a-4792-8983-f11844db8e2c",
            "ticker": "KXHIGHMIA-24NOV09-B83.5",
            "count": 467,
            "created_time": "2024-11-10T01:01:26.53921Z",
            "yes_price": 2,
            "no_price": 98,
            "taker_side": "yes"
        },
        {
            "trade_id": "f6fcc856-74bb-42e9-87fa-11d5d5757bca",
            "ticker": "KXHIGHMIA-24NOV09-B83.5",
            "count": 140,
            "created_time": "2024-11-10T00:56:48.443507Z",
            "yes_price": 2,
            "no_price": 98,
            "taker_side": "yes"
        },
        {
            "trade_id": "f3a88246-22cb-4df0-a9dd-b721dfa7f959",
            "ticker": "KXHIGHMIA-24NOV09-B83.5",
            "count": 500,
            "created_time": "2024-11-10T00:55:53.512534Z",
            "yes_price": 1,
            "no_price": 99,
            "taker_side": "yes"
        },
        {
            "trade_id": "edc42005-0cec-4515-8d58-139290bfa14d",
            "ticker": "KXHIGHMIA-24NOV09-B83.5",
            "count": 500,
            "created_time": "2024-11-10T00:55:53.512534Z",
            "yes_price": 1,
            "no_price": 99,
            "taker_side": "yes"
        },
        {
            "trade_id": "d4796dbc-b9dd-48dc-8854-0968935e2722",
            "ticker": "KXHIGHMIA-24NOV09-B83.5",
            "count": 500,
            "created_time": "2024-11-10T00:55:53.512534Z",
            "yes_price": 1,
            "no_price": 99,
            "taker_side": "yes"
        },
        {
            "trade_id": "b562d53b-5732-42b1-8b59-60ef1393e592",
            "ticker": "KXHIGHMIA-24NOV09-B83.5",
            "count": 500,
            "created_time": "2024-11-10T00:55:53.512534Z",
            "yes_price": 1,
            "no_price": 99,
            "taker_side": "yes"
        },
        {
            "trade_id": "9918dc3c-37cf-47e2-8939-635c013d2658",
            "ticker": "KXHIGHMIA-24NOV09-B83.5",
            "count": 1000,
            "created_time": "2024-11-10T00:55:53.512534Z",
            "yes_price": 1,
            "no_price": 99,
            "taker_side": "yes"
        },
        {
            "trade_id": "7f2c84ed-4aff-4c32-9bcf-3eeeb905f7a2",
            "ticker": "KXHIGHMIA-24NOV09-B83.5",
            "count": 500,
            "created_time": "2024-11-10T00:55:53.512534Z",
            "yes_price": 1,
            "no_price": 99,
            "taker_side": "yes"
        },
        {
            "trade_id": "7935ab58-b694-468e-b89c-e57ca263ccec",
            "ticker": "KXHIGHMIA-24NOV09-B83.5",
            "count": 500,
            "created_time": "2024-11-10T00:55:53.512534Z",
            "yes_price": 1,
            "no_price": 99,
            "taker_side": "yes"
        },
        {
            "trade_id": "570466ba-972b-4a4c-99b3-a0626cba9712",
            "ticker": "KXHIGHMIA-24NOV09-B83.5",
            "count": 1646,
            "created_time": "2024-11-10T00:55:53.512534Z",
            "yes_price": 1,
            "no_price": 99,
            "taker_side": "yes"
        },
        {
            "trade_id": "3b04741a-1771-4479-90ea-da0b1d978a87",
            "ticker": "KXHIGHMIA-24NOV09-B83.5",
            "count": 500,
            "created_time": "2024-11-10T00:55:53.512534Z",
            "yes_price": 1,
            "no_price": 99,
            "taker_side": "yes"
        },
        {
            "trade_id": "237875a7-432f-48c4-a533-1a803721162d",
            "ticker": "KXHIGHMIA-24NOV09-B83.5",
            "count": 1350,
            "created_time": "2024-11-10T00:55:53.512534Z",
            "yes_price": 2,
            "no_price": 98,
            "taker_side": "yes"
        },
        {
            "trade_id": "0b31a414-c9b5-49d9-9ade-c551b57a6fa0",
            "ticker": "KXHIGHMIA-24NOV09-B83.5",
            "count": 500,
            "created_time": "2024-11-10T00:55:53.512534Z",
            "yes_price": 1,
            "no_price": 99,
            "taker_side": "yes"
        },
        {
            "trade_id": "99c97bfd-e986-4e39-941b-5e80ba0c95a4",
            "ticker": "KXHIGHMIA-24NOV09-B83.5",
            "count": 1215,
            "created_time": "2024-11-10T00:48:14.801301Z",
            "yes_price": 1,
            "no_price": 99,
            "taker_side": "yes"
        },
        {
            "trade_id": "90eefb9e-c29c-4737-912c-cb355426bacc",
            "ticker": "KXHIGHMIA-24NOV09-B83.5",
            "count": 935,
            "created_time": "2024-11-10T00:00:10.721033Z",
            "yes_price": 1,
            "no_price": 99,
            "taker_side": "yes"
        },
        {
            "trade_id": "d97f7d21-1402-4ccb-890d-9ff5bd013e8d",
            "ticker": "KXHIGHMIA-24NOV09-B83.5",
            "count": 14,
            "created_time": "2024-11-09T23:48:34.682007Z",
            "yes_price": 1,
            "no_price": 99,
            "taker_side": "yes"
        },
        {
            "trade_id": "4d064a35-4dee-45ed-983c-c92afc30f354",
            "ticker": "KXHIGHMIA-24NOV09-B83.5",
            "count": 51,
            "created_time": "2024-11-09T22:52:46.952982Z",
            "yes_price": 1,
            "no_price": 99,
            "taker_side": "yes"
        },
        {
            "trade_id": "643e8f9b-e0c2-4813-b3ce-b83dff86d499",
            "ticker": "KXHIGHMIA-24NOV09-B83.5",
            "count": 4208,
            "created_time": "2024-11-09T22:44:23.530352Z",
            "yes_price": 1,
            "no_price": 99,
            "taker_side": "yes"
        },
        {
            "trade_id": "f9df4da5-22a1-47e2-9a74-3593e5a9795b",
            "ticker": "KXHIGHMIA-24NOV09-B83.5",
            "count": 406,
            "created_time": "2024-11-09T22:25:55.758593Z",
            "yes_price": 1,
            "no_price": 99,
            "taker_side": "yes"
        },
        {
            "trade_id": "6f7107e9-92e3-4df4-bb71-246c626c0089",
            "ticker": "KXHIGHMIA-24NOV09-B83.5",
            "count": 1931,
            "created_time": "2024-11-09T22:25:55.758593Z",
            "yes_price": 1,
            "no_price": 99,
            "taker_side": "yes"
        },
        {
            "trade_id": "587869bf-2833-4e75-9107-e4da14485f89",
            "ticker": "KXHIGHMIA-24NOV09-B83.5",
            "count": 187,
            "created_time": "2024-11-09T22:20:23.203097Z",
            "yes_price": 1,
            "no_price": 99,
            "taker_side": "yes"
        },
        {
            "trade_id": "083055db-0d71-4454-b95e-546561bb23f0",
            "ticker": "KXHIGHMIA-24NOV09-B83.5",
            "count": 5,
            "created_time": "2024-11-09T22:08:37.471559Z",
            "yes_price": 1,
            "no_price": 99,
            "taker_side": "yes"
        },
        {
            "trade_id": "23e4aa19-ce91-4971-b6ed-85e54a29b24d",
            "ticker": "KXHIGHMIA-24NOV09-B83.5",
            "count": 402,
            "created_time": "2024-11-09T21:52:31.681538Z",
            "yes_price": 1,
            "no_price": 99,
            "taker_side": "yes"
        },
        {
            "trade_id": "1d0b0eac-029c-49c5-ae84-755e02af6c97",
            "ticker": "KXHIGHMIA-24NOV09-B83.5",
            "count": 346,
            "created_time": "2024-11-09T21:52:31.681538Z",
            "yes_price": 1,
            "no_price": 99,
            "taker_side": "yes"
        },
        {
            "trade_id": "839e3542-4e8f-4639-8540-10259962bbc1",
            "ticker": "KXHIGHMIA-24NOV09-B83.5",
            "count": 187,
            "created_time": "2024-11-09T21:43:27.996952Z",
            "yes_price": 1,
            "no_price": 99,
            "taker_side": "yes"
        },
        {
            "trade_id": "d0e6c587-b19b-4369-b7aa-b42941422fb4",
            "ticker": "KXHIGHMIA-24NOV09-B83.5",
            "count": 467,
            "created_time": "2024-11-09T21:38:43.186066Z",
            "yes_price": 1,
            "no_price": 99,
            "taker_side": "yes"
        },
        {
            "trade_id": "d349bc58-2af9-4146-9c34-7068148aeca5",
            "ticker": "KXHIGHMIA-24NOV09-B83.5",
            "count": 65,
            "created_time": "2024-11-09T21:38:14.080698Z",
            "yes_price": 1,
            "no_price": 99,
            "taker_side": "yes"
        },
        {
            "trade_id": "1d14fe9a-263a-4f5c-b848-e37035d8a625",
            "ticker": "KXHIGHMIA-24NOV09-B83.5",
            "count": 201,
            "created_time": "2024-11-09T21:38:14.080698Z",
            "yes_price": 2,
            "no_price": 98,
            "taker_side": "yes"
        },
        {
            "trade_id": "5fcb2eb5-4637-458f-9e10-4d7b15cbb812",
            "ticker": "KXHIGHMIA-24NOV09-B83.5",
            "count": 935,
            "created_time": "2024-11-09T21:37:43.401459Z",
            "yes_price": 1,
            "no_price": 99,
            "taker_side": "yes"
        },
        {
            "trade_id": "9ed395db-dfd0-4640-8242-31f8850cc65b",
            "ticker": "KXHIGHMIA-24NOV09-B83.5",
            "count": 46,
            "created_time": "2024-11-09T21:35:00.307868Z",
            "yes_price": 2,
            "no_price": 98,
            "taker_side": "yes"
        },
        {
            "trade_id": "b625a5f8-4f5d-40ed-8ff8-69d5b58d46b5",
            "ticker": "KXHIGHMIA-24NOV09-B83.5",
            "count": 11,
            "created_time": "2024-11-09T21:31:52.186271Z",
            "yes_price": 2,
            "no_price": 98,
            "taker_side": "yes"
        },
        {
            "trade_id": "ebda46f5-75ff-47b2-b0b9-0a7ec1dec84b",
            "ticker": "KXHIGHMIA-24NOV09-B83.5",
            "count": 935,
            "created_time": "2024-11-09T21:28:30.11353Z",
            "yes_price": 1,
            "no_price": 99,
            "taker_side": "yes"
        },
        {
            "trade_id": "cb4ce5f0-0eba-4bbd-9ada-629e39e4c5cb",
            "ticker": "KXHIGHMIA-24NOV09-B83.5",
            "count": 9351,
            "created_time": "2024-11-09T21:25:01.062265Z",
            "yes_price": 1,
            "no_price": 99,
            "taker_side": "yes"
        },
        {
            "trade_id": "ed89a75c-2427-4b3e-9b6d-c66573e2d5aa",
            "ticker": "KXHIGHMIA-24NOV09-B83.5",
            "count": 100,
            "created_time": "2024-11-09T21:18:56.087679Z",
            "yes_price": 2,
            "no_price": 98,
            "taker_side": "yes"
        },
        {
            "trade_id": "5e8cdc5b-5b5d-46d8-8f08-3826e86ed571",
            "ticker": "KXHIGHMIA-24NOV09-B83.5",
            "count": 300,
            "created_time": "2024-11-09T21:18:56.087679Z",
            "yes_price": 2,
            "no_price": 98,
            "taker_side": "yes"
        },
        {
            "trade_id": "3eb77f61-bd24-4930-8b3a-8518399c15df",
            "ticker": "KXHIGHMIA-24NOV09-B83.5",
            "count": 44,
            "created_time": "2024-11-09T21:18:56.087679Z",
            "yes_price": 3,
            "no_price": 97,
            "taker_side": "yes"
        },
        {
            "trade_id": "fc932f60-6ca4-4200-a96c-8b19c2c7905f",
            "ticker": "KXHIGHMIA-24NOV09-B83.5",
            "count": 22,
            "created_time": "2024-11-09T20:56:45.208761Z",
            "yes_price": 3,
            "no_price": 97,
            "taker_side": "yes"
        },
        {
            "trade_id": "5f48e096-1102-4f9b-afa6-45e84fa978ee",
            "ticker": "KXHIGHMIA-24NOV09-B83.5",
            "count": 100,
            "created_time": "2024-11-09T20:56:45.208761Z",
            "yes_price": 2,
            "no_price": 98,
            "taker_side": "yes"
        },
        {
            "trade_id": "453fe195-c971-4b40-9a65-0ecc295b469a",
            "ticker": "KXHIGHMIA-24NOV09-B83.5",
            "count": 100,
            "created_time": "2024-11-09T20:56:45.208761Z",
            "yes_price": 2,
            "no_price": 98,
            "taker_side": "yes"
        },
        {
            "trade_id": "4c0e981f-ef51-4899-bec4-62c92d32dea7",
            "ticker": "KXHIGHMIA-24NOV09-B83.5",
            "count": 1560,
            "created_time": "2024-11-09T20:29:24.571272Z",
            "yes_price": 3,
            "no_price": 97,
            "taker_side": "yes"
        },
        {
            "trade_id": "d06e411c-695f-491a-aad7-08e0400156e0",
            "ticker": "KXHIGHMIA-24NOV09-B83.5",
            "count": 188,
            "created_time": "2024-11-09T20:29:13.026958Z",
            "yes_price": 3,
            "no_price": 97,
            "taker_side": "yes"
        },
        {
            "trade_id": "4105ce29-7ea8-4293-8831-ab3a14f886ce",
            "ticker": "KXHIGHMIA-24NOV09-B83.5",
            "count": 1372,
            "created_time": "2024-11-09T20:29:13.026958Z",
            "yes_price": 3,
            "no_price": 97,
            "taker_side": "yes"
        },
        {
            "trade_id": "b8b02020-c235-46b2-b311-eb6b1bd58534",
            "ticker": "KXHIGHMIA-24NOV09-B83.5",
            "count": 12,
            "created_time": "2024-11-09T20:28:35.429739Z",
            "yes_price": 3,
            "no_price": 97,
            "taker_side": "yes"
        },
        {
            "trade_id": "9fd99be8-df63-4ad4-839c-8e340d10d8a8",
            "ticker": "KXHIGHMIA-24NOV09-B83.5",
            "count": 50,
            "created_time": "2024-11-09T20:28:35.429739Z",
            "yes_price": 3,
            "no_price": 97,
            "taker_side": "yes"
        },
        {
            "trade_id": "57b03820-ea5f-4ded-90f8-e2ae7d1f3b48",
            "ticker": "KXHIGHMIA-24NOV09-B83.5",
            "count": 31,
            "created_time": "2024-11-09T20:18:59.505137Z",
            "yes_price": 3,
            "no_price": 97,
            "taker_side": "yes"
        },
        {
            "trade_id": "e1167963-5644-4a11-bd4e-1bb6c50e1ede",
            "ticker": "KXHIGHMIA-24NOV09-B83.5",
            "count": 108,
            "created_time": "2024-11-09T20:14:12.365139Z",
            "yes_price": 3,
            "no_price": 97,
            "taker_side": "yes"
        },
        {
            "trade_id": "d9b0e720-62a8-46ed-8e53-7ab06679356d",
            "ticker": "KXHIGHMIA-24NOV09-B83.5",
            "count": 28,
            "created_time": "2024-11-09T20:14:12.365139Z",
            "yes_price": 3,
            "no_price": 97,
            "taker_side": "yes"
        },
        {
            "trade_id": "9877d24f-c01f-4c39-871c-377dc68b5cce",
            "ticker": "KXHIGHMIA-24NOV09-B83.5",
            "count": 19,
            "created_time": "2024-11-09T20:14:12.365139Z",
            "yes_price": 3,
            "no_price": 97,
            "taker_side": "yes"
        },
        {
            "trade_id": "505a9b34-ba95-4e0e-ad5f-a5ddc3df977c",
            "ticker": "KXHIGHMIA-24NOV09-B83.5",
            "count": 291,
            "created_time": "2024-11-09T20:12:10.012571Z",
            "yes_price": 3,
            "no_price": 97,
            "taker_side": "yes"
        },
        {
            "trade_id": "049e5da1-50ac-4b8b-949a-57470c405677",
            "ticker": "KXHIGHMIA-24NOV09-B83.5",
            "count": 72,
            "created_time": "2024-11-09T20:12:10.012571Z",
            "yes_price": 3,
            "no_price": 97,
            "taker_side": "yes"
        },
        {
            "trade_id": "fb2239b9-8144-4761-80c4-769b35b75910",
            "ticker": "KXHIGHMIA-24NOV09-B83.5",
            "count": 100,
            "created_time": "2024-11-09T20:03:33.374713Z",
            "yes_price": 2,
            "no_price": 98,
            "taker_side": "yes"
        },
        {
            "trade_id": "ad25bff5-b977-48b1-8143-b87367f8875e",
            "ticker": "KXHIGHMIA-24NOV09-B83.5",
            "count": 500,
            "created_time": "2024-11-09T20:03:33.374713Z",
            "yes_price": 2,
            "no_price": 98,
            "taker_side": "yes"
        },
        {
            "trade_id": "8b455588-dddb-49ef-ad45-7874c5ea77b8",
            "ticker": "KXHIGHMIA-24NOV09-B83.5",
            "count": 1406,
            "created_time": "2024-11-09T20:03:33.374713Z",
            "yes_price": 3,
            "no_price": 97,
            "taker_side": "yes"
        },
        {
            "trade_id": "607a4c4b-8f83-4561-9a5f-f396e3b3dc55",
            "ticker": "KXHIGHMIA-24NOV09-B83.5",
            "count": 100,
            "created_time": "2024-11-09T20:03:33.374713Z",
            "yes_price": 2,
            "no_price": 98,
            "taker_side": "yes"
        },
        {
            "trade_id": "4833651f-d7ac-4155-9a49-cbc03f875a68",
            "ticker": "KXHIGHMIA-24NOV09-B83.5",
            "count": 387,
            "created_time": "2024-11-09T20:03:33.374713Z",
            "yes_price": 2,
            "no_price": 98,
            "taker_side": "yes"
        },
        {
            "trade_id": "26c6ceba-eab0-45e8-871d-dd726a69be16",
            "ticker": "KXHIGHMIA-24NOV09-B83.5",
            "count": 209,
            "created_time": "2024-11-09T20:03:33.374713Z",
            "yes_price": 3,
            "no_price": 97,
            "taker_side": "yes"
        },
        {
            "trade_id": "94ca2349-f8e1-4352-bb7d-6c61a0284bcc",
            "ticker": "KXHIGHMIA-24NOV09-B83.5",
            "count": 108,
            "created_time": "2024-11-09T19:58:01.292145Z",
            "yes_price": 1,
            "no_price": 99,
            "taker_side": "no"
        },
        {
            "trade_id": "3f3ba75f-6cc4-4032-9e58-61d963a4b14e",
            "ticker": "KXHIGHMIA-24NOV09-B83.5",
            "count": 108,
            "created_time": "2024-11-09T19:58:01.292145Z",
            "yes_price": 1,
            "no_price": 99,
            "taker_side": "no"
        },
        {
            "trade_id": "1a0cb681-120a-4be9-950d-954618f7ce42",
            "ticker": "KXHIGHMIA-24NOV09-B83.5",
            "count": 10,
            "created_time": "2024-11-09T19:57:42.13352Z",
            "yes_price": 2,
            "no_price": 98,
            "taker_side": "yes"
        },
        {
            "trade_id": "bb4a55cf-0d97-4f2f-a202-2f089c84892f",
            "ticker": "KXHIGHMIA-24NOV09-B83.5",
            "count": 93,
            "created_time": "2024-11-09T19:50:41.041511Z",
            "yes_price": 2,
            "no_price": 98,
            "taker_side": "yes"
        },
        {
            "trade_id": "4ce6a692-50dd-4e56-881d-ca69d61aee7a",
            "ticker": "KXHIGHMIA-24NOV09-B83.5",
            "count": 10,
            "created_time": "2024-11-09T19:50:39.017875Z",
            "yes_price": 2,
            "no_price": 98,
            "taker_side": "yes"
        },
        {
            "trade_id": "6bb441da-b96a-4ea9-bc01-a8e4d1e3ca7a",
            "ticker": "KXHIGHMIA-24NOV09-B83.5",
            "count": 42,
            "created_time": "2024-11-09T19:41:10.931772Z",
            "yes_price": 1,
            "no_price": 99,
            "taker_side": "no"
        },
        {
            "trade_id": "0541e21b-685a-473c-913e-506724fe441c",
            "ticker": "KXHIGHMIA-24NOV09-B83.5",
            "count": 4,
            "created_time": "2024-11-09T19:41:01.519759Z",
            "yes_price": 1,
            "no_price": 99,
            "taker_side": "no"
        },
        {
            "trade_id": "952990f0-dc18-4788-9b2b-5793226f48c1",
            "ticker": "KXHIGHMIA-24NOV09-B83.5",
            "count": 807,
            "created_time": "2024-11-09T19:12:40.966531Z",
            "yes_price": 3,
            "no_price": 97,
            "taker_side": "yes"
        },
        {
            "trade_id": "7b162950-17cc-44d9-a04d-0991cf55cdc5",
            "ticker": "KXHIGHMIA-24NOV09-B83.5",
            "count": 1079,
            "created_time": "2024-11-09T19:12:40.966531Z",
            "yes_price": 2,
            "no_price": 98,
            "taker_side": "yes"
        },
        {
            "trade_id": "4c85cb1b-5ca8-41b6-afc6-cd6ce84afd14",
            "ticker": "KXHIGHMIA-24NOV09-B83.5",
            "count": 1000,
            "created_time": "2024-11-09T19:12:40.966531Z",
            "yes_price": 3,
            "no_price": 97,
            "taker_side": "yes"
        },
        {
            "trade_id": "483ead22-ff5e-4887-bc5a-9cf54f714dba",
            "ticker": "KXHIGHMIA-24NOV09-B83.5",
            "count": 594,
            "created_time": "2024-11-09T19:12:40.966531Z",
            "yes_price": 3,
            "no_price": 97,
            "taker_side": "yes"
        },
        {
            "trade_id": "0a2cb21b-1ee8-4af0-adc3-53d265e841e3",
            "ticker": "KXHIGHMIA-24NOV09-B83.5",
            "count": 21,
            "created_time": "2024-11-09T19:04:17.231954Z",
            "yes_price": 2,
            "no_price": 98,
            "taker_side": "yes"
        },
        {
            "trade_id": "18720615-5616-41e7-ae62-65f2d886b551",
            "ticker": "KXHIGHMIA-24NOV09-B83.5",
            "count": 561,
            "created_time": "2024-11-09T18:54:04.010904Z",
            "yes_price": 3,
            "no_price": 97,
            "taker_side": "yes"
        },
        {
            "trade_id": "c17c1413-30b3-4bc5-bc54-a3fb0e264326",
            "ticker": "KXHIGHMIA-24NOV09-B83.5",
            "count": 500,
            "created_time": "2024-11-09T18:50:36.291064Z",
            "yes_price": 2,
            "no_price": 98,
            "taker_side": "yes"
        },
        {
            "trade_id": "5c002e58-879a-46e7-95bb-c4476ff34189",
            "ticker": "KXHIGHMIA-24NOV09-B83.5",
            "count": 2787,
            "created_time": "2024-11-09T18:50:36.291064Z",
            "yes_price": 3,
            "no_price": 97,
            "taker_side": "yes"
        },
        {
            "trade_id": "f15f29ad-442e-4add-ae1a-c01da38daf42",
            "ticker": "KXHIGHMIA-24NOV09-B83.5",
            "count": 500,
            "created_time": "2024-11-09T18:47:56.259709Z",
            "yes_price": 2,
            "no_price": 98,
            "taker_side": "yes"
        },
        {
            "trade_id": "1651c1ba-9a81-48e8-818c-be83ae3303fb",
            "ticker": "KXHIGHMIA-24NOV09-B83.5",
            "count": 758,
            "created_time": "2024-11-09T18:47:56.259709Z",
            "yes_price": 3,
            "no_price": 97,
            "taker_side": "yes"
        },
        {
            "trade_id": "fec0d955-ef28-4e42-9e4b-cec4d298e3b1",
            "ticker": "KXHIGHMIA-24NOV09-B83.5",
            "count": 500,
            "created_time": "2024-11-09T18:45:57.927455Z",
            "yes_price": 2,
            "no_price": 98,
            "taker_side": "yes"
        },
        {
            "trade_id": "f27db8e4-860b-4b91-8268-71ac22418dd2",
            "ticker": "KXHIGHMIA-24NOV09-B83.5",
            "count": 110,
            "created_time": "2024-11-09T18:45:57.927455Z",
            "yes_price": 2,
            "no_price": 98,
            "taker_side": "yes"
        },
        {
            "trade_id": "f17a2eb1-30ea-4920-9d0a-f3483225ae90",
            "ticker": "KXHIGHMIA-24NOV09-B83.5",
            "count": 200,
            "created_time": "2024-11-09T18:45:57.927455Z",
            "yes_price": 1,
            "no_price": 99,
            "taker_side": "yes"
        },
        {
            "trade_id": "f1581b67-c9ff-41d2-aac1-ce1dbb9faa3f",
            "ticker": "KXHIGHMIA-24NOV09-B83.5",
            "count": 3112,
            "created_time": "2024-11-09T18:45:57.927455Z",
            "yes_price": 1,
            "no_price": 99,
            "taker_side": "yes"
        },
        {
            "trade_id": "d123c3ba-1f6f-4a3a-9ffb-d5262693a140",
            "ticker": "KXHIGHMIA-24NOV09-B83.5",
            "count": 13,
            "created_time": "2024-11-09T18:45:57.927455Z",
            "yes_price": 1,
            "no_price": 99,
            "taker_side": "yes"
        },
        {
            "trade_id": "a0dcdc8f-c6c3-46d8-b57f-400160ab8a57",
            "ticker": "KXHIGHMIA-24NOV09-B83.5",
            "count": 3000,
            "created_time": "2024-11-09T18:45:57.927455Z",
            "yes_price": 1,
            "no_price": 99,
            "taker_side": "yes"
        },
        {
            "trade_id": "9a9e263f-c548-4d98-8a81-55f3d46a2e48",
            "ticker": "KXHIGHMIA-24NOV09-B83.5",
            "count": 117,
            "created_time": "2024-11-09T18:45:57.927455Z",
            "yes_price": 3,
            "no_price": 97,
            "taker_side": "yes"
        },
        {
            "trade_id": "99185689-2cce-4132-af6e-26b7372a8bfd",
            "ticker": "KXHIGHMIA-24NOV09-B83.5",
            "count": 1000,
            "created_time": "2024-11-09T18:45:57.927455Z",
            "yes_price": 3,
            "no_price": 97,
            "taker_side": "yes"
        },
        {
            "trade_id": "5ebb2462-8b6d-4460-8f61-5a9cfb5865ef",
            "ticker": "KXHIGHMIA-24NOV09-B83.5",
            "count": 517,
            "created_time": "2024-11-09T18:45:57.927455Z",
            "yes_price": 1,
            "no_price": 99,
            "taker_side": "yes"
        },
        {
            "trade_id": "52bada88-8e94-4328-9ee0-83ab050cd109",
            "ticker": "KXHIGHMIA-24NOV09-B83.5",
            "count": 200,
            "created_time": "2024-11-09T18:45:57.927455Z",
            "yes_price": 3,
            "no_price": 97,
            "taker_side": "yes"
        },
        {
            "trade_id": "478959ba-abcd-466a-911a-ab988b21433c",
            "ticker": "KXHIGHMIA-24NOV09-B83.5",
            "count": 1718,
            "created_time": "2024-11-09T18:45:57.927455Z",
            "yes_price": 1,
            "no_price": 99,
            "taker_side": "yes"
        },
        {
            "trade_id": "1c7eb00e-e614-40ef-af1c-1bbd0b7e7af2",
            "ticker": "KXHIGHMIA-24NOV09-B83.5",
            "count": 87,
            "created_time": "2024-11-09T18:45:57.927455Z",
            "yes_price": 3,
            "no_price": 97,
            "taker_side": "yes"
        },
        {
            "trade_id": "0bbd9540-e8a0-406b-8069-751c903bc414",
            "ticker": "KXHIGHMIA-24NOV09-B83.5",
            "count": 2,
            "created_time": "2024-11-09T18:45:57.927455Z",
            "yes_price": 2,
            "no_price": 98,
            "taker_side": "yes"
        },
        {
            "trade_id": "05e5556b-c8ea-4290-a48d-41f659c329d4",
            "ticker": "KXHIGHMIA-24NOV09-B83.5",
            "count": 300,
            "created_time": "2024-11-09T18:45:57.927455Z",
            "yes_price": 1,
            "no_price": 99,
            "taker_side": "yes"
        },
        {
            "trade_id": "00143e13-6989-4181-b38d-07fc7d5dbac3",
            "ticker": "KXHIGHMIA-24NOV09-B83.5",
            "count": 200,
            "created_time": "2024-11-09T18:45:57.927455Z",
            "yes_price": 1,
            "no_price": 99,
            "taker_side": "yes"
        },
        {
            "trade_id": "13c7492b-3126-455a-a43e-40b8f487770d",
            "ticker": "KXHIGHMIA-24NOV09-B83.5",
            "count": 93,
            "created_time": "2024-11-09T18:44:29.980704Z",
            "yes_price": 1,
            "no_price": 99,
            "taker_side": "yes"
        },
        {
            "trade_id": "71aea35f-d049-471c-aece-70d8370b801c",
            "ticker": "KXHIGHMIA-24NOV09-B83.5",
            "count": 913,
            "created_time": "2024-11-09T18:41:50.466341Z",
            "yes_price": 1,
            "no_price": 99,
            "taker_side": "yes"
        },
        {
            "trade_id": "67ffd4ae-56c9-44b9-849a-bdf82f62973d",
            "ticker": "KXHIGHMIA-24NOV09-B83.5",
            "count": 93,
            "created_time": "2024-11-09T18:41:17.957657Z",
            "yes_price": 1,
            "no_price": 99,
            "taker_side": "yes"
        },
        {
            "trade_id": "d2e0eb8c-0674-4b03-b1ef-ecf5b86ad255",
            "ticker": "KXHIGHMIA-24NOV09-B83.5",
            "count": 54,
            "created_time": "2024-11-09T18:23:44.514459Z",
            "yes_price": 1,
            "no_price": 99,
            "taker_side": "yes"
        },
        {
            "trade_id": "263d6baa-9702-4a88-acc9-a678843df73f",
            "ticker": "KXHIGHMIA-24NOV09-B83.5",
            "count": 93,
            "created_time": "2024-11-09T18:21:06.975446Z",
            "yes_price": 1,
            "no_price": 99,
            "taker_side": "yes"
        },
        {
            "trade_id": "62c31d2b-9606-4d4c-8bb2-e13780a40554",
            "ticker": "KXHIGHMIA-24NOV09-B83.5",
            "count": 300,
            "created_time": "2024-11-09T17:57:03.443782Z",
            "yes_price": 1,
            "no_price": 99,
            "taker_side": "yes"
        },
        {
            "trade_id": "2945a698-5af0-40db-a3b2-dd73f6da5658",
            "ticker": "KXHIGHMIA-24NOV09-B83.5",
            "count": 92,
            "created_time": "2024-11-09T17:56:46.734679Z",
            "yes_price": 1,
            "no_price": 99,
            "taker_side": "yes"
        },
        {
            "trade_id": "dafea4ca-e4cd-4f4f-a937-5d91743974a4",
            "ticker": "KXHIGHMIA-24NOV09-B83.5",
            "count": 9351,
            "created_time": "2024-11-09T17:47:33.367171Z",
            "yes_price": 1,
            "no_price": 99,
            "taker_side": "yes"
        },
        {
            "trade_id": "4232e6ac-c41c-4b24-a7ff-41c8614e8dca",
            "ticker": "KXHIGHMIA-24NOV09-B83.5",
            "count": 50,
            "created_time": "2024-11-09T17:35:20.455986Z",
            "yes_price": 1,
            "no_price": 99,
            "taker_side": "yes"
        },
        {
            "trade_id": "3db8abd9-64bd-43f9-bc31-e6a3adfa1d0c",
            "ticker": "KXHIGHMIA-24NOV09-B83.5",
            "count": 185,
            "created_time": "2024-11-09T17:34:55.422201Z",
            "yes_price": 1,
            "no_price": 99,
            "taker_side": "yes"
        },
        {
            "trade_id": "2b2a251e-0f62-4b3d-a924-3515df01b1b1",
            "ticker": "KXHIGHMIA-24NOV09-B83.5",
            "count": 4675,
            "created_time": "2024-11-09T17:26:19.280492Z",
            "yes_price": 1,
            "no_price": 99,
            "taker_side": "yes"
        },
        {
            "trade_id": "a51fcb3a-d10b-4b66-8e32-122f9af4f047",
            "ticker": "KXHIGHMIA-24NOV09-B83.5",
            "count": 467,
            "created_time": "2024-11-09T17:19:16.399958Z",
            "yes_price": 1,
            "no_price": 99,
            "taker_side": "yes"
        },
        {
            "trade_id": "ebde0e05-353a-496b-bd4d-fcd7d2414da7",
            "ticker": "KXHIGHMIA-24NOV09-B83.5",
            "count": 60,
            "created_time": "2024-11-09T17:17:40.312405Z",
            "yes_price": 1,
            "no_price": 99,
            "taker_side": "yes"
        },
        {
            "trade_id": "fdf2e97e-e407-4b08-a99b-c0cd4ee3414e",
            "ticker": "KXHIGHMIA-24NOV09-B83.5",
            "count": 15,
            "created_time": "2024-11-09T17:15:47.779504Z",
            "yes_price": 1,
            "no_price": 99,
            "taker_side": "yes"
        },
        {
            "trade_id": "af98a56b-3880-49ac-a3c3-3cefb4a72685",
            "ticker": "KXHIGHMIA-24NOV09-B83.5",
            "count": 93,
            "created_time": "2024-11-09T17:11:10.269857Z",
            "yes_price": 1,
            "no_price": 99,
            "taker_side": "yes"
        },
        {
            "trade_id": "dbe86267-fe56-411a-b7ae-5d10e89ba129",
            "ticker": "KXHIGHMIA-24NOV09-B83.5",
            "count": 119,
            "created_time": "2024-11-09T17:04:55.710445Z",
            "yes_price": 1,
            "no_price": 99,
            "taker_side": "yes"
        },
        {
            "trade_id": "f9d94970-10af-4c82-a1c1-35e0843a968c",
            "ticker": "KXHIGHMIA-24NOV09-B83.5",
            "count": 187,
            "created_time": "2024-11-09T17:01:53.493329Z",
            "yes_price": 1,
            "no_price": 99,
            "taker_side": "yes"
        },
        {
            "trade_id": "e8f18680-816e-4f8d-ad6f-157a90aebf37",
            "ticker": "KXHIGHMIA-24NOV09-B83.5",
            "count": 57,
            "created_time": "2024-11-09T17:00:50.827955Z",
            "yes_price": 1,
            "no_price": 99,
            "taker_side": "yes"
        },
        {
            "trade_id": "b1767541-a86d-4d87-8c77-8981a7ef4970",
            "ticker": "KXHIGHMIA-24NOV09-B83.5",
            "count": 57,
            "created_time": "2024-11-09T17:00:50.743675Z",
            "yes_price": 1,
            "no_price": 99,
            "taker_side": "yes"
        },
        {
            "trade_id": "f62a3f34-1709-4792-be51-61ff9240e2e3",
            "ticker": "KXHIGHMIA-24NOV09-B83.5",
            "count": 93,
            "created_time": "2024-11-09T16:59:07.621704Z",
            "yes_price": 1,
            "no_price": 99,
            "taker_side": "yes"
        },
        {
            "trade_id": "98cc2d1c-b91e-48bd-a609-d6b16d95da56",
            "ticker": "KXHIGHMIA-24NOV09-B83.5",
            "count": 670,
            "created_time": "2024-11-09T16:58:19.898009Z",
            "yes_price": 1,
            "no_price": 99,
            "taker_side": "yes"
        },
        {
            "trade_id": "8e9fd723-ac1f-4338-a8ac-9690c7af1e9d",
            "ticker": "KXHIGHMIA-24NOV09-B83.5",
            "count": 467,
            "created_time": "2024-11-09T16:57:52.851587Z",
            "yes_price": 1,
            "no_price": 99,
            "taker_side": "yes"
        },
        {
            "trade_id": "625e6292-f88f-4bc3-9601-2d610aa56bc3",
            "ticker": "KXHIGHMIA-24NOV09-B83.5",
            "count": 467,
            "created_time": "2024-11-09T16:57:51.966417Z",
            "yes_price": 1,
            "no_price": 99,
            "taker_side": "yes"
        },
        {
            "trade_id": "636bb840-5736-4a5c-abe7-63dc6bf5c861",
            "ticker": "KXHIGHMIA-24NOV09-B83.5",
            "count": 45,
            "created_time": "2024-11-09T16:55:47.112311Z",
            "yes_price": 1,
            "no_price": 99,
            "taker_side": "yes"
        },
        {
            "trade_id": "e62b884e-5622-4c9a-890e-8e9db6aeb9a7",
            "ticker": "KXHIGHMIA-24NOV09-B83.5",
            "count": 43,
            "created_time": "2024-11-09T16:55:47.016491Z",
            "yes_price": 1,
            "no_price": 99,
            "taker_side": "yes"
        },
        {
            "trade_id": "c4694fba-bd44-422c-bc3b-9cfc699545de",
            "ticker": "KXHIGHMIA-24NOV09-B83.5",
            "count": 42,
            "created_time": "2024-11-09T16:55:46.747824Z",
            "yes_price": 1,
            "no_price": 99,
            "taker_side": "yes"
        },
        {
            "trade_id": "188df164-093c-4e05-8ce1-543a6300fbd5",
            "ticker": "KXHIGHMIA-24NOV09-B83.5",
            "count": 41,
            "created_time": "2024-11-09T16:55:46.635902Z",
            "yes_price": 1,
            "no_price": 99,
            "taker_side": "yes"
        },
        {
            "trade_id": "98d4bb37-300b-4a2f-a366-7c9db3aaba6b",
            "ticker": "KXHIGHMIA-24NOV09-B83.5",
            "count": 39,
            "created_time": "2024-11-09T16:55:46.487153Z",
            "yes_price": 1,
            "no_price": 99,
            "taker_side": "yes"
        },
        {
            "trade_id": "a55bc262-f13f-45f6-8133-6bddf9649a9c",
            "ticker": "KXHIGHMIA-24NOV09-B83.5",
            "count": 37,
            "created_time": "2024-11-09T16:55:46.363574Z",
            "yes_price": 1,
            "no_price": 99,
            "taker_side": "yes"
        },
        {
            "trade_id": "8df6e563-4af6-43ee-b2c7-e93db5c81134",
            "ticker": "KXHIGHMIA-24NOV09-B83.5",
            "count": 35,
            "created_time": "2024-11-09T16:55:46.25236Z",
            "yes_price": 1,
            "no_price": 99,
            "taker_side": "yes"
        },
        {
            "trade_id": "f7f735e6-64dc-4341-9201-032599a48b0f",
            "ticker": "KXHIGHMIA-24NOV09-B83.5",
            "count": 100,
            "created_time": "2024-11-09T16:55:44.808564Z",
            "yes_price": 9,
            "no_price": 91,
            "taker_side": "no"
        },
        {
            "trade_id": "f433ecef-8d07-486e-8147-042111ddc38d",
            "ticker": "KXHIGHMIA-24NOV09-B83.5",
            "count": 141,
            "created_time": "2024-11-09T16:55:44.808564Z",
            "yes_price": 10,
            "no_price": 90,
            "taker_side": "no"
        },
        {
            "trade_id": "e121ac5a-2313-495f-91e5-65a97f881a12",
            "ticker": "KXHIGHMIA-24NOV09-B83.5",
            "count": 200,
            "created_time": "2024-11-09T16:55:44.808564Z",
            "yes_price": 1,
            "no_price": 99,
            "taker_side": "no"
        },
        {
            "trade_id": "945d5179-9987-4450-9d55-c1b929dac1e3",
            "ticker": "KXHIGHMIA-24NOV09-B83.5",
            "count": 250,
            "created_time": "2024-11-09T16:55:44.808564Z",
            "yes_price": 2,
            "no_price": 98,
            "taker_side": "no"
        },
        {
            "trade_id": "6aa1a0c5-5588-4603-97d6-3739d8c9fc9d",
            "ticker": "KXHIGHMIA-24NOV09-B83.5",
            "count": 81,
            "created_time": "2024-11-09T16:55:44.808564Z",
            "yes_price": 1,
            "no_price": 99,
            "taker_side": "no"
        },
        {
            "trade_id": "45af63e4-23c7-48fe-99d0-77e0acb03444",
            "ticker": "KXHIGHMIA-24NOV09-B83.5",
            "count": 120,
            "created_time": "2024-11-09T16:55:44.808564Z",
            "yes_price": 1,
            "no_price": 99,
            "taker_side": "no"
        },
        {
            "trade_id": "c8c13a5f-0af5-4ad9-8f80-b95db64da874",
            "ticker": "KXHIGHMIA-24NOV09-B83.5",
            "count": 8,
            "created_time": "2024-11-09T16:55:44.7794Z",
            "yes_price": 19,
            "no_price": 81,
            "taker_side": "no"
        },
        {
            "trade_id": "98086d7f-5f90-49fd-bc72-a67b471efd96",
            "ticker": "KXHIGHMIA-24NOV09-B83.5",
            "count": 20,
            "created_time": "2024-11-09T16:55:44.7794Z",
            "yes_price": 13,
            "no_price": 87,
            "taker_side": "no"
        },
        {
            "trade_id": "72a34876-00fc-49fe-827f-fc9952f1e1f9",
            "ticker": "KXHIGHMIA-24NOV09-B83.5",
            "count": 111,
            "created_time": "2024-11-09T16:55:44.7794Z",
            "yes_price": 10,
            "no_price": 90,
            "taker_side": "no"
        },
        {
            "trade_id": "720a56e8-db10-403e-9d94-9e18b49e4bb1",
            "ticker": "KXHIGHMIA-24NOV09-B83.5",
            "count": 61,
            "created_time": "2024-11-09T16:55:44.7794Z",
            "yes_price": 16,
            "no_price": 84,
            "taker_side": "no"
        },
        {
            "trade_id": "b3a9af53-5df1-4f0b-a149-27dabd6f63ac",
            "ticker": "KXHIGHMIA-24NOV09-B83.5",
            "count": 35,
            "created_time": "2024-11-09T16:55:44.654121Z",
            "yes_price": 23,
            "no_price": 77,
            "taker_side": "no"
        },
        {
            "trade_id": "ae200cb1-61e2-4b19-94af-d8cdc9628623",
            "ticker": "KXHIGHMIA-24NOV09-B83.5",
            "count": 60,
            "created_time": "2024-11-09T16:55:44.654121Z",
            "yes_price": 24,
            "no_price": 76,
            "taker_side": "no"
        },
        {
            "trade_id": "51b91241-0d98-448b-8ebe-7d80a35da4f8",
            "ticker": "KXHIGHMIA-24NOV09-B83.5",
            "count": 2,
            "created_time": "2024-11-09T16:55:44.654121Z",
            "yes_price": 19,
            "no_price": 81,
            "taker_side": "no"
        },
        {
            "trade_id": "40057bdd-17c8-4c62-a43c-d5a80741270c",
            "ticker": "KXHIGHMIA-24NOV09-B83.5",
            "count": 80,
            "created_time": "2024-11-09T16:55:44.654121Z",
            "yes_price": 25,
            "no_price": 75,
            "taker_side": "no"
        },
        {
            "trade_id": "0f4c9f85-7b32-4a59-ae02-cc889b98cf63",
            "ticker": "KXHIGHMIA-24NOV09-B83.5",
            "count": 23,
            "created_time": "2024-11-09T16:55:44.654121Z",
            "yes_price": 22,
            "no_price": 78,
            "taker_side": "no"
        },
        {
            "trade_id": "96ca6adf-dc45-4814-a1d6-dced98f2fecd",
            "ticker": "KXHIGHMIA-24NOV09-B83.5",
            "count": 5,
            "created_time": "2024-11-09T16:54:31.987148Z",
            "yes_price": 25,
            "no_price": 75,
            "taker_side": "no"
        },
        {
            "trade_id": "8aebc876-d6f1-484e-93eb-19146cfb2f55",
            "ticker": "KXHIGHMIA-24NOV09-B83.5",
            "count": 10,
            "created_time": "2024-11-09T16:54:04.996835Z",
            "yes_price": 35,
            "no_price": 65,
            "taker_side": "yes"
        },
        {
            "trade_id": "5f111ee3-b65f-4b3f-b870-9ca68d0810cc",
            "ticker": "KXHIGHMIA-24NOV09-B83.5",
            "count": 3,
            "created_time": "2024-11-09T16:54:04.996835Z",
            "yes_price": 32,
            "no_price": 68,
            "taker_side": "yes"
        },
        {
            "trade_id": "40ee0ac6-786a-4813-b5f1-e3cd8eae69e8",
            "ticker": "KXHIGHMIA-24NOV09-B83.5",
            "count": 60,
            "created_time": "2024-11-09T16:51:36.211441Z",
            "yes_price": 25,
            "no_price": 75,
            "taker_side": "no"
        },
        {
            "trade_id": "2a633893-4b28-4237-a0f8-030ec77abc03",
            "ticker": "KXHIGHMIA-24NOV09-B83.5",
            "count": 39,
            "created_time": "2024-11-09T16:48:11.342321Z",
            "yes_price": 28,
            "no_price": 72,
            "taker_side": "yes"
        },
        {
            "trade_id": "d640b2f7-f81c-48c1-a53d-18ad7d8b1ccc",
            "ticker": "KXHIGHMIA-24NOV09-B83.5",
            "count": 48,
            "created_time": "2024-11-09T16:47:49.426943Z",
            "yes_price": 27,
            "no_price": 73,
            "taker_side": "yes"
        },
        {
            "trade_id": "205ba72b-2b0e-4bc6-9dcd-8156bcea82e7",
            "ticker": "KXHIGHMIA-24NOV09-B83.5",
            "count": 54,
            "created_time": "2024-11-09T16:47:49.426943Z",
            "yes_price": 29,
            "no_price": 71,
            "taker_side": "yes"
        },
        {
            "trade_id": "a4d4a704-08f2-490f-81ec-fcf7609ab59e",
            "ticker": "KXHIGHMIA-24NOV09-B83.5",
            "count": 11,
            "created_time": "2024-11-09T16:46:25.536074Z",
            "yes_price": 25,
            "no_price": 75,
            "taker_side": "yes"
        },
        {
            "trade_id": "6cb7336a-88a0-41bd-a1fa-8c5d014bb28b",
            "ticker": "KXHIGHMIA-24NOV09-B83.5",
            "count": 26,
            "created_time": "2024-11-09T16:46:20.026398Z",
            "yes_price": 25,
            "no_price": 75,
            "taker_side": "yes"
        },
        {
            "trade_id": "10bd4622-acbe-4d74-b72a-8bd2cd1bb7ea",
            "ticker": "KXHIGHMIA-24NOV09-B83.5",
            "count": 26,
            "created_time": "2024-11-09T16:46:17.24124Z",
            "yes_price": 25,
            "no_price": 75,
            "taker_side": "yes"
        },
        {
            "trade_id": "6a6b9c5f-cc7a-4204-a6e6-db629b538447",
            "ticker": "KXHIGHMIA-24NOV09-B83.5",
            "count": 25,
            "created_time": "2024-11-09T16:46:07.298641Z",
            "yes_price": 25,
            "no_price": 75,
            "taker_side": "yes"
        },
        {
            "trade_id": "80c7add2-bde1-4856-836c-05d3a83a7f4d",
            "ticker": "KXHIGHMIA-24NOV09-B83.5",
            "count": 25,
            "created_time": "2024-11-09T16:46:00.037811Z",
            "yes_price": 26,
            "no_price": 74,
            "taker_side": "yes"
        },
        {
            "trade_id": "17be8888-cff6-48fa-89c4-1b96f631c2ad",
            "ticker": "KXHIGHMIA-24NOV09-B83.5",
            "count": 27,
            "created_time": "2024-11-09T16:45:56.133325Z",
            "yes_price": 28,
            "no_price": 72,
            "taker_side": "yes"
        },
        {
            "trade_id": "a01becb6-125a-4928-bf8a-790698eee329",
            "ticker": "KXHIGHMIA-24NOV09-B83.5",
            "count": 14,
            "created_time": "2024-11-09T16:45:43.811918Z",
            "yes_price": 16,
            "no_price": 84,
            "taker_side": "no"
        },
        {
            "trade_id": "0f1eb696-9401-4c36-bf92-61c8f2bb445f",
            "ticker": "KXHIGHMIA-24NOV09-B83.5",
            "count": 3,
            "created_time": "2024-11-09T16:45:43.811918Z",
            "yes_price": 20,
            "no_price": 80,
            "taker_side": "no"
        },
        {
            "trade_id": "a597aab3-966b-40c2-bf84-765612d36244",
            "ticker": "KXHIGHMIA-24NOV09-B83.5",
            "count": 13,
            "created_time": "2024-11-09T16:44:48.398908Z",
            "yes_price": 22,
            "no_price": 78,
            "taker_side": "no"
        },
        {
            "trade_id": "7eab92ae-6d0b-495e-9242-5434114230cb",
            "ticker": "KXHIGHMIA-24NOV09-B83.5",
            "count": 50,
            "created_time": "2024-11-09T16:44:48.398908Z",
            "yes_price": 23,
            "no_price": 77,
            "taker_side": "no"
        },
        {
            "trade_id": "8f605b5e-fb18-4fb6-9114-306415cc0b2c",
            "ticker": "KXHIGHMIA-24NOV09-B83.5",
            "count": 38,
            "created_time": "2024-11-09T16:43:47.559152Z",
            "yes_price": 22,
            "no_price": 78,
            "taker_side": "no"
        },
        {
            "trade_id": "7bae90cc-aa63-4b74-b87c-5a3968ae9e2a",
            "ticker": "KXHIGHMIA-24NOV09-B83.5",
            "count": 2,
            "created_time": "2024-11-09T16:43:47.559152Z",
            "yes_price": 22,
            "no_price": 78,
            "taker_side": "no"
        },
        {
            "trade_id": "117d6800-7979-46ce-a9a0-83c9756c5232",
            "ticker": "KXHIGHMIA-24NOV09-B83.5",
            "count": 79,
            "created_time": "2024-11-09T16:43:47.559152Z",
            "yes_price": 21,
            "no_price": 79,
            "taker_side": "no"
        },
        {
            "trade_id": "46655632-5f5d-4b87-a9f6-205ea4b08a00",
            "ticker": "KXHIGHMIA-24NOV09-B83.5",
            "count": 11,
            "created_time": "2024-11-09T16:41:58.535372Z",
            "yes_price": 23,
            "no_price": 77,
            "taker_side": "no"
        },
        {
            "trade_id": "ab7b8589-ed91-4910-917e-0cb371d4c903",
            "ticker": "KXHIGHMIA-24NOV09-B83.5",
            "count": 25,
            "created_time": "2024-11-09T16:40:58.734239Z",
            "yes_price": 19,
            "no_price": 81,
            "taker_side": "no"
        },
        {
            "trade_id": "100ddcfb-2029-4003-ac45-85328b2a98d4",
            "ticker": "KXHIGHMIA-24NOV09-B83.5",
            "count": 5,
            "created_time": "2024-11-09T16:39:47.798175Z",
            "yes_price": 24,
            "no_price": 76,
            "taker_side": "no"
        },
        {
            "trade_id": "008d97f8-7261-4ac5-96fd-bb54b02ea0f7",
            "ticker": "KXHIGHMIA-24NOV09-B83.5",
            "count": 20,
            "created_time": "2024-11-09T16:39:33.436651Z",
            "yes_price": 24,
            "no_price": 76,
            "taker_side": "yes"
        },
        {
            "trade_id": "f1844a9a-424a-4620-b4d9-6e9d874bd3b9",
            "ticker": "KXHIGHMIA-24NOV09-B83.5",
            "count": 10,
            "created_time": "2024-11-09T16:38:34.777051Z",
            "yes_price": 51,
            "no_price": 49,
            "taker_side": "yes"
        },
        {
            "trade_id": "eb5ea48d-e299-4d90-bf0e-20178adff7bf",
            "ticker": "KXHIGHMIA-24NOV09-B83.5",
            "count": 10,
            "created_time": "2024-11-09T16:38:34.777051Z",
            "yes_price": 53,
            "no_price": 47,
            "taker_side": "yes"
        },
        {
            "trade_id": "d85e86db-758c-4e89-a1ae-b8dbeadbd706",
            "ticker": "KXHIGHMIA-24NOV09-B83.5",
            "count": 10,
            "created_time": "2024-11-09T16:38:34.777051Z",
            "yes_price": 58,
            "no_price": 42,
            "taker_side": "yes"
        },
        {
            "trade_id": "b50aa01c-7b6f-4b7a-b01f-3eae5ec5552f",
            "ticker": "KXHIGHMIA-24NOV09-B83.5",
            "count": 40,
            "created_time": "2024-11-09T16:38:34.777051Z",
            "yes_price": 26,
            "no_price": 74,
            "taker_side": "yes"
        },
        {
            "trade_id": "a4bcb616-2405-469f-870d-fb6616fbd842",
            "ticker": "KXHIGHMIA-24NOV09-B83.5",
            "count": 10,
            "created_time": "2024-11-09T16:38:34.777051Z",
            "yes_price": 62,
            "no_price": 38,
            "taker_side": "yes"
        },
        {
            "trade_id": "a361d434-c4d5-4cf4-9075-845f9a53c031",
