{
    "KXHIGHMIA-24NOV05-T80": [
        {
            "trade_id": "e699e1c8-89ee-495c-a701-6e2a3e9d7973",
            "ticker": "KXHIGHMIA-24NOV05-T80",
            "count": 1,
            "created_time": "2024-11-06T04:28:56.191234Z",
            "yes_price": 1,
            "no_price": 99,
            "taker_side": "yes"
        },
        {
            "trade_id": "d65c0b1a-7d3a-46a7-bfa1-001885882f17",
            "ticker": "KXHIGHMIA-24NOV05-T80",
            "count": 1,
            "created_time": "2024-11-06T04:28:56.191234Z",
            "yes_price": 1,
            "no_price": 99,
            "taker_side": "yes"
        },
        {
            "trade_id": "bb15857d-5c80-4c80-b697-557926f1f587",
            "ticker": "KXHIGHMIA-24NOV05-T80",
            "count": 1,
            "created_time": "2024-11-06T04:28:56.191234Z",
            "yes_price": 1,
            "no_price": 99,
            "taker_side": "yes"
        },
        {
            "trade_id": "a965ecef-2f28-4f74-abb6-ce309e9e5a32",
            "ticker": "KXHIGHMIA-24NOV05-T80",
            "count": 200,
            "created_time": "2024-11-06T04:28:56.191234Z",
            "yes_price": 1,
            "no_price": 99,
            "taker_side": "yes"
        },
        {
            "trade_id": "9141e387-0a90-4459-848a-c924a5b1a851",
            "ticker": "KXHIGHMIA-24NOV05-T80",
            "count": 1,
            "created_time": "2024-11-06T04:28:56.191234Z",
            "yes_price": 1,
            "no_price": 99,
            "taker_side": "yes"
        },
        {
            "trade_id": "67ec3eb8-5067-4d9e-b135-05646a649347",
            "ticker": "KXHIGHMIA-24NOV05-T80",
            "count": 258,
            "created_time": "2024-11-06T04:28:56.191234Z",
            "yes_price": 1,
            "no_price": 99,
            "taker_side": "yes"
        },
        {
            "trade_id": "61994ea5-89e6-4430-850a-9f1b5c7596ca",
            "ticker": "KXHIGHMIA-24NOV05-T80",
            "count": 1,
            "created_time": "2024-11-06T04:28:56.191234Z",
            "yes_price": 1,
            "no_price": 99,
            "taker_side": "yes"
        },
        {
            "trade_id": "5ada86a0-983e-4592-9f3d-8385307c55bb",
            "ticker": "KXHIGHMIA-24NOV05-T80",
            "count": 10,
            "created_time": "2024-11-06T04:28:56.191234Z",
            "yes_price": 1,
            "no_price": 99,
            "taker_side": "yes"
        },
        {
            "trade_id": "4db9a3ee-f68a-4772-9205-1c108aa0403f",
            "ticker": "KXHIGHMIA-24NOV05-T80",
            "count": 1,
            "created_time": "2024-11-06T04:28:56.191234Z",
            "yes_price": 1,
            "no_price": 99,
            "taker_side": "yes"
        },
        {
            "trade_id": "4b2faa8b-47b6-46e5-8293-6ec598e18773",
            "ticker": "KXHIGHMIA-24NOV05-T80",
            "count": 1,
            "created_time": "2024-11-06T04:28:56.191234Z",
            "yes_price": 1,
            "no_price": 99,
            "taker_side": "yes"
        },
        {
            "trade_id": "4a30a4ec-03a7-441c-a8d9-a076ea43fefb",
            "ticker": "KXHIGHMIA-24NOV05-T80",
            "count": 200,
            "created_time": "2024-11-06T04:28:56.191234Z",
            "yes_price": 1,
            "no_price": 99,
            "taker_side": "yes"
        },
        {
            "trade_id": "39a63865-3748-4c51-865a-79572074a7a2",
            "ticker": "KXHIGHMIA-24NOV05-T80",
            "count": 100,
            "created_time": "2024-11-06T04:28:56.191234Z",
            "yes_price": 1,
            "no_price": 99,
            "taker_side": "yes"
        },
        {
            "trade_id": "2f12a244-a75b-4e41-93dc-b46865bd57ba",
            "ticker": "KXHIGHMIA-24NOV05-T80",
            "count": 146,
            "created_time": "2024-11-06T04:28:56.191234Z",
            "yes_price": 1,
            "no_price": 99,
            "taker_side": "yes"
        },
        {
            "trade_id": "2a8208bf-8ad8-4daf-b61c-c19d53927bda",
            "ticker": "KXHIGHMIA-24NOV05-T80",
            "count": 6,
            "created_time": "2024-11-06T04:28:56.191234Z",
            "yes_price": 1,
            "no_price": 99,
            "taker_side": "yes"
        },
        {
            "trade_id": "e10bfa4f-a275-485b-9d7a-f628b2f3e62a",
            "ticker": "KXHIGHMIA-24NOV05-T80",
            "count": 22,
            "created_time": "2024-11-04T16:34:46.558145Z",
            "yes_price": 1,
            "no_price": 99,
            "taker_side": "no"
        },
        {
            "trade_id": "32088786-18f8-4696-87a0-45f12a0f78a3",
            "ticker": "KXHIGHMIA-24NOV05-T80",
            "count": 28,
            "created_time": "2024-11-04T16:34:46.534113Z",
            "yes_price": 1,
            "no_price": 99,
            "taker_side": "no"
        }
    ],
    "KXHIGHMIA-24NOV05-B80.5": [
        {
            "trade_id": "bfff6c94-73ab-43e6-a8ca-3b3308fa363f",
            "ticker": "KXHIGHMIA-24NOV05-B80.5",
            "count": 2,
            "created_time": "2024-11-06T03:47:16.15732Z",
            "yes_price": 1,
            "no_price": 99,
            "taker_side": "yes"
        },
        {
            "trade_id": "67a380ca-2624-4e76-b875-a9e301b80122",
            "ticker": "KXHIGHMIA-24NOV05-B80.5",
            "count": 9156,
            "created_time": "2024-11-06T03:18:55.082055Z",
            "yes_price": 1,
            "no_price": 99,
            "taker_side": "yes"
        },
        {
            "trade_id": "345feaff-a52d-4cc5-b7b5-8d1299df0a64",
            "ticker": "KXHIGHMIA-24NOV05-B80.5",
            "count": 195,
            "created_time": "2024-11-06T03:18:55.082055Z",
            "yes_price": 1,
            "no_price": 99,
            "taker_side": "yes"
        },
        {
            "trade_id": "3a6f3b0b-6d16-410f-8dd0-14a4b50f6d1e",
            "ticker": "KXHIGHMIA-24NOV05-B80.5",
            "count": 2244,
            "created_time": "2024-11-06T02:59:46.111266Z",
            "yes_price": 1,
            "no_price": 99,
            "taker_side": "yes"
        },
        {
            "trade_id": "a9b468cd-d68f-4d45-9357-f43c27eea416",
            "ticker": "KXHIGHMIA-24NOV05-B80.5",
            "count": 93,
            "created_time": "2024-11-06T00:51:23.963085Z",
            "yes_price": 1,
            "no_price": 99,
            "taker_side": "yes"
        },
        {
            "trade_id": "35e3bebb-88ff-437e-ab29-dcd1d8c6745d",
            "ticker": "KXHIGHMIA-24NOV05-B80.5",
            "count": 2,
            "created_time": "2024-11-05T23:41:03.506086Z",
            "yes_price": 1,
            "no_price": 99,
            "taker_side": "yes"
        },
        {
            "trade_id": "7c823c5b-0843-4957-8f7e-f32db16fac6d",
            "ticker": "KXHIGHMIA-24NOV05-B80.5",
            "count": 467,
            "created_time": "2024-11-05T23:29:30.223929Z",
            "yes_price": 1,
            "no_price": 99,
            "taker_side": "yes"
        },
        {
            "trade_id": "80c70ac5-3f39-4c32-a699-93713ef78ef9",
            "ticker": "KXHIGHMIA-24NOV05-B80.5",
            "count": 93,
            "created_time": "2024-11-05T22:07:16.036478Z",
            "yes_price": 1,
            "no_price": 99,
            "taker_side": "yes"
        },
        {
            "trade_id": "10d083e0-1eb0-4231-9a66-f4498a61c9a8",
            "ticker": "KXHIGHMIA-24NOV05-B80.5",
            "count": 1028,
            "created_time": "2024-11-05T21:36:17.297703Z",
            "yes_price": 1,
            "no_price": 99,
            "taker_side": "yes"
        },
        {
            "trade_id": "bae92892-8be9-4d35-a0d0-33eb1af18b62",
            "ticker": "KXHIGHMIA-24NOV05-B80.5",
            "count": 16,
            "created_time": "2024-11-05T21:34:41.765329Z",
            "yes_price": 1,
            "no_price": 99,
            "taker_side": "yes"
        },
        {
            "trade_id": "041418b0-adcf-4626-9186-ee8fa7e23a0a",
            "ticker": "KXHIGHMIA-24NOV05-B80.5",
            "count": 935,
            "created_time": "2024-11-05T21:01:13.231034Z",
            "yes_price": 1,
            "no_price": 99,
            "taker_side": "yes"
        },
        {
            "trade_id": "f9dde894-b545-454f-a9e4-3129528c7f8b",
            "ticker": "KXHIGHMIA-24NOV05-B80.5",
            "count": 4675,
            "created_time": "2024-11-05T20:11:59.365756Z",
            "yes_price": 1,
            "no_price": 99,
            "taker_side": "yes"
        },
        {
            "trade_id": "f0e03c37-60f7-478e-b816-65f0ba576c08",
            "ticker": "KXHIGHMIA-24NOV05-B80.5",
            "count": 4675,
            "created_time": "2024-11-05T19:21:24.096504Z",
            "yes_price": 1,
            "no_price": 99,
            "taker_side": "yes"
        },
        {
            "trade_id": "918508e6-cb16-4a1d-a72e-52c727290b2c",
            "ticker": "KXHIGHMIA-24NOV05-B80.5",
            "count": 93,
            "created_time": "2024-11-05T18:35:40.041779Z",
            "yes_price": 1,
            "no_price": 99,
            "taker_side": "yes"
        },
        {
            "trade_id": "536672ed-2668-4483-8a18-f53a5a575ebb",
            "ticker": "KXHIGHMIA-24NOV05-B80.5",
            "count": 935,
            "created_time": "2024-11-05T17:40:35.972151Z",
            "yes_price": 1,
            "no_price": 99,
            "taker_side": "yes"
        },
        {
            "trade_id": "9364b02b-479e-4f3f-86e8-82eda8f42555",
            "ticker": "KXHIGHMIA-24NOV05-B80.5",
            "count": 93,
            "created_time": "2024-11-05T17:32:32.533823Z",
            "yes_price": 1,
            "no_price": 99,
            "taker_side": "yes"
        },
        {
            "trade_id": "2a5c7d33-549c-447d-823b-ee3ed092f34d",
            "ticker": "KXHIGHMIA-24NOV05-B80.5",
            "count": 467,
            "created_time": "2024-11-05T17:18:50.952952Z",
            "yes_price": 1,
            "no_price": 99,
            "taker_side": "yes"
        },
        {
            "trade_id": "d58b9f98-ebbd-42f9-b847-d0073d84d2cc",
            "ticker": "KXHIGHMIA-24NOV05-B80.5",
            "count": 4,
            "created_time": "2024-11-05T14:32:45.298068Z",
            "yes_price": 5,
            "no_price": 95,
            "taker_side": "yes"
        },
        {
            "trade_id": "640bdc92-a51c-4bfd-97d4-b5e6ebbd517e",
            "ticker": "KXHIGHMIA-24NOV05-B80.5",
            "count": 100,
            "created_time": "2024-11-05T14:32:45.298068Z",
            "yes_price": 4,
            "no_price": 96,
            "taker_side": "yes"
        },
        {
            "trade_id": "1b0e3131-4b1e-4c82-9e91-e5fc47e5f896",
            "ticker": "KXHIGHMIA-24NOV05-B80.5",
            "count": 45,
            "created_time": "2024-11-05T14:32:45.298068Z",
            "yes_price": 1,
            "no_price": 99,
            "taker_side": "yes"
        },
        {
            "trade_id": "20450692-b083-4504-9ab5-2a36a0a6a969",
            "ticker": "KXHIGHMIA-24NOV05-B80.5",
            "count": 11,
            "created_time": "2024-11-05T14:10:39.58965Z",
            "yes_price": 1,
            "no_price": 99,
            "taker_side": "no"
        },
        {
            "trade_id": "34de4f67-5f23-4fba-87fa-7a2c3eda0ec0",
            "ticker": "KXHIGHMIA-24NOV05-B80.5",
            "count": 5,
            "created_time": "2024-11-05T14:10:38.099849Z",
            "yes_price": 1,
            "no_price": 99,
            "taker_side": "no"
        },
        {
            "trade_id": "3253966e-9b55-4a67-b1df-e5c6927643af",
            "ticker": "KXHIGHMIA-24NOV05-B80.5",
            "count": 5,
            "created_time": "2024-11-05T14:08:54.123923Z",
            "yes_price": 1,
            "no_price": 99,
            "taker_side": "no"
        },
        {
            "trade_id": "81952672-a12e-4bdc-a735-a6f534fe4d5c",
            "ticker": "KXHIGHMIA-24NOV05-B80.5",
            "count": 6,
            "created_time": "2024-11-05T14:07:26.643222Z",
            "yes_price": 1,
            "no_price": 99,
            "taker_side": "no"
        },
        {
            "trade_id": "53c7d7b8-b6dd-4aff-805a-377dea063c5a",
            "ticker": "KXHIGHMIA-24NOV05-B80.5",
            "count": 14,
            "created_time": "2024-11-05T14:07:16.048166Z",
            "yes_price": 1,
            "no_price": 99,
            "taker_side": "no"
        },
        {
            "trade_id": "5841d4a0-cde2-4603-991b-b2abf1308c8c",
            "ticker": "KXHIGHMIA-24NOV05-B80.5",
            "count": 17,
            "created_time": "2024-11-05T13:48:05.2652Z",
            "yes_price": 1,
            "no_price": 99,
            "taker_side": "no"
        },
        {
            "trade_id": "f4df2974-22f4-4b27-b248-d684a121c7ad",
            "ticker": "KXHIGHMIA-24NOV05-B80.5",
            "count": 22,
            "created_time": "2024-11-05T13:47:56.817858Z",
            "yes_price": 1,
            "no_price": 99,
            "taker_side": "no"
        },
        {
            "trade_id": "b61668b0-e729-48b2-8e91-2efdcdfb2878",
            "ticker": "KXHIGHMIA-24NOV05-B80.5",
            "count": 2,
            "created_time": "2024-11-05T13:41:00.761353Z",
            "yes_price": 2,
            "no_price": 98,
            "taker_side": "no"
        },
        {
            "trade_id": "235ec75f-297b-48ac-98fc-b450ca7eefc5",
            "ticker": "KXHIGHMIA-24NOV05-B80.5",
            "count": 2,
            "created_time": "2024-11-05T13:33:58.696626Z",
            "yes_price": 2,
            "no_price": 98,
            "taker_side": "no"
        },
        {
            "trade_id": "06fc0611-4621-43bd-be2f-a0a9e5e76842",
            "ticker": "KXHIGHMIA-24NOV05-B80.5",
            "count": 6,
            "created_time": "2024-11-05T13:29:15.758651Z",
            "yes_price": 2,
            "no_price": 98,
            "taker_side": "no"
        },
        {
            "trade_id": "5b9217d5-31de-47cb-b3bd-a1d58936ac95",
            "ticker": "KXHIGHMIA-24NOV05-B80.5",
            "count": 20,
            "created_time": "2024-11-05T13:18:08.209056Z",
            "yes_price": 5,
            "no_price": 95,
            "taker_side": "no"
        },
        {
            "trade_id": "258fae9f-8799-4b77-81b9-7af0f67789ae",
            "ticker": "KXHIGHMIA-24NOV05-B80.5",
            "count": 2,
            "created_time": "2024-11-05T13:10:38.630602Z",
            "yes_price": 3,
            "no_price": 97,
            "taker_side": "no"
        },
        {
            "trade_id": "e669ada4-7a9c-4f21-8d85-07ded798f85c",
            "ticker": "KXHIGHMIA-24NOV05-B80.5",
            "count": 16,
            "created_time": "2024-11-05T12:51:21.172697Z",
            "yes_price": 3,
            "no_price": 97,
            "taker_side": "no"
        },
        {
            "trade_id": "df413953-63c4-48a2-bf49-1610e6c46d34",
            "ticker": "KXHIGHMIA-24NOV05-B80.5",
            "count": 9,
            "created_time": "2024-11-05T12:51:21.172697Z",
            "yes_price": 3,
            "no_price": 97,
            "taker_side": "no"
        },
        {
            "trade_id": "ee7c8f36-b3a5-4581-9d6f-98943ffbccec",
            "ticker": "KXHIGHMIA-24NOV05-B80.5",
            "count": 9,
            "created_time": "2024-11-05T12:43:15.736778Z",
            "yes_price": 3,
            "no_price": 97,
            "taker_side": "no"
        },
        {
            "trade_id": "b765be4a-118f-42d1-a74e-934e31695ffd",
            "ticker": "KXHIGHMIA-24NOV05-B80.5",
            "count": 3,
            "created_time": "2024-11-05T12:43:15.736778Z",
            "yes_price": 2,
            "no_price": 98,
            "taker_side": "no"
        },
        {
            "trade_id": "f32c9594-75be-437a-bf63-22103228eea4",
            "ticker": "KXHIGHMIA-24NOV05-B80.5",
            "count": 12,
            "created_time": "2024-11-05T12:31:21.892711Z",
            "yes_price": 3,
            "no_price": 97,
            "taker_side": "no"
        },
        {
            "trade_id": "b70468ab-a329-4fbe-a7ff-8a3931984e15",
            "ticker": "KXHIGHMIA-24NOV05-B80.5",
            "count": 6,
            "created_time": "2024-11-05T12:31:21.892711Z",
            "yes_price": 2,
            "no_price": 98,
            "taker_side": "no"
        },
        {
            "trade_id": "568be5cf-9d98-4f58-8985-a60628f8cbbf",
            "ticker": "KXHIGHMIA-24NOV05-B80.5",
            "count": 5,
            "created_time": "2024-11-05T12:30:46.446533Z",
            "yes_price": 3,
            "no_price": 97,
            "taker_side": "no"
        },
        {
            "trade_id": "e636c585-2645-410b-a925-945e22fce62f",
            "ticker": "KXHIGHMIA-24NOV05-B80.5",
            "count": 8,
            "created_time": "2024-11-05T12:28:03.565097Z",
            "yes_price": 3,
            "no_price": 97,
            "taker_side": "no"
        },
        {
            "trade_id": "05a8861d-54e8-40ea-aa36-40257afed8fb",
            "ticker": "KXHIGHMIA-24NOV05-B80.5",
            "count": 2,
            "created_time": "2024-11-05T12:09:18.188687Z",
            "yes_price": 4,
            "no_price": 96,
            "taker_side": "no"
        },
        {
            "trade_id": "cb729608-cea1-4cd1-8238-e14c1a5cb014",
            "ticker": "KXHIGHMIA-24NOV05-B80.5",
            "count": 5,
            "created_time": "2024-11-05T12:01:07.566173Z",
            "yes_price": 4,
            "no_price": 96,
            "taker_side": "no"
        },
        {
            "trade_id": "bb496503-7755-454c-91c1-ff708c78c02f",
            "ticker": "KXHIGHMIA-24NOV05-B80.5",
            "count": 13,
            "created_time": "2024-11-05T11:51:01.207212Z",
            "yes_price": 3,
            "no_price": 97,
            "taker_side": "no"
        },
        {
            "trade_id": "340c95f2-146a-4c28-b304-a3c113d355af",
            "ticker": "KXHIGHMIA-24NOV05-B80.5",
            "count": 1,
            "created_time": "2024-11-05T11:51:01.207212Z",
            "yes_price": 4,
            "no_price": 96,
            "taker_side": "no"
        },
        {
            "trade_id": "4000df3b-1da6-47a8-ad76-e19a9acbea6e",
            "ticker": "KXHIGHMIA-24NOV05-B80.5",
            "count": 1,
            "created_time": "2024-11-05T11:50:37.077636Z",
            "yes_price": 4,
            "no_price": 96,
            "taker_side": "no"
        },
        {
            "trade_id": "25d5cbff-9ff9-4a0d-bcce-fec1b269f0d5",
            "ticker": "KXHIGHMIA-24NOV05-B80.5",
            "count": 5,
            "created_time": "2024-11-05T11:48:49.899432Z",
            "yes_price": 4,
            "no_price": 96,
            "taker_side": "no"
        },
        {
            "trade_id": "9ea6b825-ea58-41dc-b33d-5727c2ece44c",
            "ticker": "KXHIGHMIA-24NOV05-B80.5",
            "count": 5,
            "created_time": "2024-11-05T08:49:59.364072Z",
            "yes_price": 6,
            "no_price": 94,
            "taker_side": "no"
        },
        {
            "trade_id": "5537bfda-657b-4794-b259-50f7e8315501",
            "ticker": "KXHIGHMIA-24NOV05-B80.5",
            "count": 62,
            "created_time": "2024-11-05T08:49:59.364072Z",
            "yes_price": 5,
            "no_price": 95,
            "taker_side": "no"
        },
        {
            "trade_id": "0bc5d008-085d-4cf9-b77c-66618e1bcdd5",
            "ticker": "KXHIGHMIA-24NOV05-B80.5",
            "count": 8,
            "created_time": "2024-11-05T08:49:59.364072Z",
            "yes_price": 5,
            "no_price": 95,
            "taker_side": "no"
        },
        {
            "trade_id": "3cb33166-5d83-45c0-a1be-2ee3f69e91c6",
            "ticker": "KXHIGHMIA-24NOV05-B80.5",
            "count": 3,
            "created_time": "2024-11-05T07:55:58.099193Z",
            "yes_price": 13,
            "no_price": 87,
            "taker_side": "no"
        },
        {
            "trade_id": "95359e10-1f40-49b4-a5cd-873e1a22abc9",
            "ticker": "KXHIGHMIA-24NOV05-B80.5",
            "count": 1,
            "created_time": "2024-11-05T07:04:55.26006Z",
            "yes_price": 14,
            "no_price": 86,
            "taker_side": "no"
        },
        {
            "trade_id": "9fbaa03f-05f5-4425-864d-591f03495dd7",
            "ticker": "KXHIGHMIA-24NOV05-B80.5",
            "count": 3,
            "created_time": "2024-11-05T07:04:11.22156Z",
            "yes_price": 14,
            "no_price": 86,
            "taker_side": "no"
        },
        {
            "trade_id": "1d5ea571-3a8d-49df-88e1-3d779c0420fa",
            "ticker": "KXHIGHMIA-24NOV05-B80.5",
            "count": 5,
            "created_time": "2024-11-05T06:45:59.20664Z",
            "yes_price": 13,
            "no_price": 87,
            "taker_side": "no"
        },
        {
            "trade_id": "d52d1ed2-fe7d-4d12-a6e8-27f0308d060a",
            "ticker": "KXHIGHMIA-24NOV05-B80.5",
            "count": 5,
            "created_time": "2024-11-05T05:08:12.527088Z",
            "yes_price": 13,
            "no_price": 87,
            "taker_side": "no"
        },
        {
            "trade_id": "bd74dcd5-adc4-4709-93ce-ce31d9ae428a",
            "ticker": "KXHIGHMIA-24NOV05-B80.5",
            "count": 5,
            "created_time": "2024-11-05T04:55:51.447199Z",
            "yes_price": 13,
            "no_price": 87,
            "taker_side": "no"
        },
        {
            "trade_id": "99593793-cdc6-499a-8626-b0212526c1b9",
            "ticker": "KXHIGHMIA-24NOV05-B80.5",
            "count": 4,
            "created_time": "2024-11-05T04:49:04.991089Z",
            "yes_price": 5,
            "no_price": 95,
            "taker_side": "no"
        },
        {
            "trade_id": "4bd29e35-8248-4445-9c76-40f9a3e4deaf",
            "ticker": "KXHIGHMIA-24NOV05-B80.5",
            "count": 5,
            "created_time": "2024-11-05T04:49:03.777488Z",
            "yes_price": 6,
            "no_price": 94,
            "taker_side": "no"
        },
        {
            "trade_id": "a60a1e96-533b-4bb5-aa40-be9df20e27e1",
            "ticker": "KXHIGHMIA-24NOV05-B80.5",
            "count": 1,
            "created_time": "2024-11-05T04:36:50.699047Z",
            "yes_price": 5,
            "no_price": 95,
            "taker_side": "no"
        },
        {
            "trade_id": "08d5b4d4-abd7-46c0-a61b-d0d1888945c3",
            "ticker": "KXHIGHMIA-24NOV05-B80.5",
            "count": 1,
            "created_time": "2024-11-05T04:36:49.961869Z",
            "yes_price": 5,
            "no_price": 95,
            "taker_side": "no"
        },
        {
            "trade_id": "ee4b4558-2986-4090-aaa8-a5eb11e3fc76",
            "ticker": "KXHIGHMIA-24NOV05-B80.5",
            "count": 5,
            "created_time": "2024-11-05T04:36:49.360159Z",
            "yes_price": 6,
            "no_price": 94,
            "taker_side": "no"
        },
        {
            "trade_id": "f89ce630-7572-4d36-bd4e-195f7019d005",
            "ticker": "KXHIGHMIA-24NOV05-B80.5",
            "count": 2,
            "created_time": "2024-11-04T22:55:55.748896Z",
            "yes_price": 8,
            "no_price": 92,
            "taker_side": "no"
        },
        {
            "trade_id": "f9a18978-bed8-4d7d-8103-332dc89c3678",
            "ticker": "KXHIGHMIA-24NOV05-B80.5",
            "count": 4,
            "created_time": "2024-11-04T20:31:00.47989Z",
            "yes_price": 7,
            "no_price": 93,
            "taker_side": "yes"
        },
        {
            "trade_id": "0f980879-a1b1-40cb-8265-7fc444d6e069",
            "ticker": "KXHIGHMIA-24NOV05-B80.5",
            "count": 4,
            "created_time": "2024-11-04T20:31:00.47989Z",
            "yes_price": 7,
            "no_price": 93,
            "taker_side": "yes"
        },
        {
            "trade_id": "ebc806cc-4012-47e5-82e8-c114c449c0b2",
            "ticker": "KXHIGHMIA-24NOV05-B80.5",
            "count": 6,
            "created_time": "2024-11-04T19:46:15.322157Z",
            "yes_price": 1,
            "no_price": 99,
            "taker_side": "yes"
        },
        {
            "trade_id": "d9accad3-c7ba-4126-8973-4cd73143cac0",
            "ticker": "KXHIGHMIA-24NOV05-B80.5",
            "count": 22,
            "created_time": "2024-11-04T16:34:46.566437Z",
            "yes_price": 1,
            "no_price": 99,
            "taker_side": "no"
        },
        {
            "trade_id": "8c3d3488-75d0-4c9d-8cf5-bf6db5b167a5",
            "ticker": "KXHIGHMIA-24NOV05-B80.5",
            "count": 28,
            "created_time": "2024-11-04T16:34:46.546087Z",
            "yes_price": 1,
            "no_price": 99,
            "taker_side": "no"
        }
    ],
    "KXHIGHMIA-24NOV05-B82.5": [
        {
            "trade_id": "7a7532be-381a-442c-95ff-52f860d6ced7",
            "ticker": "KXHIGHMIA-24NOV05-B82.5",
            "count": 2,
            "created_time": "2024-11-06T04:49:00.926388Z",
            "yes_price": 10,
            "no_price": 90,
            "taker_side": "yes"
        },
        {
            "trade_id": "5537cd2a-0dad-42ad-8940-55fe46a8272b",
            "ticker": "KXHIGHMIA-24NOV05-B82.5",
            "count": 15,
            "created_time": "2024-11-06T04:43:11.112333Z",
            "yes_price": 10,
            "no_price": 90,
            "taker_side": "yes"
        },
        {
            "trade_id": "c0330e85-a8b4-4c8c-b59f-8d4994ce2716",
            "ticker": "KXHIGHMIA-24NOV05-B82.5",
            "count": 1,
            "created_time": "2024-11-06T04:20:19.860712Z",
            "yes_price": 10,
            "no_price": 90,
            "taker_side": "yes"
        },
        {
            "trade_id": "5ef5805d-b870-4946-b20b-56242a86ce9c",
            "ticker": "KXHIGHMIA-24NOV05-B82.5",
            "count": 9,
            "created_time": "2024-11-06T03:56:05.133965Z",
            "yes_price": 10,
            "no_price": 90,
            "taker_side": "yes"
        },
        {
            "trade_id": "eee9a15b-bd5f-4b5c-a9dc-bdc34538a963",
            "ticker": "KXHIGHMIA-24NOV05-B82.5",
            "count": 7,
            "created_time": "2024-11-06T02:07:01.29691Z",
            "yes_price": 1,
            "no_price": 99,
            "taker_side": "no"
        },
        {
            "trade_id": "78ac4a90-6cde-45c2-8a4c-34c4d92447ff",
            "ticker": "KXHIGHMIA-24NOV05-B82.5",
            "count": 8,
            "created_time": "2024-11-06T02:07:01.29691Z",
            "yes_price": 8,
            "no_price": 92,
            "taker_side": "no"
        },
        {
            "trade_id": "16e0ab89-cf13-4204-907c-85fbaa26cab6",
            "ticker": "KXHIGHMIA-24NOV05-B82.5",
            "count": 6,
            "created_time": "2024-11-06T02:06:48.259564Z",
            "yes_price": 8,
            "no_price": 92,
            "taker_side": "no"
        },
        {
            "trade_id": "7d8c5351-5e85-4a6a-976b-82d15b35b168",
            "ticker": "KXHIGHMIA-24NOV05-B82.5",
            "count": 6,
            "created_time": "2024-11-06T02:06:48.179724Z",
            "yes_price": 8,
            "no_price": 92,
            "taker_side": "no"
        },
        {
            "trade_id": "9d896153-30fd-4bd9-b054-f4e1a680cece",
            "ticker": "KXHIGHMIA-24NOV05-B82.5",
            "count": 36,
            "created_time": "2024-11-06T02:06:31.043752Z",
            "yes_price": 10,
            "no_price": 90,
            "taker_side": "yes"
        },
        {
            "trade_id": "36e019a7-0e2f-4f28-ac71-1feb02f55b1c",
            "ticker": "KXHIGHMIA-24NOV05-B82.5",
            "count": 17,
            "created_time": "2024-11-06T02:06:31.043752Z",
            "yes_price": 8,
            "no_price": 92,
            "taker_side": "yes"
        },
        {
            "trade_id": "0d3ebeb8-78c8-4b49-a3b7-0266a8b0d070",
            "ticker": "KXHIGHMIA-24NOV05-B82.5",
            "count": 49,
            "created_time": "2024-11-06T02:06:31.043752Z",
            "yes_price": 9,
            "no_price": 91,
            "taker_side": "yes"
        },
        {
            "trade_id": "b0a8f835-0b50-41fa-878e-5d8c739787b9",
            "ticker": "KXHIGHMIA-24NOV05-B82.5",
            "count": 51,
            "created_time": "2024-11-06T01:03:24.606646Z",
            "yes_price": 9,
            "no_price": 91,
            "taker_side": "yes"
        },
        {
            "trade_id": "2812c8e4-e860-483d-81c6-fa2095238ed7",
            "ticker": "KXHIGHMIA-24NOV05-B82.5",
            "count": 1,
            "created_time": "2024-11-06T01:03:24.606646Z",
            "yes_price": 5,
            "no_price": 95,
            "taker_side": "yes"
        },
        {
            "trade_id": "d853cae2-d0c5-4e13-8569-d9ce5da87bd7",
            "ticker": "KXHIGHMIA-24NOV05-B82.5",
            "count": 30,
            "created_time": "2024-11-06T01:00:01.066245Z",
            "yes_price": 3,
            "no_price": 97,
            "taker_side": "yes"
        },
        {
            "trade_id": "f04f5992-dfba-45eb-852c-84e54fb762f0",
            "ticker": "KXHIGHMIA-24NOV05-B82.5",
            "count": 70,
            "created_time": "2024-11-06T00:22:43.988814Z",
            "yes_price": 3,
            "no_price": 97,
            "taker_side": "yes"
        },
        {
            "trade_id": "cb34efa2-4162-4bac-a53a-fbddc27d64ce",
            "ticker": "KXHIGHMIA-24NOV05-B82.5",
            "count": 681,
            "created_time": "2024-11-05T23:39:05.010196Z",
            "yes_price": 2,
            "no_price": 98,
            "taker_side": "no"
        },
        {
            "trade_id": "21525bd0-8d53-4a3b-9db8-954850028f25",
            "ticker": "KXHIGHMIA-24NOV05-B82.5",
            "count": 319,
            "created_time": "2024-11-05T23:28:13.393936Z",
            "yes_price": 2,
            "no_price": 98,
            "taker_side": "no"
        },
        {
            "trade_id": "e460be16-a521-44c2-80af-e4dd32e41749",
            "ticker": "KXHIGHMIA-24NOV05-B82.5",
            "count": 90,
            "created_time": "2024-11-05T23:18:50.525968Z",
            "yes_price": 10,
            "no_price": 90,
            "taker_side": "yes"
        },
        {
            "trade_id": "bb9be769-bcd8-4f3d-bf3d-3b8c8bd15ab3",
            "ticker": "KXHIGHMIA-24NOV05-B82.5",
            "count": 60,
            "created_time": "2024-11-05T23:18:50.525968Z",
            "yes_price": 6,
            "no_price": 94,
            "taker_side": "yes"
        },
        {
            "trade_id": "4fabc9e9-2902-420e-90cd-005927f58f70",
            "ticker": "KXHIGHMIA-24NOV05-B82.5",
            "count": 43,
            "created_time": "2024-11-05T22:21:35.216488Z",
            "yes_price": 8,
            "no_price": 92,
            "taker_side": "yes"
        },
        {
            "trade_id": "7459ce88-4e7a-4bf6-bf6a-71d99dcea619",
            "ticker": "KXHIGHMIA-24NOV05-B82.5",
            "count": 208,
            "created_time": "2024-11-05T22:16:08.770298Z",
            "yes_price": 9,
            "no_price": 91,
            "taker_side": "yes"
        },
        {
            "trade_id": "88460fa0-e5b9-4752-995f-0b36a89bd612",
            "ticker": "KXHIGHMIA-24NOV05-B82.5",
            "count": 11,
            "created_time": "2024-11-05T22:15:21.639754Z",
            "yes_price": 8,
            "no_price": 92,
            "taker_side": "yes"
        },
        {
            "trade_id": "298c311c-1c07-49d4-a832-1a15c7875b7a",
            "ticker": "KXHIGHMIA-24NOV05-B82.5",
            "count": 58,
            "created_time": "2024-11-05T22:08:36.427195Z",
            "yes_price": 8,
            "no_price": 92,
            "taker_side": "yes"
        },
        {
            "trade_id": "4afa7bb4-c475-4161-accb-c6fc354d792b",
            "ticker": "KXHIGHMIA-24NOV05-B82.5",
            "count": 1000,
            "created_time": "2024-11-05T22:03:21.19591Z",
            "yes_price": 8,
            "no_price": 92,
            "taker_side": "yes"
        },
        {
            "trade_id": "0b77f429-9a71-48e4-8310-c4c887be37e4",
            "ticker": "KXHIGHMIA-24NOV05-B82.5",
            "count": 100,
            "created_time": "2024-11-05T22:03:21.19591Z",
            "yes_price": 7,
            "no_price": 93,
            "taker_side": "yes"
        },
        {
            "trade_id": "0cf8d12f-d750-4ed3-8401-219b12df8192",
            "ticker": "KXHIGHMIA-24NOV05-B82.5",
            "count": 54,
            "created_time": "2024-11-05T21:57:05.284381Z",
            "yes_price": 7,
            "no_price": 93,
            "taker_side": "yes"
        },
        {
            "trade_id": "7ea0a6ce-d035-48c8-ab65-f88c9cdd8b61",
            "ticker": "KXHIGHMIA-24NOV05-B82.5",
            "count": 31,
            "created_time": "2024-11-05T21:37:44.200122Z",
            "yes_price": 7,
            "no_price": 93,
            "taker_side": "yes"
        },
        {
            "trade_id": "7719b6d7-aa89-4e42-912a-8c8fc95ba1a7",
            "ticker": "KXHIGHMIA-24NOV05-B82.5",
            "count": 10,
            "created_time": "2024-11-05T21:37:44.200122Z",
            "yes_price": 6,
            "no_price": 94,
            "taker_side": "yes"
        },
        {
            "trade_id": "45e31e67-4e6f-43cf-8a9c-6b631a3afbe5",
            "ticker": "KXHIGHMIA-24NOV05-B82.5",
            "count": 500,
            "created_time": "2024-11-05T21:07:55.743092Z",
            "yes_price": 3,
            "no_price": 97,
            "taker_side": "no"
        },
        {
            "trade_id": "1b3b145b-3449-437e-8cd3-2b071bc436cd",
            "ticker": "KXHIGHMIA-24NOV05-B82.5",
            "count": 150,
            "created_time": "2024-11-05T21:06:55.399071Z",
            "yes_price": 8,
            "no_price": 92,
            "taker_side": "yes"
        },
        {
            "trade_id": "c292bbbb-baae-40fd-b1e7-e37c13b8b4ff",
            "ticker": "KXHIGHMIA-24NOV05-B82.5",
            "count": 100,
            "created_time": "2024-11-05T21:06:41.940142Z",
            "yes_price": 8,
            "no_price": 92,
            "taker_side": "no"
        },
        {
            "trade_id": "0d89b840-5a5f-46d8-8d37-c309d52fe5ab",
            "ticker": "KXHIGHMIA-24NOV05-B82.5",
            "count": 150,
            "created_time": "2024-11-05T21:06:41.85666Z",
            "yes_price": 8,
            "no_price": 92,
            "taker_side": "yes"
        },
        {
            "trade_id": "9a924dcc-d7a7-4a90-b70a-64b1acb279dc",
            "ticker": "KXHIGHMIA-24NOV05-B82.5",
            "count": 117,
            "created_time": "2024-11-05T21:03:46.030818Z",
            "yes_price": 8,
            "no_price": 92,
            "taker_side": "yes"
        },
        {
            "trade_id": "e4bcb718-1d9f-4d24-b187-90f526c1d0dc",
            "ticker": "KXHIGHMIA-24NOV05-B82.5",
            "count": 100,
            "created_time": "2024-11-05T21:02:39.62686Z",
            "yes_price": 6,
            "no_price": 94,
            "taker_side": "yes"
        },
        {
            "trade_id": "94a9fd54-a0cb-49d3-826e-2adbb681b93c",
            "ticker": "KXHIGHMIA-24NOV05-B82.5",
            "count": 100,
            "created_time": "2024-11-05T21:02:39.62686Z",
            "yes_price": 5,
            "no_price": 95,
            "taker_side": "yes"
        },
        {
            "trade_id": "60c370ae-344b-4d99-b600-e66a17cc8c91",
            "ticker": "KXHIGHMIA-24NOV05-B82.5",
            "count": 100,
            "created_time": "2024-11-05T21:02:39.62686Z",
            "yes_price": 8,
            "no_price": 92,
            "taker_side": "yes"
        },
        {
            "trade_id": "43163c13-554b-46a5-a22e-870e89d6553c",
            "ticker": "KXHIGHMIA-24NOV05-B82.5",
            "count": 100,
            "created_time": "2024-11-05T21:02:39.62686Z",
            "yes_price": 9,
            "no_price": 91,
            "taker_side": "yes"
        },
        {
            "trade_id": "4176218a-8ad1-4e34-8567-8815acfe5cdf",
            "ticker": "KXHIGHMIA-24NOV05-B82.5",
            "count": 10,
            "created_time": "2024-11-05T21:02:39.62686Z",
            "yes_price": 38,
            "no_price": 62,
            "taker_side": "yes"
        },
        {
            "trade_id": "2598a6a0-292d-4d59-b5ee-aa01526f6159",
            "ticker": "KXHIGHMIA-24NOV05-B82.5",
            "count": 100,
            "created_time": "2024-11-05T21:02:39.62686Z",
            "yes_price": 5,
            "no_price": 95,
            "taker_side": "yes"
        },
        {
            "trade_id": "257e9bef-fc93-45e1-9b79-2199be9ee3a7",
            "ticker": "KXHIGHMIA-24NOV05-B82.5",
            "count": 8,
            "created_time": "2024-11-05T21:02:39.62686Z",
            "yes_price": 38,
            "no_price": 62,
            "taker_side": "yes"
        },
        {
            "trade_id": "0cb8c6bd-892d-4ebf-a92c-89fe62683b8e",
            "ticker": "KXHIGHMIA-24NOV05-B82.5",
            "count": 100,
            "created_time": "2024-11-05T21:02:39.62686Z",
            "yes_price": 7,
            "no_price": 93,
            "taker_side": "yes"
        },
        {
            "trade_id": "c6f34214-a52a-4fdf-8f37-23970db8afa2",
            "ticker": "KXHIGHMIA-24NOV05-B82.5",
            "count": 18,
            "created_time": "2024-11-05T20:57:45.1933Z",
            "yes_price": 5,
            "no_price": 95,
            "taker_side": "yes"
        },
        {
            "trade_id": "bf50b127-3ce3-4093-812f-ae4b32476827",
            "ticker": "KXHIGHMIA-24NOV05-B82.5",
            "count": 87,
            "created_time": "2024-11-05T20:21:27.141208Z",
            "yes_price": 5,
            "no_price": 95,
            "taker_side": "yes"
        },
        {
            "trade_id": "3a5e9b36-e29e-4262-b0c9-39f2269d487c",
            "ticker": "KXHIGHMIA-24NOV05-B82.5",
            "count": 8,
            "created_time": "2024-11-05T20:21:27.141208Z",
            "yes_price": 1,
            "no_price": 99,
            "taker_side": "yes"
        },
        {
            "trade_id": "1be69513-830b-4027-a528-d626c5f19153",
            "ticker": "KXHIGHMIA-24NOV05-B82.5",
            "count": 5,
            "created_time": "2024-11-05T20:21:27.141208Z",
            "yes_price": 4,
            "no_price": 96,
            "taker_side": "yes"
        },
        {
            "trade_id": "e67a9a24-3348-4c2c-8a31-6442f26d62aa",
            "ticker": "KXHIGHMIA-24NOV05-B82.5",
            "count": 15,
            "created_time": "2024-11-05T19:43:28.935068Z",
            "yes_price": 2,
            "no_price": 98,
            "taker_side": "yes"
        },
        {
            "trade_id": "b61c0b88-2164-46f2-9ced-e1abf62c1098",
            "ticker": "KXHIGHMIA-24NOV05-B82.5",
            "count": 40,
            "created_time": "2024-11-05T19:43:28.935068Z",
            "yes_price": 5,
            "no_price": 95,
            "taker_side": "yes"
        },
        {
            "trade_id": "757892e9-a3ac-481d-9cbf-192a277ac284",
            "ticker": "KXHIGHMIA-24NOV05-B82.5",
            "count": 125,
            "created_time": "2024-11-05T19:43:28.935068Z",
            "yes_price": 4,
            "no_price": 96,
            "taker_side": "yes"
        },
        {
            "trade_id": "62843bd8-a096-4096-b772-4bd2dacac14f",
            "ticker": "KXHIGHMIA-24NOV05-B82.5",
            "count": 100,
            "created_time": "2024-11-05T19:43:28.935068Z",
            "yes_price": 3,
            "no_price": 97,
            "taker_side": "yes"
        },
        {
            "trade_id": "5c1f4090-4227-42d7-9edf-94f62dc7aebb",
            "ticker": "KXHIGHMIA-24NOV05-B82.5",
            "count": 108,
            "created_time": "2024-11-05T19:43:28.935068Z",
            "yes_price": 3,
            "no_price": 97,
            "taker_side": "yes"
        },
        {
            "trade_id": "53ef92ec-91f9-4362-ae8e-37e7bbeb32e3",
            "ticker": "KXHIGHMIA-24NOV05-B82.5",
            "count": 198,
            "created_time": "2024-11-05T19:43:28.935068Z",
            "yes_price": 6,
            "no_price": 94,
            "taker_side": "yes"
        },
        {
            "trade_id": "1f459ca9-8e49-4a57-b067-3941f8fff3b7",
            "ticker": "KXHIGHMIA-24NOV05-B82.5",
            "count": 33,
            "created_time": "2024-11-05T19:43:28.935068Z",
            "yes_price": 2,
            "no_price": 98,
            "taker_side": "yes"
        },
        {
            "trade_id": "1eb4320a-480b-4e9e-9775-b7b141ff582d",
            "ticker": "KXHIGHMIA-24NOV05-B82.5",
            "count": 132,
            "created_time": "2024-11-05T19:43:28.935068Z",
            "yes_price": 5,
            "no_price": 95,
            "taker_side": "yes"
        },
        {
            "trade_id": "0c20412a-b0b1-4d22-b4ab-91a905f2784d",
            "ticker": "KXHIGHMIA-24NOV05-B82.5",
            "count": 20,
            "created_time": "2024-11-05T19:43:28.935068Z",
            "yes_price": 1,
            "no_price": 99,
            "taker_side": "yes"
        },
        {
            "trade_id": "503b8809-a186-4cd7-8fb7-7182580ddebb",
            "ticker": "KXHIGHMIA-24NOV05-B82.5",
            "count": 1364,
            "created_time": "2024-11-05T19:37:38.5658Z",
            "yes_price": 1,
            "no_price": 99,
            "taker_side": "yes"
        },
        {
            "trade_id": "47c20c2b-55aa-46ad-9429-4135b5b94a1d",
            "ticker": "KXHIGHMIA-24NOV05-B82.5",
            "count": 110,
            "created_time": "2024-11-05T19:37:38.5658Z",
            "yes_price": 2,
            "no_price": 98,
            "taker_side": "yes"
        },
        {
            "trade_id": "193d5918-492d-4745-9161-0900db058427",
            "ticker": "KXHIGHMIA-24NOV05-B82.5",
            "count": 258,
            "created_time": "2024-11-05T19:37:38.5658Z",
            "yes_price": 1,
            "no_price": 99,
            "taker_side": "yes"
        },
        {
            "trade_id": "051a5830-30f9-47aa-b117-0713f53059ee",
            "ticker": "KXHIGHMIA-24NOV05-B82.5",
            "count": 9,
            "created_time": "2024-11-05T19:37:38.5658Z",
            "yes_price": 3,
            "no_price": 97,
            "taker_side": "yes"
        },
        {
            "trade_id": "f58ea1d9-1a83-4b14-a155-3d5b14560d9b",
            "ticker": "KXHIGHMIA-24NOV05-B82.5",
            "count": 1870,
            "created_time": "2024-11-05T19:35:07.80502Z",
            "yes_price": 1,
            "no_price": 99,
            "taker_side": "yes"
        },
        {
            "trade_id": "c6cc9720-ee9d-43fe-8729-f78ab8176f83",
            "ticker": "KXHIGHMIA-24NOV05-B82.5",
            "count": 2337,
            "created_time": "2024-11-05T19:28:53.290742Z",
            "yes_price": 1,
            "no_price": 99,
            "taker_side": "yes"
        },
        {
            "trade_id": "d4f3b84c-9dac-4643-89d0-2058d3ffa3e6",
            "ticker": "KXHIGHMIA-24NOV05-B82.5",
            "count": 2805,
            "created_time": "2024-11-05T19:19:21.889885Z",
            "yes_price": 1,
            "no_price": 99,
            "taker_side": "yes"
        },
        {
            "trade_id": "639e9f10-946d-49ca-acc3-5175b9399b15",
            "ticker": "KXHIGHMIA-24NOV05-B82.5",
            "count": 935,
            "created_time": "2024-11-05T19:16:34.308025Z",
            "yes_price": 1,
            "no_price": 99,
            "taker_side": "yes"
        },
        {
            "trade_id": "eae48968-f1e9-49cb-8307-9e5a613654de",
            "ticker": "KXHIGHMIA-24NOV05-B82.5",
            "count": 25,
            "created_time": "2024-11-05T19:13:39.804425Z",
            "yes_price": 1,
            "no_price": 99,
            "taker_side": "yes"
        },
        {
            "trade_id": "ca769935-86dc-4eb4-9203-4698b6319d84",
            "ticker": "KXHIGHMIA-24NOV05-B82.5",
            "count": 467,
            "created_time": "2024-11-05T19:13:09.762826Z",
            "yes_price": 1,
            "no_price": 99,
            "taker_side": "yes"
        },
        {
            "trade_id": "5c76f388-d22d-480d-8ace-5ed73d6e8f6f",
            "ticker": "KXHIGHMIA-24NOV05-B82.5",
            "count": 9351,
            "created_time": "2024-11-05T19:12:03.911918Z",
            "yes_price": 1,
            "no_price": 99,
            "taker_side": "yes"
        },
        {
            "trade_id": "8a61a4c6-f4f9-4d3b-8f81-d2aa9f3845de",
            "ticker": "KXHIGHMIA-24NOV05-B82.5",
            "count": 467,
            "created_time": "2024-11-05T19:10:28.275865Z",
            "yes_price": 1,
            "no_price": 99,
            "taker_side": "yes"
        },
        {
            "trade_id": "8afe61ff-b670-4661-b893-944bbe2401e1",
            "ticker": "KXHIGHMIA-24NOV05-B82.5",
            "count": 37,
            "created_time": "2024-11-05T19:08:11.269294Z",
            "yes_price": 1,
            "no_price": 99,
            "taker_side": "yes"
        },
        {
            "trade_id": "f2284800-b25f-44e8-adb8-bde20eefc375",
            "ticker": "KXHIGHMIA-24NOV05-B82.5",
            "count": 55,
            "created_time": "2024-11-05T19:07:45.587279Z",
            "yes_price": 1,
            "no_price": 99,
            "taker_side": "yes"
        },
        {
            "trade_id": "e128ed65-51a5-4e7d-bb31-14d7ca5e4b7a",
            "ticker": "KXHIGHMIA-24NOV05-B82.5",
            "count": 4675,
            "created_time": "2024-11-05T19:06:21.416507Z",
            "yes_price": 1,
            "no_price": 99,
            "taker_side": "yes"
        },
        {
            "trade_id": "69b2adc8-a28c-4b96-b7d1-cd54795d78b8",
            "ticker": "KXHIGHMIA-24NOV05-B82.5",
            "count": 58,
            "created_time": "2024-11-05T19:06:01.919732Z",
            "yes_price": 1,
            "no_price": 99,
            "taker_side": "yes"
        },
        {
            "trade_id": "a46f6f1a-f78b-47d4-b8dd-8aa79f3a340a",
            "ticker": "KXHIGHMIA-24NOV05-B82.5",
            "count": 80,
            "created_time": "2024-11-05T19:05:41.790435Z",
            "yes_price": 1,
            "no_price": 99,
            "taker_side": "yes"
        },
        {
            "trade_id": "42cc5967-7454-45f1-b2e2-e03778ed95f3",
            "ticker": "KXHIGHMIA-24NOV05-B82.5",
            "count": 26,
            "created_time": "2024-11-05T19:02:25.414298Z",
            "yes_price": 1,
            "no_price": 99,
            "taker_side": "yes"
        },
        {
            "trade_id": "bb2eeca8-6218-469b-9e04-a4c4cbee3859",
            "ticker": "KXHIGHMIA-24NOV05-B82.5",
            "count": 40,
            "created_time": "2024-11-05T19:02:15.784821Z",
            "yes_price": 1,
            "no_price": 99,
            "taker_side": "yes"
        },
        {
            "trade_id": "9ce611b4-4b3a-4ea9-a6ca-cb044abb383c",
            "ticker": "KXHIGHMIA-24NOV05-B82.5",
            "count": 80,
            "created_time": "2024-11-05T19:00:47.951756Z",
            "yes_price": 1,
            "no_price": 99,
            "taker_side": "yes"
        },
        {
            "trade_id": "a7f5ff82-9519-46eb-a42a-3b64f500e554",
            "ticker": "KXHIGHMIA-24NOV05-B82.5",
            "count": 24,
            "created_time": "2024-11-05T18:57:07.717723Z",
            "yes_price": 1,
            "no_price": 99,
            "taker_side": "yes"
        },
        {
            "trade_id": "8e93f2e6-f317-4ce0-8318-4dfd3a0efc64",
            "ticker": "KXHIGHMIA-24NOV05-B82.5",
            "count": 74,
            "created_time": "2024-11-05T18:55:45.900339Z",
            "yes_price": 1,
            "no_price": 99,
            "taker_side": "yes"
        },
        {
            "trade_id": "3206b8e2-17ad-4d5e-a922-f318f58b57c2",
            "ticker": "KXHIGHMIA-24NOV05-B82.5",
            "count": 6,
            "created_time": "2024-11-05T18:55:45.900339Z",
            "yes_price": 1,
            "no_price": 99,
            "taker_side": "yes"
        },
        {
            "trade_id": "eb6464c3-6e0b-4226-a5f0-b3521882f8d2",
            "ticker": "KXHIGHMIA-24NOV05-B82.5",
            "count": 3,
            "created_time": "2024-11-05T18:55:32.936655Z",
            "yes_price": 1,
            "no_price": 99,
            "taker_side": "no"
        },
        {
            "trade_id": "3a6ad716-3c8b-41bc-90c1-2d5081600754",
            "ticker": "KXHIGHMIA-24NOV05-B82.5",
            "count": 49,
            "created_time": "2024-11-05T18:55:32.936655Z",
            "yes_price": 1,
            "no_price": 99,
            "taker_side": "no"
        },
        {
            "trade_id": "d89d9e25-3653-489e-9c9f-07582d930358",
            "ticker": "KXHIGHMIA-24NOV05-B82.5",
            "count": 10,
            "created_time": "2024-11-05T18:54:39.883867Z",
            "yes_price": 19,
            "no_price": 81,
            "taker_side": "yes"
        },
        {
            "trade_id": "c2e5c6fc-43cc-4d77-8f07-d9694f00f236",
            "ticker": "KXHIGHMIA-24NOV05-B82.5",
            "count": 176,
            "created_time": "2024-11-05T18:54:39.883867Z",
            "yes_price": 20,
            "no_price": 80,
            "taker_side": "yes"
        },
        {
            "trade_id": "aa0bf7b0-57ee-4fb5-aa7f-c4747760fc8f",
            "ticker": "KXHIGHMIA-24NOV05-B82.5",
            "count": 10,
            "created_time": "2024-11-05T18:54:39.883867Z",
            "yes_price": 17,
            "no_price": 83,
            "taker_side": "yes"
        },
        {
            "trade_id": "7cc5cb5e-682b-4eb7-a4ec-dce0938bd311",
            "ticker": "KXHIGHMIA-24NOV05-B82.5",
            "count": 10,
            "created_time": "2024-11-05T18:54:39.883867Z",
            "yes_price": 37,
            "no_price": 63,
            "taker_side": "yes"
        },
        {
            "trade_id": "692de51d-0271-4e03-840b-4af81238c3b1",
            "ticker": "KXHIGHMIA-24NOV05-B82.5",
            "count": 10,
            "created_time": "2024-11-05T18:54:39.883867Z",
            "yes_price": 21,
            "no_price": 79,
            "taker_side": "yes"
        },
        {
            "trade_id": "51dfee30-1d20-4214-bc7a-c5258ba06de7",
            "ticker": "KXHIGHMIA-24NOV05-B82.5",
            "count": 10,
            "created_time": "2024-11-05T18:54:39.883867Z",
            "yes_price": 28,
            "no_price": 72,
            "taker_side": "yes"
        },
        {
            "trade_id": "4b245e0e-60a2-47e8-86eb-4c3a64c7a763",
            "ticker": "KXHIGHMIA-24NOV05-B82.5",
            "count": 10,
            "created_time": "2024-11-05T18:54:39.883867Z",
            "yes_price": 16,
            "no_price": 84,
            "taker_side": "yes"
        },
        {
            "trade_id": "37d92e47-453e-4752-8b41-39be803f485f",
            "ticker": "KXHIGHMIA-24NOV05-B82.5",
            "count": 9,
            "created_time": "2024-11-05T18:54:39.883867Z",
            "yes_price": 37,
            "no_price": 63,
            "taker_side": "yes"
        },
        {
            "trade_id": "379e3527-01f8-40c5-8233-576093f931ce",
            "ticker": "KXHIGHMIA-24NOV05-B82.5",
            "count": 10,
            "created_time": "2024-11-05T18:54:39.883867Z",
            "yes_price": 22,
            "no_price": 78,
            "taker_side": "yes"
        },
        {
            "trade_id": "337b7df4-ea16-46bb-9b0e-622d1da82c27",
            "ticker": "KXHIGHMIA-24NOV05-B82.5",
            "count": 10,
            "created_time": "2024-11-05T18:54:39.883867Z",
            "yes_price": 26,
            "no_price": 74,
            "taker_side": "yes"
        },
        {
            "trade_id": "31322c4f-c15d-427b-a594-1df5bf6e6357",
            "ticker": "KXHIGHMIA-24NOV05-B82.5",
            "count": 44,
            "created_time": "2024-11-05T18:54:39.883867Z",
            "yes_price": 15,
            "no_price": 85,
            "taker_side": "yes"
        },
        {
            "trade_id": "17857c51-58c1-4322-9bfb-3d34769b8446",
            "ticker": "KXHIGHMIA-24NOV05-B82.5",
            "count": 10,
            "created_time": "2024-11-05T18:54:39.883867Z",
            "yes_price": 20,
            "no_price": 80,
            "taker_side": "yes"
        },
        {
            "trade_id": "c2a5df7c-ea98-43d0-93d4-26716a617266",
            "ticker": "KXHIGHMIA-24NOV05-B82.5",
            "count": 50,
            "created_time": "2024-11-05T18:54:33.564983Z",
            "yes_price": 2,
            "no_price": 98,
            "taker_side": "no"
        },
        {
            "trade_id": "1300a181-a74c-46b7-9bd8-57a8ba68b966",
            "ticker": "KXHIGHMIA-24NOV05-B82.5",
            "count": 4,
            "created_time": "2024-11-05T18:36:01.040757Z",
            "yes_price": 21,
            "no_price": 79,
            "taker_side": "yes"
        },
        {
            "trade_id": "361832f2-40a0-48d8-aff5-611efb60534d",
            "ticker": "KXHIGHMIA-24NOV05-B82.5",
            "count": 1,
            "created_time": "2024-11-05T18:18:54.236173Z",
            "yes_price": 15,
            "no_price": 85,
            "taker_side": "yes"
        },
        {
            "trade_id": "7e84a0f2-cff8-49b3-8d74-0a6fa9e2f292",
            "ticker": "KXHIGHMIA-24NOV05-B82.5",
            "count": 32,
            "created_time": "2024-11-05T18:12:48.386356Z",
            "yes_price": 16,
            "no_price": 84,
            "taker_side": "yes"
        },
        {
            "trade_id": "03304a38-f84c-4445-8a21-7f163eff2b8a",
            "ticker": "KXHIGHMIA-24NOV05-B82.5",
            "count": 70,
            "created_time": "2024-11-05T18:04:12.176731Z",
            "yes_price": 11,
            "no_price": 89,
            "taker_side": "no"
        },
        {
            "trade_id": "40f13f17-d1f1-4080-9c5b-9ef29eafe5b3",
            "ticker": "KXHIGHMIA-24NOV05-B82.5",
            "count": 10,
            "created_time": "2024-11-05T18:01:19.33694Z",
            "yes_price": 11,
            "no_price": 89,
            "taker_side": "no"
        },
        {
            "trade_id": "05aef854-dfae-4a3a-af49-070bfb26d5bc",
            "ticker": "KXHIGHMIA-24NOV05-B82.5",
            "count": 20,
            "created_time": "2024-11-05T17:56:14.845005Z",
            "yes_price": 13,
            "no_price": 87,
            "taker_side": "no"
        },
        {
            "trade_id": "7a6ad877-df4c-4960-b68d-210f35e776f3",
            "ticker": "KXHIGHMIA-24NOV05-B82.5",
            "count": 25,
            "created_time": "2024-11-05T17:55:35.984666Z",
            "yes_price": 15,
            "no_price": 85,
            "taker_side": "no"
        },
        {
            "trade_id": "9593bf28-b777-4957-a692-bae0cabbefa2",
            "ticker": "KXHIGHMIA-24NOV05-B82.5",
            "count": 10,
            "created_time": "2024-11-05T17:50:04.328114Z",
            "yes_price": 16,
            "no_price": 84,
            "taker_side": "no"
        },
        {
            "trade_id": "523f3105-d412-462e-98bd-27fb3ac75092",
            "ticker": "KXHIGHMIA-24NOV05-B82.5",
            "count": 20,
            "created_time": "2024-11-05T17:47:42.074713Z",
            "yes_price": 16,
            "no_price": 84,
            "taker_side": "no"
        },
        {
            "trade_id": "a43cf6f9-84f6-49aa-bc43-cf7b7daeb274",
            "ticker": "KXHIGHMIA-24NOV05-B82.5",
            "count": 20,
            "created_time": "2024-11-05T17:41:09.406249Z",
            "yes_price": 23,
            "no_price": 77,
            "taker_side": "yes"
        },
        {
            "trade_id": "5fb5a4cf-e12f-49ea-831e-a38d9e9f820b",
            "ticker": "KXHIGHMIA-24NOV05-B82.5",
            "count": 41,
            "created_time": "2024-11-05T17:40:08.725599Z",
            "yes_price": 23,
            "no_price": 77,
            "taker_side": "yes"
        },
        {
            "trade_id": "1dc042cc-6870-430f-9019-4afc3d616970",
            "ticker": "KXHIGHMIA-24NOV05-B82.5",
            "count": 1,
            "created_time": "2024-11-05T17:38:10.395362Z",
            "yes_price": 13,
            "no_price": 87,
            "taker_side": "no"
        },
        {
            "trade_id": "f12f52aa-10c3-4f71-81c5-898346227ba3",
            "ticker": "KXHIGHMIA-24NOV05-B82.5",
            "count": 3,
            "created_time": "2024-11-05T17:33:45.050757Z",
            "yes_price": 25,
            "no_price": 75,
            "taker_side": "yes"
        },
        {
            "trade_id": "f0a25047-e04e-4636-8c8d-f2cc2714da46",
            "ticker": "KXHIGHMIA-24NOV05-B82.5",
            "count": 41,
            "created_time": "2024-11-05T17:26:26.116947Z",
            "yes_price": 13,
            "no_price": 87,
            "taker_side": "no"
        },
        {
            "trade_id": "bae4b46a-e086-4318-b349-9c7d970c23f9",
            "ticker": "KXHIGHMIA-24NOV05-B82.5",
            "count": 6,
            "created_time": "2024-11-05T17:26:26.116947Z",
            "yes_price": 12,
            "no_price": 88,
            "taker_side": "no"
        },
        {
            "trade_id": "b02492fe-6c63-4579-8372-1e7a3ad164fa",
            "ticker": "KXHIGHMIA-24NOV05-B82.5",
            "count": 25,
            "created_time": "2024-11-05T17:26:26.116947Z",
            "yes_price": 3,
            "no_price": 97,
            "taker_side": "no"
        },
        {
            "trade_id": "480f8f0a-7ba2-43db-a9f1-55b3e27da9cf",
            "ticker": "KXHIGHMIA-24NOV05-B82.5",
            "count": 76,
            "created_time": "2024-11-05T17:26:26.116947Z",
            "yes_price": 3,
            "no_price": 97,
            "taker_side": "no"
        },
        {
            "trade_id": "44996a9d-8834-4851-93bd-bca5943aa4a1",
            "ticker": "KXHIGHMIA-24NOV05-B82.5",
            "count": 11,
            "created_time": "2024-11-05T17:26:26.116947Z",
            "yes_price": 8,
            "no_price": 92,
            "taker_side": "no"
        },
        {
            "trade_id": "ce885aff-7861-4818-83eb-a127c7e8130d",
            "ticker": "KXHIGHMIA-24NOV05-B82.5",
            "count": 11,
            "created_time": "2024-11-05T17:25:53.500369Z",
            "yes_price": 13,
            "no_price": 87,
            "taker_side": "no"
        },
        {
            "trade_id": "9801c10d-75a5-42bd-8ff2-90a2dd81c7f4",
            "ticker": "KXHIGHMIA-24NOV05-B82.5",
            "count": 10,
            "created_time": "2024-11-05T17:03:29.495339Z",
            "yes_price": 30,
            "no_price": 70,
            "taker_side": "no"
        },
        {
            "trade_id": "4403cb07-8f5b-49d4-b5ea-4dff798a9667",
            "ticker": "KXHIGHMIA-24NOV05-B82.5",
            "count": 19,
            "created_time": "2024-11-05T17:01:39.821836Z",
            "yes_price": 3,
            "no_price": 97,
            "taker_side": "no"
        },
        {
            "trade_id": "35dbbb66-215f-4bd9-9c39-e06d085bfc5e",
            "ticker": "KXHIGHMIA-24NOV05-B82.5",
            "count": 11,
            "created_time": "2024-11-05T17:01:39.821836Z",
            "yes_price": 5,
            "no_price": 95,
            "taker_side": "no"
        },
        {
            "trade_id": "3315c50f-2b05-4692-97c7-d36f75f3f86f",
            "ticker": "KXHIGHMIA-24NOV05-B82.5",
            "count": 46,
            "created_time": "2024-11-05T17:01:39.821836Z",
            "yes_price": 6,
            "no_price": 94,
            "taker_side": "no"
        },
        {
            "trade_id": "c689c051-f582-4ef8-98ba-1d0e41168f44",
            "ticker": "KXHIGHMIA-24NOV05-B82.5",
            "count": 1,
            "created_time": "2024-11-05T16:55:06.24255Z",
            "yes_price": 36,
            "no_price": 64,
            "taker_side": "yes"
        },
        {
            "trade_id": "43eb802d-6141-4308-9423-bbd2f4b5048a",
            "ticker": "KXHIGHMIA-24NOV05-B82.5",
            "count": 12,
            "created_time": "2024-11-05T16:55:06.24255Z",
            "yes_price": 36,
            "no_price": 64,
            "taker_side": "yes"
        },
        {
            "trade_id": "e3ed0276-838b-4967-b012-b652f5ef22e3",
            "ticker": "KXHIGHMIA-24NOV05-B82.5",
            "count": 40,
            "created_time": "2024-11-05T16:50:24.174454Z",
            "yes_price": 31,
            "no_price": 69,
            "taker_side": "yes"
        },
        {
            "trade_id": "d7aed16f-4da0-4143-b2e9-2175faa0c08b",
            "ticker": "KXHIGHMIA-24NOV05-B82.5",
            "count": 1,
            "created_time": "2024-11-05T16:50:24.174454Z",
            "yes_price": 32,
            "no_price": 68,
            "taker_side": "yes"
        },
        {
            "trade_id": "814cff96-5152-4b60-9173-544d84215218",
            "ticker": "KXHIGHMIA-24NOV05-B82.5",
            "count": 1,
            "created_time": "2024-11-05T16:50:24.174454Z",
            "yes_price": 34,
            "no_price": 66,
            "taker_side": "yes"
        },
        {
            "trade_id": "80a6caab-30b7-45cf-9006-53141d9d27b2",
            "ticker": "KXHIGHMIA-24NOV05-B82.5",
            "count": 18,
            "created_time": "2024-11-05T16:50:24.174454Z",
            "yes_price": 26,
            "no_price": 74,
            "taker_side": "yes"
        },
        {
            "trade_id": "6680eca1-5d18-4832-a9b7-f5df7e9e923b",
            "ticker": "KXHIGHMIA-24NOV05-B82.5",
            "count": 1,
            "created_time": "2024-11-05T16:50:24.174454Z",
            "yes_price": 35,
            "no_price": 65,
            "taker_side": "yes"
        },
        {
            "trade_id": "3eec6a52-bb7a-4fb3-939f-3edcf787a349",
            "ticker": "KXHIGHMIA-24NOV05-B82.5",
            "count": 1,
            "created_time": "2024-11-05T16:50:24.174454Z",
            "yes_price": 26,
            "no_price": 74,
            "taker_side": "yes"
        },
        {
            "trade_id": "2ed1f0cc-cda5-4cfe-9458-2867148eaaa9",
            "ticker": "KXHIGHMIA-24NOV05-B82.5",
            "count": 1,
            "created_time": "2024-11-05T16:50:24.174454Z",
            "yes_price": 33,
            "no_price": 67,
            "taker_side": "yes"
        },
        {
            "trade_id": "7db4bf92-f2d9-4f91-a75f-5c95781ebba7",
            "ticker": "KXHIGHMIA-24NOV05-B82.5",
            "count": 1,
            "created_time": "2024-11-05T16:50:04.172289Z",
            "yes_price": 25,
            "no_price": 75,
            "taker_side": "yes"
        },
        {
            "trade_id": "a65c5fa0-5de3-4004-8f15-c401441afccc",
            "ticker": "KXHIGHMIA-24NOV05-B82.5",
            "count": 20,
            "created_time": "2024-11-05T16:42:32.467973Z",
            "yes_price": 28,
            "no_price": 72,
            "taker_side": "no"
        },
        {
            "trade_id": "f78e888c-d231-4f18-8c21-60d3316b9dc2",
            "ticker": "KXHIGHMIA-24NOV05-B82.5",
            "count": 20,
            "created_time": "2024-11-05T16:33:30.051237Z",
            "yes_price": 30,
            "no_price": 70,
            "taker_side": "no"
        },
        {
            "trade_id": "6680b5f2-76ab-42bf-8be3-97ecd896b632",
            "ticker": "KXHIGHMIA-24NOV05-B82.5",
            "count": 13,
            "created_time": "2024-11-05T16:19:37.359255Z",
            "yes_price": 29,
            "no_price": 71,
            "taker_side": "yes"
        },
        {
            "trade_id": "68323d30-699b-4a45-b197-8cdac70ab1fb",
            "ticker": "KXHIGHMIA-24NOV05-B82.5",
            "count": 10,
            "created_time": "2024-11-05T16:10:28.85334Z",
            "yes_price": 28,
            "no_price": 72,
            "taker_side": "yes"
        },
        {
            "trade_id": "3c56df3b-f309-4620-b45d-d12dfd2e52ca",
            "ticker": "KXHIGHMIA-24NOV05-B82.5",
            "count": 18,
            "created_time": "2024-11-05T16:02:23.698892Z",
            "yes_price": 26,
            "no_price": 74,
            "taker_side": "yes"
        },
        {
            "trade_id": "84ce54bd-a26e-4d94-8258-ad95c1151318",
            "ticker": "KXHIGHMIA-24NOV05-B82.5",
            "count": 42,
            "created_time": "2024-11-05T15:58:20.825226Z",
            "yes_price": 29,
            "no_price": 71,
            "taker_side": "yes"
        },
        {
            "trade_id": "6535219d-0a03-47ca-a742-2af39cfe4ea4",
            "ticker": "KXHIGHMIA-24NOV05-B82.5",
            "count": 44,
            "created_time": "2024-11-05T15:55:41.638269Z",
            "yes_price": 34,
            "no_price": 66,
            "taker_side": "yes"
        },
        {
            "trade_id": "2e44e953-b57f-43c8-9787-88863aaff8f5",
            "ticker": "KXHIGHMIA-24NOV05-B82.5",
            "count": 52,
            "created_time": "2024-11-05T15:55:18.196515Z",
            "yes_price": 31,
            "no_price": 69,
            "taker_side": "yes"
        },
        {
            "trade_id": "0ceab62c-39e6-4f99-82f6-a4a3dba8df00",
            "ticker": "KXHIGHMIA-24NOV05-B82.5",
            "count": 24,
            "created_time": "2024-11-05T15:55:18.196515Z",
            "yes_price": 31,
            "no_price": 69,
            "taker_side": "yes"
        },
        {
            "trade_id": "0104d805-b0aa-4741-a8b9-b4277c0e883c",
            "ticker": "KXHIGHMIA-24NOV05-B82.5",
            "count": 3,
            "created_time": "2024-11-05T15:54:30.727593Z",
            "yes_price": 31,
            "no_price": 69,
            "taker_side": "yes"
        },
        {
            "trade_id": "d43a1dd3-6f7a-4f79-bfdb-5c6c936b16c7",
            "ticker": "KXHIGHMIA-24NOV05-B82.5",
            "count": 6,
            "created_time": "2024-11-05T15:53:22.952482Z",
            "yes_price": 3,
            "no_price": 97,
            "taker_side": "no"
        },
        {
            "trade_id": "416e192e-565c-4c84-b996-04f5da9a9a29",
            "ticker": "KXHIGHMIA-24NOV05-B82.5",
            "count": 1,
            "created_time": "2024-11-05T15:42:58.70325Z",
            "yes_price": 13,
            "no_price": 87,
            "taker_side": "no"
        },
        {
            "trade_id": "f8b97cc0-0e5d-47f6-bbe2-10951eeb6f17",
            "ticker": "KXHIGHMIA-24NOV05-B82.5",
            "count": 1,
            "created_time": "2024-11-05T15:26:52.463528Z",
            "yes_price": 37,
            "no_price": 63,
            "taker_side": "yes"
        },
        {
            "trade_id": "8097d667-c2a2-4d49-acf3-26cf30b7a451",
            "ticker": "KXHIGHMIA-24NOV05-B82.5",
            "count": 5,
            "created_time": "2024-11-05T15:26:52.463528Z",
            "yes_price": 32,
            "no_price": 68,
            "taker_side": "yes"
        },
        {
            "trade_id": "34dd12b7-fbb6-4315-a9be-feaf2824f81d",
            "ticker": "KXHIGHMIA-24NOV05-B82.5",
            "count": 1,
            "created_time": "2024-11-05T15:26:52.463528Z",
            "yes_price": 33,
            "no_price": 67,
            "taker_side": "yes"
        },
        {
            "trade_id": "1817d919-fbd4-4238-a86e-b7f198d94663",
            "ticker": "KXHIGHMIA-24NOV05-B82.5",
            "count": 1,
            "created_time": "2024-11-05T15:26:52.463528Z",
            "yes_price": 39,
            "no_price": 61,
            "taker_side": "yes"
        },
        {
            "trade_id": "079ebd62-91f9-4482-bc1f-df789697ad81",
            "ticker": "KXHIGHMIA-24NOV05-B82.5",
            "count": 1,
            "created_time": "2024-11-05T15:26:52.463528Z",
            "yes_price": 35,
            "no_price": 65,
            "taker_side": "yes"
        },
        {
            "trade_id": "6aa94a89-286f-4da6-95ce-0eb39ec4a5c1",
            "ticker": "KXHIGHMIA-24NOV05-B82.5",
            "count": 1,
            "created_time": "2024-11-05T15:23:45.250815Z",
            "yes_price": 31,
            "no_price": 69,
            "taker_side": "yes"
        },
        {
            "trade_id": "0ed69aab-1111-4ac3-871c-6ab11a8ca154",
            "ticker": "KXHIGHMIA-24NOV05-B82.5",
            "count": 1,
            "created_time": "2024-11-05T15:23:45.250815Z",
            "yes_price": 30,
            "no_price": 70,
            "taker_side": "yes"
        },
        {
            "trade_id": "d3da52b5-c55e-430b-a8ff-602f31847ab0",
            "ticker": "KXHIGHMIA-24NOV05-B82.5",
            "count": 100,
            "created_time": "2024-11-05T15:15:13.531881Z",
            "yes_price": 29,
            "no_price": 71,
            "taker_side": "yes"
        },
        {
            "trade_id": "cd3a62d4-0b69-47b7-97f4-00ab89e6ee24",
            "ticker": "KXHIGHMIA-24NOV05-B82.5",
            "count": 18,
            "created_time": "2024-11-05T15:15:13.531881Z",
            "yes_price": 21,
            "no_price": 79,
            "taker_side": "yes"
        },
        {
            "trade_id": "72146896-7fcd-4938-998b-60adf4e4980b",
            "ticker": "KXHIGHMIA-24NOV05-B82.5",
            "count": 100,
            "created_time": "2024-11-05T15:15:13.531881Z",
            "yes_price": 30,
            "no_price": 70,
            "taker_side": "yes"
        },
        {
            "trade_id": "66f87f3b-6bb1-4ee3-96ad-86ad2feff1f5",
            "ticker": "KXHIGHMIA-24NOV05-B82.5",
            "count": 20,
            "created_time": "2024-11-05T15:15:13.531881Z",
            "yes_price": 23,
            "no_price": 77,
            "taker_side": "yes"
        },
        {
            "trade_id": "63c2b317-09c6-4be8-b27f-24acbd3a7e09",
            "ticker": "KXHIGHMIA-24NOV05-B82.5",
            "count": 40,
            "created_time": "2024-11-05T15:15:13.531881Z",
            "yes_price": 70,
            "no_price": 30,
            "taker_side": "yes"
        },
        {
            "trade_id": "7b10fe52-8b17-453e-bbeb-200a86ed07cf",
            "ticker": "KXHIGHMIA-24NOV05-B82.5",
            "count": 4,
            "created_time": "2024-11-05T15:14:57.363274Z",
            "yes_price": 20,
            "no_price": 80,
            "taker_side": "no"
        },
        {
            "trade_id": "bfe321e4-6d00-4711-a9fa-717561556acf",
            "ticker": "KXHIGHMIA-24NOV05-B82.5",
            "count": 100,
            "created_time": "2024-11-05T15:14:55.721627Z",
            "yes_price": 20,
            "no_price": 80,
            "taker_side": "no"
        },
        {
            "trade_id": "c54a7901-0afa-4ef6-9c3a-92d468bc690a",
            "ticker": "KXHIGHMIA-24NOV05-B82.5",
            "count": 1,
            "created_time": "2024-11-05T15:05:28.111372Z",
            "yes_price": 21,
            "no_price": 79,
            "taker_side": "yes"
        },
        {
            "trade_id": "65e5a290-9279-4d31-be8e-efdd92950e54",
            "ticker": "KXHIGHMIA-24NOV05-B82.5",
            "count": 81,
            "created_time": "2024-11-05T15:05:22.224524Z",
            "yes_price": 21,
            "no_price": 79,
            "taker_side": "no"
        },
        {
            "trade_id": "b74a6b36-8ba1-43d2-a885-693bdb4b246c",
            "ticker": "KXHIGHMIA-24NOV05-B82.5",
            "count": 81,
            "created_time": "2024-11-05T15:05:12.972342Z",
            "yes_price": 22,
            "no_price": 78,
            "taker_side": "no"
        },
        {
            "trade_id": "88b25245-a34c-4600-b72f-90737093f362",
            "ticker": "KXHIGHMIA-24NOV05-B82.5",
            "count": 58,
            "created_time": "2024-11-05T15:05:12.972342Z",
            "yes_price": 22,
            "no_price": 78,
            "taker_side": "no"
        },
        {
            "trade_id": "dabbb749-2835-45f2-9604-8cde94306e28",
            "ticker": "KXHIGHMIA-24NOV05-B82.5",
            "count": 80,
            "created_time": "2024-11-05T15:04:52.974984Z",
            "yes_price": 23,
            "no_price": 77,
            "taker_side": "no"
        },
        {
            "trade_id": "1bd11f69-8900-4cf6-b1f8-d409b5cba115",
            "ticker": "KXHIGHMIA-24NOV05-B82.5",
            "count": 1,
            "created_time": "2024-11-05T14:55:29.424482Z",
            "yes_price": 23,
            "no_price": 77,
            "taker_side": "no"
        },
        {
            "trade_id": "a67ed6d6-e34b-4231-ba29-296ebc9c4c52",
            "ticker": "KXHIGHMIA-24NOV05-B82.5",
            "count": 7,
            "created_time": "2024-11-05T14:51:22.373308Z",
            "yes_price": 54,
            "no_price": 46,
            "taker_side": "yes"
        },
        {
            "trade_id": "aa4b958b-8ab7-45ff-9394-2c6726d8a299",
            "ticker": "KXHIGHMIA-24NOV05-B82.5",
            "count": 6,
            "created_time": "2024-11-05T14:47:29.342675Z",
            "yes_price": 22,
            "no_price": 78,
            "taker_side": "no"
        },
        {
            "trade_id": "930a21b8-8781-4c37-a023-90276b2c6d71",
            "ticker": "KXHIGHMIA-24NOV05-B82.5",
            "count": 1,
            "created_time": "2024-11-05T14:42:11.685151Z",
            "yes_price": 32,
            "no_price": 68,
            "taker_side": "yes"
        },
        {
            "trade_id": "7064ec6e-5580-469b-b798-3f853c0a9f71",
            "ticker": "KXHIGHMIA-24NOV05-B82.5",
            "count": 1,
            "created_time": "2024-11-05T14:42:11.685151Z",
            "yes_price": 34,
            "no_price": 66,
            "taker_side": "yes"
        },
        {
            "trade_id": "5361de35-fa1c-4f38-9e57-87c61111c3b6",
            "ticker": "KXHIGHMIA-24NOV05-B82.5",
            "count": 40,
            "created_time": "2024-11-05T14:42:11.685151Z",
            "yes_price": 33,
            "no_price": 67,
            "taker_side": "yes"
        },
        {
            "trade_id": "453c6236-8ee8-4419-bb13-d69a3a9a6391",
            "ticker": "KXHIGHMIA-24NOV05-B82.5",
            "count": 11,
            "created_time": "2024-11-05T14:42:11.685151Z",
            "yes_price": 40,
            "no_price": 60,
            "taker_side": "yes"
        },
        {
            "trade_id": "3ca6f44c-1f67-4a5b-a05c-0aa04549d3cc",
            "ticker": "KXHIGHMIA-24NOV05-B82.5",
            "count": 50,
            "created_time": "2024-11-05T14:42:11.685151Z",
            "yes_price": 45,
            "no_price": 55,
            "taker_side": "yes"
        },
        {
            "trade_id": "16e4ab3f-5412-4e75-b3c2-100d8e1f5c09",
            "ticker": "KXHIGHMIA-24NOV05-B82.5",
            "count": 22,
            "created_time": "2024-11-05T14:42:11.685151Z",
            "yes_price": 31,
            "no_price": 69,
            "taker_side": "yes"
        },
        {
            "trade_id": "0b09c3f0-6986-4a9d-8075-920d43ef87f5",
            "ticker": "KXHIGHMIA-24NOV05-B82.5",
            "count": 1,
            "created_time": "2024-11-05T14:42:11.685151Z",
            "yes_price": 33,
            "no_price": 67,
            "taker_side": "yes"
        },
        {
            "trade_id": "83f30772-9fdd-4cde-a4fb-c8755e74b423",
            "ticker": "KXHIGHMIA-24NOV05-B82.5",
            "count": 1,
            "created_time": "2024-11-05T14:28:17.745906Z",
            "yes_price": 23,
            "no_price": 77,
            "taker_side": "no"
        },
        {
            "trade_id": "b256f093-ed7f-4dab-9469-cdecd5254c0b",
            "ticker": "KXHIGHMIA-24NOV05-B82.5",
            "count": 14,
            "created_time": "2024-11-05T14:23:35.996855Z",
            "yes_price": 31,
            "no_price": 69,
            "taker_side": "yes"
        },
        {
            "trade_id": "19343986-7dd2-4bdf-b1bb-68423408b627",
            "ticker": "KXHIGHMIA-24NOV05-B82.5",
            "count": 1,
            "created_time": "2024-11-05T14:23:35.996855Z",
            "yes_price": 31,
            "no_price": 69,
            "taker_side": "yes"
        },
        {
            "trade_id": "42cf7f69-a0e5-4c97-ac7f-c2ae25c27fac",
            "ticker": "KXHIGHMIA-24NOV05-B82.5",
            "count": 1,
            "created_time": "2024-11-05T14:19:00.961209Z",
            "yes_price": 23,
            "no_price": 77,
            "taker_side": "no"
        },
        {
            "trade_id": "69eae96f-ff80-45eb-ab3e-b1df1ca0efa9",
            "ticker": "KXHIGHMIA-24NOV05-B82.5",
            "count": 2,
            "created_time": "2024-11-05T14:18:21.31822Z",
            "yes_price": 23,
            "no_price": 77,
            "taker_side": "no"
        },
        {
            "trade_id": "f23f0a72-c16b-499e-b3da-c2462e8a07e0",
            "ticker": "KXHIGHMIA-24NOV05-B82.5",
            "count": 2,
            "created_time": "2024-11-05T14:10:54.707136Z",
            "yes_price": 30,
            "no_price": 70,
            "taker_side": "no"
        },
        {
            "trade_id": "92c1ac00-fb46-40f9-83cf-00b0284eb1a1",
            "ticker": "KXHIGHMIA-24NOV05-B82.5",
            "count": 41,
            "created_time": "2024-11-05T14:10:39.765768Z",
            "yes_price": 30,
            "no_price": 70,
            "taker_side": "no"
        },
        {
            "trade_id": "44b8596d-7f9f-4e15-967d-8947b318bdc9",
            "ticker": "KXHIGHMIA-24NOV05-B82.5",
            "count": 45,
            "created_time": "2024-11-05T14:10:39.53673Z",
            "yes_price": 30,
            "no_price": 70,
            "taker_side": "no"
        },
        {
            "trade_id": "a9877a72-dbc9-475c-b3c5-fa60e09b9f8d",
            "ticker": "KXHIGHMIA-24NOV05-B82.5",
            "count": 11,
            "created_time": "2024-11-05T14:10:39.465885Z",
            "yes_price": 29,
            "no_price": 71,
            "taker_side": "yes"
        },
        {
            "trade_id": "8dc43695-37dc-42ce-b1b7-44734149aceb",
            "ticker": "KXHIGHMIA-24NOV05-B82.5",
            "count": 1,
            "created_time": "2024-11-05T14:10:39.465885Z",
            "yes_price": 30,
            "no_price": 70,
            "taker_side": "yes"
        },
        {
            "trade_id": "98855ccc-6078-4287-b32d-5cde3789e977",
            "ticker": "KXHIGHMIA-24NOV05-B82.5",
            "count": 5,
            "created_time": "2024-11-05T14:10:38.072102Z",
            "yes_price": 23,
            "no_price": 77,
            "taker_side": "no"
        },
        {
            "trade_id": "fb4e5dbb-36af-4b18-b9c7-779daaf74c28",
            "ticker": "KXHIGHMIA-24NOV05-B82.5",
            "count": 5,
            "created_time": "2024-11-05T14:08:54.126964Z",
            "yes_price": 23,
            "no_price": 77,
            "taker_side": "no"
        },
        {
            "trade_id": "5fda454a-a708-47e6-826c-e7fe97312d38",
            "ticker": "KXHIGHMIA-24NOV05-B82.5",
            "count": 6,
            "created_time": "2024-11-05T14:08:03.891517Z",
            "yes_price": 23,
            "no_price": 77,
            "taker_side": "no"
        },
        {
            "trade_id": "0956fcc4-8cbb-4784-85db-29cb82633472",
            "ticker": "KXHIGHMIA-24NOV05-B82.5",
            "count": 6,
            "created_time": "2024-11-05T14:08:03.240741Z",
            "yes_price": 23,
            "no_price": 77,
            "taker_side": "no"
        },
        {
            "trade_id": "fd7a3567-c090-4240-abec-933a818db01b",
            "ticker": "KXHIGHMIA-24NOV05-B82.5",
            "count": 6,
            "created_time": "2024-11-05T14:07:27.205152Z",
            "yes_price": 23,
            "no_price": 77,
            "taker_side": "no"
        },
        {
            "trade_id": "b022d204-40ed-4edf-bc07-147d2b1eb2ef",
            "ticker": "KXHIGHMIA-24NOV05-B82.5",
            "count": 14,
            "created_time": "2024-11-05T14:07:15.531593Z",
            "yes_price": 23,
            "no_price": 77,
            "taker_side": "no"
        },
        {
            "trade_id": "8dbceead-67c5-4734-be59-651548d38873",
            "ticker": "KXHIGHMIA-24NOV05-B82.5",
            "count": 38,
            "created_time": "2024-11-05T13:56:41.375454Z",
            "yes_price": 23,
            "no_price": 77,
            "taker_side": "no"
        },
        {
            "trade_id": "b5185639-f6b7-4a4b-af6f-0f0488eebf01",
            "ticker": "KXHIGHMIA-24NOV05-B82.5",
            "count": 9,
            "created_time": "2024-11-05T13:56:29.47452Z",
            "yes_price": 23,
            "no_price": 77,
            "taker_side": "no"
        },
        {
            "trade_id": "73ac126f-1c39-4b89-9218-549ae86b1a13",
            "ticker": "KXHIGHMIA-24NOV05-B82.5",
            "count": 60,
            "created_time": "2024-11-05T13:56:28.425868Z",
            "yes_price": 23,
            "no_price": 77,
            "taker_side": "no"
        },
        {
            "trade_id": "70ecb559-3b36-4be8-8790-62e774862fe0",
            "ticker": "KXHIGHMIA-24NOV05-B82.5",
            "count": 60,
            "created_time": "2024-11-05T13:56:17.730606Z",
            "yes_price": 24,
            "no_price": 76,
            "taker_side": "no"
        },
        {
            "trade_id": "43fc7160-468c-434c-b2e4-678aca56abc0",
            "ticker": "KXHIGHMIA-24NOV05-B82.5",
            "count": 17,
            "created_time": "2024-11-05T13:48:04.716931Z",
            "yes_price": 24,
            "no_price": 76,
            "taker_side": "no"
        },
        {
            "trade_id": "8770ff72-8265-4624-9a11-db638cccd358",
            "ticker": "KXHIGHMIA-24NOV05-B82.5",
            "count": 22,
            "created_time": "2024-11-05T13:47:56.289249Z",
            "yes_price": 24,
            "no_price": 76,
            "taker_side": "no"
        },
        {
            "trade_id": "e707021a-feb6-4b54-aa5c-534023094fe6",
            "ticker": "KXHIGHMIA-24NOV05-B82.5",
            "count": 3,
            "created_time": "2024-11-05T13:42:25.758779Z",
            "yes_price": 24,
            "no_price": 76,
            "taker_side": "no"
        },
        {
            "trade_id": "2034b04c-00ba-4db5-9cf6-43550f511b54",
            "ticker": "KXHIGHMIA-24NOV05-B82.5",
            "count": 2,
            "created_time": "2024-11-05T13:41:01.323245Z",
            "yes_price": 24,
            "no_price": 76,
            "taker_side": "no"
        },
        {
            "trade_id": "003f6526-a90c-433a-a44b-8f1814e70099",
            "ticker": "KXHIGHMIA-24NOV05-B82.5",
            "count": 2,
            "created_time": "2024-11-05T13:33:58.022246Z",
            "yes_price": 25,
            "no_price": 75,
            "taker_side": "no"
        },
        {
            "trade_id": "fad69865-aa98-4e99-a203-2f8f030661f2",
            "ticker": "KXHIGHMIA-24NOV05-B82.5",
            "count": 16,
            "created_time": "2024-11-05T13:30:22.659813Z",
            "yes_price": 28,
            "no_price": 72,
            "taker_side": "yes"
        },
        {
            "trade_id": "f7f90115-9261-4f5b-9414-2de9df457966",
            "ticker": "KXHIGHMIA-24NOV05-B82.5",
            "count": 6,
            "created_time": "2024-11-05T13:29:15.656713Z",
            "yes_price": 29,
            "no_price": 71,
            "taker_side": "yes"
        },
        {
            "trade_id": "e83d7a49-08ec-47ed-8f08-07749c38a5f3",
            "ticker": "KXHIGHMIA-24NOV05-B82.5",
            "count": 25,
            "created_time": "2024-11-05T13:22:16.351365Z",
            "yes_price": 30,
            "no_price": 70,
            "taker_side": "yes"
        },
        {
            "trade_id": "43aa4ef1-8911-46ba-9c6b-2363a349dedb",
            "ticker": "KXHIGHMIA-24NOV05-B82.5",
            "count": 63,
            "created_time": "2024-11-05T13:20:10.791814Z",
            "yes_price": 30,
            "no_price": 70,
            "taker_side": "yes"
        },
        {
            "trade_id": "33fa11e9-4846-49c6-ab2e-b28c3264b85d",
            "ticker": "KXHIGHMIA-24NOV05-B82.5",
            "count": 1,
            "created_time": "2024-11-05T13:11:53.243895Z",
            "yes_price": 30,
            "no_price": 70,
            "taker_side": "yes"
        },
        {
            "trade_id": "369cd349-3c1c-469e-ade8-bc9d5ed90656",
            "ticker": "KXHIGHMIA-24NOV05-B82.5",
            "count": 2,
            "created_time": "2024-11-05T13:10:38.63442Z",
            "yes_price": 25,
            "no_price": 75,
            "taker_side": "no"
        },
        {
            "trade_id": "4104ca87-d7ab-4db4-80d5-0ca252258322",
            "ticker": "KXHIGHMIA-24NOV05-B82.5",
            "count": 14,
            "created_time": "2024-11-05T13:07:42.504116Z",
            "yes_price": 30,
            "no_price": 70,
            "taker_side": "yes"
        },
        {
            "trade_id": "44358a38-0293-4a2c-9851-b5f6faa7e676",
            "ticker": "KXHIGHMIA-24NOV05-B82.5",
            "count": 50,
            "created_time": "2024-11-05T13:06:29.456306Z",
            "yes_price": 30,
            "no_price": 70,
            "taker_side": "yes"
        },
        {
            "trade_id": "b465e8ca-c5af-46c6-9f56-72ecb68d907c",
            "ticker": "KXHIGHMIA-24NOV05-B82.5",
            "count": 14,
            "created_time": "2024-11-05T13:01:18.922614Z",
            "yes_price": 34,
            "no_price": 66,
            "taker_side": "yes"
        },
        {
            "trade_id": "6c351fa0-843d-4837-b972-392c9e6643c3",
            "ticker": "KXHIGHMIA-24NOV05-B82.5",
            "count": 25,
            "created_time": "2024-11-05T12:51:21.162947Z",
            "yes_price": 22,
            "no_price": 78,
            "taker_side": "no"
        },
        {
            "trade_id": "818a99d1-80e5-4bd7-bc63-a98bace6f4a1",
            "ticker": "KXHIGHMIA-24NOV05-B82.5",
            "count": 12,
            "created_time": "2024-11-05T12:47:36.021334Z",
            "yes_price": 44,
            "no_price": 56,
            "taker_side": "yes"
        },
        {
            "trade_id": "0249293a-2a59-498c-af7e-2827452f8efa",
            "ticker": "KXHIGHMIA-24NOV05-B82.5",
            "count": 10,
            "created_time": "2024-11-05T12:47:36.021334Z",
            "yes_price": 43,
            "no_price": 57,
            "taker_side": "yes"
        },
        {
            "trade_id": "be8c3ac7-35fb-42c2-8d05-eda0327e7a26",
            "ticker": "KXHIGHMIA-24NOV05-B82.5",
            "count": 12,
            "created_time": "2024-11-05T12:43:15.741721Z",
            "yes_price": 21,
            "no_price": 79,
            "taker_side": "no"
        },
        {
            "trade_id": "e29e0c4d-fee6-457f-82f6-b12383b36980",
            "ticker": "KXHIGHMIA-24NOV05-B82.5",
            "count": 8,
            "created_time": "2024-11-05T12:36:29.412791Z",
            "yes_price": 42,
            "no_price": 58,
            "taker_side": "yes"
        },
        {
            "trade_id": "e0531c49-1b2a-4bdd-a085-e48839271d0e",
            "ticker": "KXHIGHMIA-24NOV05-B82.5",
            "count": 10,
            "created_time": "2024-11-05T12:36:29.412791Z",
            "yes_price": 43,
            "no_price": 57,
            "taker_side": "yes"
        },
        {
            "trade_id": "2501aa25-9072-4b94-95c3-467ffddd448d",
            "ticker": "KXHIGHMIA-24NOV05-B82.5",
            "count": 10,
            "created_time": "2024-11-05T12:36:29.412791Z",
            "yes_price": 44,
            "no_price": 56,
            "taker_side": "yes"
        },
        {
            "trade_id": "cd4c8243-ac44-48e4-8853-f05f877feb02",
            "ticker": "KXHIGHMIA-24NOV05-B82.5",
            "count": 9,
            "created_time": "2024-11-05T12:32:48.245118Z",
            "yes_price": 42,
            "no_price": 58,
            "taker_side": "yes"
        },
        {
            "trade_id": "3bc7acb3-40eb-4ca0-8028-d01d8e6e3468",
            "ticker": "KXHIGHMIA-24NOV05-B82.5",
            "count": 2,
            "created_time": "2024-11-05T12:32:48.245118Z",
            "yes_price": 42,
            "no_price": 58,
            "taker_side": "yes"
        },
        {
            "trade_id": "126e7305-85c2-4f51-8922-a79d19a9a069",
            "ticker": "KXHIGHMIA-24NOV05-B82.5",
            "count": 18,
            "created_time": "2024-11-05T12:31:21.897879Z",
            "yes_price": 21,
            "no_price": 79,
            "taker_side": "no"
        },
        {
            "trade_id": "53845ab3-8cde-42b5-be67-fd8bb7f07fd6",
            "ticker": "KXHIGHMIA-24NOV05-B82.5",
            "count": 5,
            "created_time": "2024-11-05T12:30:46.346822Z",
            "yes_price": 41,
            "no_price": 59,
            "taker_side": "yes"
        },
        {
            "trade_id": "31434d40-a354-4f4c-9ade-f5c4767c2eac",
            "ticker": "KXHIGHMIA-24NOV05-B82.5",
            "count": 2,
            "created_time": "2024-11-05T12:30:46.346822Z",
            "yes_price": 43,
            "no_price": 57,
            "taker_side": "yes"
        },
        {
            "trade_id": "012d8c65-919b-49b0-8ab2-6ab4c6314925",
            "ticker": "KXHIGHMIA-24NOV05-B82.5",
            "count": 38,
            "created_time": "2024-11-05T12:30:46.346822Z",
            "yes_price": 42,
            "no_price": 58,
            "taker_side": "yes"
        },
        {
            "trade_id": "940af2ff-ba1c-4527-9c13-b679c37473c6",
            "ticker": "KXHIGHMIA-24NOV05-B82.5",
            "count": 9,
            "created_time": "2024-11-05T12:27:46.66776Z",
            "yes_price": 21,
            "no_price": 79,
            "taker_side": "no"
        },
        {
            "trade_id": "5273d888-fe51-47e9-8373-d787e5568f2f",
            "ticker": "KXHIGHMIA-24NOV05-B82.5",
            "count": 38,
            "created_time": "2024-11-05T12:20:18.937775Z",
            "yes_price": 43,
            "no_price": 57,
            "taker_side": "yes"
        },
        {
            "trade_id": "9596e8f3-3d48-47ae-ab4b-5977e8efb04b",
            "ticker": "KXHIGHMIA-24NOV05-B82.5",
            "count": 5,
            "created_time": "2024-11-05T12:01:07.569693Z",
            "yes_price": 21,
            "no_price": 79,
            "taker_side": "no"
        },
        {
            "trade_id": "94099cb0-a8a8-4b65-9201-275f301635af",
            "ticker": "KXHIGHMIA-24NOV05-B82.5",
            "count": 14,
            "created_time": "2024-11-05T11:51:01.212114Z",
            "yes_price": 21,
            "no_price": 79,
            "taker_side": "no"
        },
        {
            "trade_id": "e2ad36b9-4eaa-4e48-b957-2a148f43d5c9",
            "ticker": "KXHIGHMIA-24NOV05-B82.5",
            "count": 1,
            "created_time": "2024-11-05T11:50:37.067737Z",
            "yes_price": 21,
            "no_price": 79,
            "taker_side": "no"
        },
        {
            "trade_id": "f034ca54-33f0-4b46-b5a5-fa8c6f7b4885",
            "ticker": "KXHIGHMIA-24NOV05-B82.5",
            "count": 5,
            "created_time": "2024-11-05T11:48:49.877072Z",
            "yes_price": 21,
            "no_price": 79,
            "taker_side": "no"
        },
        {
            "trade_id": "f258bd03-cd1e-4528-adc4-6469268daf57",
            "ticker": "KXHIGHMIA-24NOV05-B82.5",
            "count": 20,
            "created_time": "2024-11-05T07:58:36.830521Z",
            "yes_price": 73,
            "no_price": 27,
            "taker_side": "yes"
        },
        {
            "trade_id": "c4655b83-ce7e-4c9f-a195-0a2acd4bd8d6",
            "ticker": "KXHIGHMIA-24NOV05-B82.5",
            "count": 44,
            "created_time": "2024-11-05T07:58:36.830521Z",
            "yes_price": 28,
            "no_price": 72,
            "taker_side": "yes"
        },
        {
            "trade_id": "b8c7401c-73a8-496c-8b67-9d4108fd6a66",
            "ticker": "KXHIGHMIA-24NOV05-B82.5",
            "count": 64,
            "created_time": "2024-11-05T07:58:36.830521Z",
            "yes_price": 28,
            "no_price": 72,
            "taker_side": "yes"
        },
        {
            "trade_id": "826941e4-603f-49f3-b66a-d14e2ec4149f",
            "ticker": "KXHIGHMIA-24NOV05-B82.5",
            "count": 30,
            "created_time": "2024-11-05T07:58:36.830521Z",
            "yes_price": 36,
            "no_price": 64,
            "taker_side": "yes"
        },
        {
            "trade_id": "7cd01284-d3bd-4b04-9f6e-bf3b3aed8376",
            "ticker": "KXHIGHMIA-24NOV05-B82.5",
            "count": 44,
            "created_time": "2024-11-05T07:58:36.830521Z",
            "yes_price": 28,
            "no_price": 72,
            "taker_side": "yes"
        },
        {
            "trade_id": "7873aecf-a180-4cf2-9450-9f9aed169beb",
            "ticker": "KXHIGHMIA-24NOV05-B82.5",
            "count": 20,
            "created_time": "2024-11-05T07:58:36.830521Z",
            "yes_price": 97,
            "no_price": 3,
            "taker_side": "yes"
        },
        {
            "trade_id": "6a6e5d8c-9972-4d8c-8bed-8146701c5cc2",
            "ticker": "KXHIGHMIA-24NOV05-B82.5",
            "count": 139,
            "created_time": "2024-11-05T07:58:36.830521Z",
            "yes_price": 59,
            "no_price": 41,
            "taker_side": "yes"
        },
        {
            "trade_id": "64e56ab2-7f21-4132-91f0-72ad4f311bea",
            "ticker": "KXHIGHMIA-24NOV05-B82.5",
            "count": 30,
            "created_time": "2024-11-05T07:58:36.830521Z",
            "yes_price": 66,
            "no_price": 34,
            "taker_side": "yes"
        },
        {
            "trade_id": "5a7fd4a5-b22b-4ad1-a4e3-45ca6625b2a5",
            "ticker": "KXHIGHMIA-24NOV05-B82.5",
            "count": 30,
            "created_time": "2024-11-05T07:58:36.830521Z",
            "yes_price": 56,
            "no_price": 44,
            "taker_side": "yes"
        },
        {
            "trade_id": "448622ea-3010-417c-ab32-71299f71c3ad",
            "ticker": "KXHIGHMIA-24NOV05-B82.5",
            "count": 44,
            "created_time": "2024-11-05T07:58:36.830521Z",
            "yes_price": 97,
            "no_price": 3,
            "taker_side": "yes"
        },
        {
            "trade_id": "29dbc3ec-d4aa-4ef8-81fa-715034693b8f",
            "ticker": "KXHIGHMIA-24NOV05-B82.5",
            "count": 25,
            "created_time": "2024-11-05T07:58:36.830521Z",
            "yes_price": 96,
            "no_price": 4,
            "taker_side": "yes"
        },
        {
            "trade_id": "25f6fdf9-d4d4-45fc-8276-fe523abf9cf8",
            "ticker": "KXHIGHMIA-24NOV05-B82.5",
            "count": 30,
            "created_time": "2024-11-05T07:58:36.830521Z",
            "yes_price": 46,
            "no_price": 54,
            "taker_side": "yes"
        },
        {
            "trade_id": "091e2e55-4370-4a07-ac72-08ebeb7a72f1",
            "ticker": "KXHIGHMIA-24NOV05-B82.5",
            "count": 26,
            "created_time": "2024-11-05T07:58:36.830521Z",
            "yes_price": 26,
            "no_price": 74,
            "taker_side": "yes"
        },
        {
            "trade_id": "19e757f0-6cd9-4acb-9b3a-1ab8da5f414e",
            "ticker": "KXHIGHMIA-24NOV05-B82.5",
            "count": 3,
            "created_time": "2024-11-05T07:55:58.105332Z",
            "yes_price": 4,
            "no_price": 96,
            "taker_side": "no"
        },
        {
            "trade_id": "0522b9d1-034e-48c2-93ab-f25587367430",
            "ticker": "KXHIGHMIA-24NOV05-B82.5",
            "count": 1,
            "created_time": "2024-11-05T07:04:55.263533Z",
            "yes_price": 3,
            "no_price": 97,
            "taker_side": "no"
        },
        {
            "trade_id": "bc51431f-1d69-401c-8270-fb2f7961d9d4",
            "ticker": "KXHIGHMIA-24NOV05-B82.5",
            "count": 3,
            "created_time": "2024-11-05T07:04:11.234491Z",
            "yes_price": 3,
            "no_price": 97,
            "taker_side": "no"
        },
        {
            "trade_id": "94e5ebdb-2a23-4936-9a51-1f1afc74588b",
            "ticker": "KXHIGHMIA-24NOV05-B82.5",
            "count": 5,
            "created_time": "2024-11-05T06:45:59.212197Z",
            "yes_price": 3,
            "no_price": 97,
            "taker_side": "no"
        },
        {
            "trade_id": "7cfab06f-36e9-4557-85b8-9206e285322a",
            "ticker": "KXHIGHMIA-24NOV05-B82.5",
            "count": 83,
            "created_time": "2024-11-05T06:29:43.263926Z",
            "yes_price": 28,
            "no_price": 72,
            "taker_side": "yes"
        },
        {
            "trade_id": "6e3190ab-5733-412b-9510-0057fa82e0fa",
            "ticker": "KXHIGHMIA-24NOV05-B82.5",
            "count": 30,
            "created_time": "2024-11-05T06:29:43.263926Z",
            "yes_price": 26,
            "no_price": 74,
            "taker_side": "yes"
        },
        {
            "trade_id": "3e56da40-1af7-4baa-b6f8-595cfa1efc8a",
            "ticker": "KXHIGHMIA-24NOV05-B82.5",
            "count": 27,
            "created_time": "2024-11-05T06:29:43.263926Z",
            "yes_price": 25,
            "no_price": 75,
            "taker_side": "yes"
        },
        {
            "trade_id": "dfc1b339-c922-46ce-b26c-87bd377a0c78",
            "ticker": "KXHIGHMIA-24NOV05-B82.5",
            "count": 3,
            "created_time": "2024-11-05T06:14:26.123511Z",
            "yes_price": 25,
            "no_price": 75,
            "taker_side": "yes"
        },
        {
            "trade_id": "dc633d04-8b3b-4a6e-8025-63b69c71afb4",
            "ticker": "KXHIGHMIA-24NOV05-B82.5",
            "count": 47,
            "created_time": "2024-11-05T05:31:08.165813Z",
            "yes_price": 1,
            "no_price": 99,
            "taker_side": "no"
        },
        {
            "trade_id": "af72bd01-686d-4b90-bed6-4fe687906ffe",
            "ticker": "KXHIGHMIA-24NOV05-B82.5",
            "count": 12,
            "created_time": "2024-11-05T05:31:08.165813Z",
            "yes_price": 18,
            "no_price": 82,
            "taker_side": "no"
        },
        {
            "trade_id": "76aa34e7-aaa8-4796-9499-2df88f0d1907",
            "ticker": "KXHIGHMIA-24NOV05-B82.5",
            "count": 35,
            "created_time": "2024-11-05T05:31:08.165813Z",
            "yes_price": 2,
            "no_price": 98,
            "taker_side": "no"
        },
        {
            "trade_id": "64964012-f18a-4828-8359-8b659b7d4b57",
            "ticker": "KXHIGHMIA-24NOV05-B82.5",
            "count": 9,
            "created_time": "2024-11-05T05:31:08.165813Z",
            "yes_price": 4,
            "no_price": 96,
            "taker_side": "no"
        },
        {
            "trade_id": "327d0497-ae12-4d3b-8dd5-2e934a732821",
            "ticker": "KXHIGHMIA-24NOV05-B82.5",
            "count": 80,
            "created_time": "2024-11-05T05:31:08.165813Z",
