{
    "HIGHMIA-24APR30-T77": [],
    "HIGHMIA-24APR30-B77.5": [],
    "HIGHMIA-24APR30-B79.5": [],
    "HIGHMIA-24APR30-B81.5": [
        {
            "trade_id": "7d4ec3f7-22ed-4f29-91a0-bae7d82cd0aa",
            "ticker": "HIGHMIA-24APR30-B81.5",
            "count": 935,
            "created_time": "2024-05-01T03:27:04.573645Z",
            "yes_price": 1,
            "no_price": 99,
            "taker_side": "yes"
        },
        {
            "trade_id": "3df7ef35-4a41-4a17-8e2e-2386cb016475",
            "ticker": "HIGHMIA-24APR30-B81.5",
            "count": 1,
            "created_time": "2024-04-30T22:42:27.052606Z",
            "yes_price": 1,
            "no_price": 99,
            "taker_side": "yes"
        },
        {
            "trade_id": "ba3d740f-4b10-4f9f-b437-4d2f23732d10",
            "ticker": "HIGHMIA-24APR30-B81.5",
            "count": 3,
            "created_time": "2024-04-30T12:15:38.20611Z",
            "yes_price": 47,
            "no_price": 53,
            "taker_side": "yes"
        },
        {
            "trade_id": "4a071412-b1b4-4fae-bea0-73f01782c71a",
            "ticker": "HIGHMIA-24APR30-B81.5",
            "count": 1,
            "created_time": "2024-04-30T12:08:22.90889Z",
            "yes_price": 9,
            "no_price": 91,
            "taker_side": "no"
        },
        {
            "trade_id": "4f78d0a1-1326-43a0-a07e-d53141f58bdd",
            "ticker": "HIGHMIA-24APR30-B81.5",
            "count": 1,
            "created_time": "2024-04-30T12:00:29.015893Z",
            "yes_price": 12,
            "no_price": 88,
            "taker_side": "no"
        },
        {
            "trade_id": "d796f2b1-49b7-4e07-8975-b3fd4de516d0",
            "ticker": "HIGHMIA-24APR30-B81.5",
            "count": 79,
            "created_time": "2024-04-30T00:06:38.699474Z",
            "yes_price": 25,
            "no_price": 75,
            "taker_side": "no"
        },
        {
            "trade_id": "69e57acb-5d10-4e62-bee4-6999007fc915",
            "ticker": "HIGHMIA-24APR30-B81.5",
            "count": 79,
            "created_time": "2024-04-30T00:06:29.0721Z",
            "yes_price": 26,
            "no_price": 74,
            "taker_side": "no"
        },
        {
            "trade_id": "4879d6aa-1ec4-4b44-a86f-aa7744ed0b16",
            "ticker": "HIGHMIA-24APR30-B81.5",
            "count": 13,
            "created_time": "2024-04-30T00:06:18.562806Z",
            "yes_price": 27,
            "no_price": 73,
            "taker_side": "no"
        },
        {
            "trade_id": "2d1f0cb5-b488-42d0-9bb1-e3b7d82c9672",
            "ticker": "HIGHMIA-24APR30-B81.5",
            "count": 133,
            "created_time": "2024-04-30T00:06:11.762741Z",
            "yes_price": 27,
            "no_price": 73,
            "taker_side": "no"
        },
        {
            "trade_id": "b0468863-552d-4d36-893c-0ac9c01c1a3e",
            "ticker": "HIGHMIA-24APR30-B81.5",
            "count": 13,
            "created_time": "2024-04-30T00:06:08.924312Z",
            "yes_price": 28,
            "no_price": 72,
            "taker_side": "no"
        },
        {
            "trade_id": "958b4d1a-8dc9-44fe-b28c-fde0ae4d61fa",
            "ticker": "HIGHMIA-24APR30-B81.5",
            "count": 1,
            "created_time": "2024-04-29T22:06:29.525567Z",
            "yes_price": 18,
            "no_price": 82,
            "taker_side": "no"
        },
        {
            "trade_id": "8061b2bc-f328-4ded-9a39-a0b52b273243",
            "ticker": "HIGHMIA-24APR30-B81.5",
            "count": 1,
            "created_time": "2024-04-29T18:35:28.090449Z",
            "yes_price": 18,
            "no_price": 82,
            "taker_side": "no"
        }
    ],
    "HIGHMIA-24APR30-B83.5": [
        {
            "trade_id": "d9c20bb5-e6a9-4bf6-aee1-b7fdc16d71e0",
            "ticker": "HIGHMIA-24APR30-B83.5",
            "count": 150,
            "created_time": "2024-04-30T19:29:19.329302Z",
            "yes_price": 87,
            "no_price": 13,
            "taker_side": "yes"
        },
        {
            "trade_id": "d72f922d-52fb-4507-b05c-2a56ce14e11e",
            "ticker": "HIGHMIA-24APR30-B83.5",
            "count": 100,
            "created_time": "2024-04-30T19:29:19.329302Z",
            "yes_price": 83,
            "no_price": 17,
            "taker_side": "yes"
        },
        {
            "trade_id": "d1ceeb2c-cde7-45ee-8ccc-22c38d95021b",
            "ticker": "HIGHMIA-24APR30-B83.5",
            "count": 240,
            "created_time": "2024-04-30T19:29:19.329302Z",
            "yes_price": 84,
            "no_price": 16,
            "taker_side": "yes"
        },
        {
            "trade_id": "3443430b-84c8-4bb9-942a-9f05b38dbe39",
            "ticker": "HIGHMIA-24APR30-B83.5",
            "count": 11,
            "created_time": "2024-04-30T18:27:55.00243Z",
            "yes_price": 84,
            "no_price": 16,
            "taker_side": "yes"
        },
        {
            "trade_id": "56a79ae0-8605-4fa4-87dd-bd41c9bf294f",
            "ticker": "HIGHMIA-24APR30-B83.5",
            "count": 3,
            "created_time": "2024-04-30T12:15:56.848308Z",
            "yes_price": 64,
            "no_price": 36,
            "taker_side": "no"
        },
        {
            "trade_id": "96bc34e8-3d8d-4447-8310-dd8aa280143c",
            "ticker": "HIGHMIA-24APR30-B83.5",
            "count": 3,
            "created_time": "2024-04-30T12:15:38.305784Z",
            "yes_price": 64,
            "no_price": 36,
            "taker_side": "no"
        },
        {
            "trade_id": "e4ade6ba-ee76-4524-8d6f-9ffa606b970d",
            "ticker": "HIGHMIA-24APR30-B83.5",
            "count": 1,
            "created_time": "2024-04-30T12:00:29.027643Z",
            "yes_price": 63,
            "no_price": 37,
            "taker_side": "no"
        },
        {
            "trade_id": "bf640d61-33ee-4773-bfb5-991b5b86cfb1",
            "ticker": "HIGHMIA-24APR30-B83.5",
            "count": 2,
            "created_time": "2024-04-30T00:03:39.813196Z",
            "yes_price": 56,
            "no_price": 44,
            "taker_side": "no"
        },
        {
            "trade_id": "11c14490-363d-4268-a626-70971cd3ecd9",
            "ticker": "HIGHMIA-24APR30-B83.5",
            "count": 1,
            "created_time": "2024-04-29T22:06:30.885246Z",
            "yes_price": 65,
            "no_price": 35,
            "taker_side": "yes"
        },
        {
            "trade_id": "977e76d3-dc3f-4b22-af30-d17b4e526a5b",
            "ticker": "HIGHMIA-24APR30-B83.5",
            "count": 3,
            "created_time": "2024-04-29T19:08:54.857235Z",
            "yes_price": 64,
            "no_price": 36,
            "taker_side": "yes"
        },
        {
            "trade_id": "c092cc19-9b9d-4908-9fd3-c5dd1f203d65",
            "ticker": "HIGHMIA-24APR30-B83.5",
            "count": 1,
            "created_time": "2024-04-29T18:35:28.597516Z",
            "yes_price": 59,
            "no_price": 41,
            "taker_side": "no"
        }
    ],
    "HIGHMIA-24APR30-T84": [
        {
            "trade_id": "cc19d115-03bb-4be7-a950-b12e561854eb",
            "ticker": "HIGHMIA-24APR30-T84",
            "count": 200,
            "created_time": "2024-04-30T15:58:06.169554Z",
            "yes_price": 15,
            "no_price": 85,
            "taker_side": "no"
        },
        {
            "trade_id": "5cbc0651-055d-4cc4-96f4-feba43e09dc1",
            "ticker": "HIGHMIA-24APR30-T84",
            "count": 100,
            "created_time": "2024-04-30T15:58:06.169554Z",
            "yes_price": 19,
            "no_price": 81,
            "taker_side": "no"
        },
        {
            "trade_id": "15efc779-e068-46ba-8181-e8348f97d110",
            "ticker": "HIGHMIA-24APR30-T84",
            "count": 5,
            "created_time": "2024-04-30T12:16:05.101329Z",
            "yes_price": 24,
            "no_price": 76,
            "taker_side": "no"
        },
        {
            "trade_id": "9af633c6-ed48-4b00-a81e-42dd750b58ff",
            "ticker": "HIGHMIA-24APR30-T84",
            "count": 3,
            "created_time": "2024-04-30T12:15:38.274481Z",
            "yes_price": 24,
            "no_price": 76,
            "taker_side": "no"
        },
        {
            "trade_id": "3d530d2f-5219-4f21-86dd-64f55a2ff425",
            "ticker": "HIGHMIA-24APR30-T84",
            "count": 1,
            "created_time": "2024-04-30T12:00:29.06826Z",
            "yes_price": 25,
            "no_price": 75,
            "taker_side": "no"
        },
        {
            "trade_id": "1eeb0a3d-16e1-4679-bee7-afdb033f90d3",
            "ticker": "HIGHMIA-24APR30-T84",
            "count": 79,
            "created_time": "2024-04-30T03:57:39.771153Z",
            "yes_price": 23,
            "no_price": 77,
            "taker_side": "yes"
        },
        {
            "trade_id": "beaeea98-d72d-459c-9a90-32be5f38d8d1",
            "ticker": "HIGHMIA-24APR30-T84",
            "count": 22,
            "created_time": "2024-04-30T03:57:31.077339Z",
            "yes_price": 22,
            "no_price": 78,
            "taker_side": "yes"
        },
        {
            "trade_id": "47617bb6-b839-46e1-bdd3-129ae694f8c2",
            "ticker": "HIGHMIA-24APR30-T84",
            "count": 1,
            "created_time": "2024-04-30T01:48:24.324111Z",
            "yes_price": 25,
            "no_price": 75,
            "taker_side": "yes"
        },
        {
            "trade_id": "49bd5617-155b-4176-ba8b-e363f93ffd17",
            "ticker": "HIGHMIA-24APR30-T84",
            "count": 62,
            "created_time": "2024-04-30T01:31:45.3881Z",
            "yes_price": 23,
            "no_price": 77,
            "taker_side": "yes"
        },
        {
            "trade_id": "7efb0397-52e8-4270-8b2c-7361f1724c3d",
            "ticker": "HIGHMIA-24APR30-T84",
            "count": 82,
            "created_time": "2024-04-30T01:31:09.588325Z",
            "yes_price": 22,
            "no_price": 78,
            "taker_side": "yes"
        },
        {
            "trade_id": "f3b74726-060e-4752-a141-256a28a636c7",
            "ticker": "HIGHMIA-24APR30-T84",
            "count": 103,
            "created_time": "2024-04-30T01:30:33.798031Z",
            "yes_price": 21,
            "no_price": 79,
            "taker_side": "yes"
        },
        {
            "trade_id": "e9913f2e-6b84-417e-b782-6460fd1811df",
            "ticker": "HIGHMIA-24APR30-T84",
            "count": 82,
            "created_time": "2024-04-30T01:30:33.798031Z",
            "yes_price": 18,
            "no_price": 82,
            "taker_side": "yes"
        },
        {
            "trade_id": "56b3ac69-8ad7-4248-8496-26235e9532a5",
            "ticker": "HIGHMIA-24APR30-T84",
            "count": 103,
            "created_time": "2024-04-30T01:30:33.798031Z",
            "yes_price": 20,
            "no_price": 80,
            "taker_side": "yes"
        },
        {
            "trade_id": "22ab4800-0adf-4869-94f7-3927fb375b2d",
            "ticker": "HIGHMIA-24APR30-T84",
            "count": 1,
            "created_time": "2024-04-29T22:06:31.647124Z",
            "yes_price": 13,
            "no_price": 87,
            "taker_side": "no"
        },
        {
            "trade_id": "c89f5add-51ae-45d2-a458-dd72050b69a3",
            "ticker": "HIGHMIA-24APR30-T84",
            "count": 1,
            "created_time": "2024-04-29T18:35:29.14018Z",
            "yes_price": 20,
            "no_price": 80,
            "taker_side": "yes"
        },
        {
            "trade_id": "43b78302-477c-4904-810f-ad0aaa48c1a9",
            "ticker": "HIGHMIA-24APR30-T84",
            "count": 45,
            "created_time": "2024-04-29T14:21:12.431953Z",
            "yes_price": 9,
            "no_price": 91,
            "taker_side": "yes"
        },
        {
            "trade_id": "e94e2b0c-750a-431c-a641-8c027a8544ea",
            "ticker": "HIGHMIA-24APR30-T84",
            "count": 85,
            "created_time": "2024-04-29T14:21:06.863642Z",
            "yes_price": 28,
            "no_price": 72,
            "taker_side": "no"
        },
        {
            "trade_id": "dec5a49d-84dd-434a-b66f-0a2612b84817",
            "ticker": "HIGHMIA-24APR30-T84",
            "count": 85,
            "created_time": "2024-04-29T14:21:06.863642Z",
            "yes_price": 26,
            "no_price": 74,
            "taker_side": "no"
        },
        {
            "trade_id": "c9e9f5c7-2813-4b78-b71e-41ef6f9255c7",
            "ticker": "HIGHMIA-24APR30-T84",
            "count": 51,
            "created_time": "2024-04-29T14:21:06.863642Z",
            "yes_price": 30,
            "no_price": 70,
            "taker_side": "no"
        }
    ]
}