{
    "HIGHMIA-24MAR15-T77": [],
    "HIGHMIA-24MAR15-B77.5": [],
    "HIGHMIA-24MAR15-B79.5": [
        {
            "trade_id": "de2d7433-0024-4f69-bd1d-acf3abe25457",
            "ticker": "HIGHMIA-24MAR15-B79.5",
            "count": 10,
            "created_time": "2024-03-15T12:13:09.599866Z",
            "yes_price": 13,
            "no_price": 87,
            "taker_side": "yes"
        }
    ],
    "HIGHMIA-24MAR15-B81.5": [
        {
            "trade_id": "14d867ca-9332-4223-afee-a80c2e0094a5",
            "ticker": "HIGHMIA-24MAR15-B81.5",
            "count": 10,
            "created_time": "2024-03-15T12:13:26.243317Z",
            "yes_price": 62,
            "no_price": 38,
            "taker_side": "yes"
        }
    ],
    "HIGHMIA-24MAR15-B83.5": [
        {
            "trade_id": "1f93c681-348e-446c-9e7a-46f45e6635fd",
            "ticker": "HIGHMIA-24MAR15-B83.5",
            "count": 26,
            "created_time": "2024-03-14T22:07:22.565185Z",
            "yes_price": 75,
            "no_price": 25,
            "taker_side": "yes"
        },
        {
            "trade_id": "f52f5155-42fc-43a1-ba7e-87a86ee8b634",
            "ticker": "HIGHMIA-24MAR15-B83.5",
            "count": 100,
            "created_time": "2024-03-14T22:02:42.727604Z",
            "yes_price": 75,
            "no_price": 25,
            "taker_side": "yes"
        },
        {
            "trade_id": "66994d14-8706-46ee-b878-0402745e4304",
            "ticker": "HIGHMIA-24MAR15-B83.5",
            "count": 15,
            "created_time": "2024-03-14T22:02:42.727604Z",
            "yes_price": 74,
            "no_price": 26,
            "taker_side": "yes"
        },
        {
            "trade_id": "edf07e29-df98-4312-8191-2ba60a4a6109",
            "ticker": "HIGHMIA-24MAR15-B83.5",
            "count": 26,
            "created_time": "2024-03-14T17:52:09.502444Z",
            "yes_price": 72,
            "no_price": 28,
            "taker_side": "yes"
        },
        {
            "trade_id": "07d6bb07-013b-4f7b-a2db-a34d17b289f1",
            "ticker": "HIGHMIA-24MAR15-B83.5",
            "count": 66,
            "created_time": "2024-03-14T17:52:09.502444Z",
            "yes_price": 74,
            "no_price": 26,
            "taker_side": "yes"
        },
        {
            "trade_id": "7fab4a78-4a84-4c85-876d-06c40f53b72c",
            "ticker": "HIGHMIA-24MAR15-B83.5",
            "count": 66,
            "created_time": "2024-03-14T17:51:45.018717Z",
            "yes_price": 70,
            "no_price": 30,
            "taker_side": "yes"
        },
        {
            "trade_id": "5ebe7188-9810-4eb9-8492-799750af80fd",
            "ticker": "HIGHMIA-24MAR15-B83.5",
            "count": 33,
            "created_time": "2024-03-14T17:51:45.018717Z",
            "yes_price": 68,
            "no_price": 32,
            "taker_side": "yes"
        },
        {
            "trade_id": "cfc05dd9-1e40-4f13-93eb-f74061a31f10",
            "ticker": "HIGHMIA-24MAR15-B83.5",
            "count": 26,
            "created_time": "2024-03-14T17:51:14.016283Z",
            "yes_price": 63,
            "no_price": 37,
            "taker_side": "yes"
        },
        {
            "trade_id": "897e808b-ff94-4a59-ab9f-1b3850807d1a",
            "ticker": "HIGHMIA-24MAR15-B83.5",
            "count": 66,
            "created_time": "2024-03-14T17:51:14.016283Z",
            "yes_price": 67,
            "no_price": 33,
            "taker_side": "yes"
        },
        {
            "trade_id": "66f6aca7-9c58-44c8-95bb-48701feffb8d",
            "ticker": "HIGHMIA-24MAR15-B83.5",
            "count": 10,
            "created_time": "2024-03-14T17:51:14.016283Z",
            "yes_price": 59,
            "no_price": 41,
            "taker_side": "yes"
        },
        {
            "trade_id": "0da855b0-2e8b-4fc9-bc55-7daab457d384",
            "ticker": "HIGHMIA-24MAR15-B83.5",
            "count": 66,
            "created_time": "2024-03-14T17:51:14.016283Z",
            "yes_price": 65,
            "no_price": 35,
            "taker_side": "yes"
        },
        {
            "trade_id": "caac42dc-fc64-4c3d-aee4-aa615d0cc2c1",
            "ticker": "HIGHMIA-24MAR15-B83.5",
            "count": 33,
            "created_time": "2024-03-14T17:35:23.141022Z",
            "yes_price": 57,
            "no_price": 43,
            "taker_side": "yes"
        },
        {
            "trade_id": "bfc46a0e-0709-4295-90ce-da4a3c89e3d4",
            "ticker": "HIGHMIA-24MAR15-B83.5",
            "count": 33,
            "created_time": "2024-03-14T17:35:12.523643Z",
            "yes_price": 56,
            "no_price": 44,
            "taker_side": "yes"
        },
        {
            "trade_id": "e3157852-0b87-46c9-8b95-10480eebab59",
            "ticker": "HIGHMIA-24MAR15-B83.5",
            "count": 26,
            "created_time": "2024-03-14T17:35:06.766378Z",
            "yes_price": 55,
            "no_price": 45,
            "taker_side": "yes"
        },
        {
            "trade_id": "d1bc30e0-5a7d-46f6-a0a7-83ce73308163",
            "ticker": "HIGHMIA-24MAR15-B83.5",
            "count": 33,
            "created_time": "2024-03-14T17:34:56.619897Z",
            "yes_price": 54,
            "no_price": 46,
            "taker_side": "yes"
        }
    ],
    "HIGHMIA-24MAR15-T84": [
        {
            "trade_id": "291944b9-5ecb-47b2-9168-d63a5efdb463",
            "ticker": "HIGHMIA-24MAR15-T84",
            "count": 12,
            "created_time": "2024-03-15T22:36:44.695514Z",
            "yes_price": 1,
            "no_price": 99,
            "taker_side": "no"
        },
        {
            "trade_id": "e46829f6-7ccb-4655-b12e-25c8d638a6d0",
            "ticker": "HIGHMIA-24MAR15-T84",
            "count": 15,
            "created_time": "2024-03-15T12:43:21.526152Z",
            "yes_price": 18,
            "no_price": 82,
            "taker_side": "yes"
        },
        {
            "trade_id": "840acad8-4e09-443a-b823-57cba0ef0f7a",
            "ticker": "HIGHMIA-24MAR15-T84",
            "count": 31,
            "created_time": "2024-03-15T12:43:21.526152Z",
            "yes_price": 20,
            "no_price": 80,
            "taker_side": "yes"
        },
        {
            "trade_id": "5e4504f4-ab12-471d-8b6e-1f08f0736ab3",
            "ticker": "HIGHMIA-24MAR15-T84",
            "count": 31,
            "created_time": "2024-03-15T12:43:21.526152Z",
            "yes_price": 21,
            "no_price": 79,
            "taker_side": "yes"
        },
        {
            "trade_id": "283367f8-bdb3-44b6-9ef5-efa3ea503609",
            "ticker": "HIGHMIA-24MAR15-T84",
            "count": 12,
            "created_time": "2024-03-15T12:43:21.526152Z",
            "yes_price": 18,
            "no_price": 82,
            "taker_side": "yes"
        },
        {
            "trade_id": "aadbd463-d9c0-449e-b5d3-55ab4f4d627c",
            "ticker": "HIGHMIA-24MAR15-T84",
            "count": 98,
            "created_time": "2024-03-15T12:33:44.179046Z",
            "yes_price": 33,
            "no_price": 67,
            "taker_side": "no"
        },
        {
            "trade_id": "b9070380-48ea-48a1-ab99-95082ed928a9",
            "ticker": "HIGHMIA-24MAR15-T84",
            "count": 16,
            "created_time": "2024-03-15T00:48:15.961851Z",
            "yes_price": 23,
            "no_price": 77,
            "taker_side": "yes"
        },
        {
            "trade_id": "862debe2-6bef-4fc2-bc78-37682d223946",
            "ticker": "HIGHMIA-24MAR15-T84",
            "count": 27,
            "created_time": "2024-03-15T00:48:15.961851Z",
            "yes_price": 21,
            "no_price": 79,
            "taker_side": "yes"
        },
        {
            "trade_id": "e8a46cf5-6393-4bc7-bc4d-b292e1db0f41",
            "ticker": "HIGHMIA-24MAR15-T84",
            "count": 11,
            "created_time": "2024-03-15T00:06:39.261673Z",
            "yes_price": 14,
            "no_price": 86,
            "taker_side": "no"
        },
        {
            "trade_id": "9c92243e-acbb-4b60-8d1e-da82d8847e41",
            "ticker": "HIGHMIA-24MAR15-T84",
            "count": 13,
            "created_time": "2024-03-14T22:10:10.098603Z",
            "yes_price": 22,
            "no_price": 78,
            "taker_side": "yes"
        },
        {
            "trade_id": "1bda8184-8a16-4cf4-88a5-c65f7f916b7b",
            "ticker": "HIGHMIA-24MAR15-T84",
            "count": 32,
            "created_time": "2024-03-14T22:10:10.098603Z",
            "yes_price": 20,
            "no_price": 80,
            "taker_side": "yes"
        },
        {
            "trade_id": "71efccd4-e24e-4412-8cbd-86c73f0ade16",
            "ticker": "HIGHMIA-24MAR15-T84",
            "count": 145,
            "created_time": "2024-03-14T22:02:34.271644Z",
            "yes_price": 15,
            "no_price": 85,
            "taker_side": "no"
        },
        {
            "trade_id": "436b59a6-b11b-4998-85e0-d0147d4bbfc2",
            "ticker": "HIGHMIA-24MAR15-T84",
            "count": 53,
            "created_time": "2024-03-14T22:02:34.271644Z",
            "yes_price": 15,
            "no_price": 85,
            "taker_side": "no"
        },
        {
            "trade_id": "24097411-400e-4357-a504-1ce575e998bb",
            "ticker": "HIGHMIA-24MAR15-T84",
            "count": 21,
            "created_time": "2024-03-14T22:02:34.271644Z",
            "yes_price": 17,
            "no_price": 83,
            "taker_side": "no"
        },
        {
            "trade_id": "c2e9503b-d232-4652-9508-b1c853004a3b",
            "ticker": "HIGHMIA-24MAR15-T84",
            "count": 46,
            "created_time": "2024-03-14T21:03:38.576598Z",
            "yes_price": 20,
            "no_price": 80,
            "taker_side": "yes"
        },
        {
            "trade_id": "1b015a3e-ac76-4610-b95b-4353fe3dfb7e",
            "ticker": "HIGHMIA-24MAR15-T84",
            "count": 47,
            "created_time": "2024-03-14T21:03:38.576598Z",
            "yes_price": 19,
            "no_price": 81,
            "taker_side": "yes"
        },
        {
            "trade_id": "0edbb555-2fdd-4342-a778-fecf523c2082",
            "ticker": "HIGHMIA-24MAR15-T84",
            "count": 12,
            "created_time": "2024-03-14T21:03:38.576598Z",
            "yes_price": 17,
            "no_price": 83,
            "taker_side": "yes"
        },
        {
            "trade_id": "cb05b7a9-afd3-48ea-9524-8d792f6c22c7",
            "ticker": "HIGHMIA-24MAR15-T84",
            "count": 2,
            "created_time": "2024-03-14T20:56:53.4999Z",
            "yes_price": 17,
            "no_price": 83,
            "taker_side": "no"
        },
        {
            "trade_id": "776ba98e-caba-400c-bead-784f13a731ef",
            "ticker": "HIGHMIA-24MAR15-T84",
            "count": 23,
            "created_time": "2024-03-14T20:30:08.698144Z",
            "yes_price": 17,
            "no_price": 83,
            "taker_side": "yes"
        },
        {
            "trade_id": "ba8633cd-16a7-4c19-821d-3c2138eb01db",
            "ticker": "HIGHMIA-24MAR15-T84",
            "count": 26,
            "created_time": "2024-03-14T17:51:56.120712Z",
            "yes_price": 17,
            "no_price": 83,
            "taker_side": "no"
        },
        {
            "trade_id": "4abc4c94-c63f-419a-86eb-d56d54de8505",
            "ticker": "HIGHMIA-24MAR15-T84",
            "count": 66,
            "created_time": "2024-03-14T17:51:56.120712Z",
            "yes_price": 15,
            "no_price": 85,
            "taker_side": "no"
        },
        {
            "trade_id": "c0c8f760-069e-40a4-bff8-4c03fc0261ff",
            "ticker": "HIGHMIA-24MAR15-T84",
            "count": 66,
            "created_time": "2024-03-14T17:50:58.344158Z",
            "yes_price": 21,
            "no_price": 79,
            "taker_side": "no"
        },
        {
            "trade_id": "bd2bba8c-6233-4e1e-bfd3-6c0d569175ba",
            "ticker": "HIGHMIA-24MAR15-T84",
            "count": 66,
            "created_time": "2024-03-14T17:50:58.344158Z",
            "yes_price": 23,
            "no_price": 77,
            "taker_side": "no"
        },
        {
            "trade_id": "2db0e80f-ad78-43e8-b9e0-6364db4b7791",
            "ticker": "HIGHMIA-24MAR15-T84",
            "count": 10,
            "created_time": "2024-03-14T14:17:04.040738Z",
            "yes_price": 21,
            "no_price": 79,
            "taker_side": "no"
        }
    ]
}