{
    "HIGHMIA-24APR16-T77": [],
    "HIGHMIA-24APR16-B77.5": [],
    "HIGHMIA-24APR16-B79.5": [
        {
            "trade_id": "75ffe757-2988-41c1-ae5f-18d01380a7aa",
            "ticker": "HIGHMIA-24APR16-B79.5",
            "count": 1,
            "created_time": "2024-04-16T18:50:06.75298Z",
            "yes_price": 75,
            "no_price": 25,
            "taker_side": "yes"
        },
        {
            "trade_id": "ffd3f0fd-d0b3-483e-a368-8c9ff686fe35",
            "ticker": "HIGHMIA-24APR16-B79.5",
            "count": 4,
            "created_time": "2024-04-16T14:52:46.952917Z",
            "yes_price": 9,
            "no_price": 91,
            "taker_side": "yes"
        },
        {
            "trade_id": "9d9bde4f-659d-4130-95be-7a25548397bf",
            "ticker": "HIGHMIA-24APR16-B79.5",
            "count": 1,
            "created_time": "2024-04-16T14:52:46.952917Z",
            "yes_price": 1,
            "no_price": 99,
            "taker_side": "yes"
        },
        {
            "trade_id": "7074e447-aeb9-41d2-8d3f-6b2721d18bb2",
            "ticker": "HIGHMIA-24APR16-B79.5",
            "count": 1,
            "created_time": "2024-04-16T14:52:46.952917Z",
            "yes_price": 6,
            "no_price": 94,
            "taker_side": "yes"
        },
        {
            "trade_id": "29a94657-3518-4650-b87e-74facf55244c",
            "ticker": "HIGHMIA-24APR16-B79.5",
            "count": 11,
            "created_time": "2024-04-16T14:52:46.952917Z",
            "yes_price": 1,
            "no_price": 99,
            "taker_side": "yes"
        },
        {
            "trade_id": "1fed54fa-5b36-4260-a659-6d72198e0734",
            "ticker": "HIGHMIA-24APR16-B79.5",
            "count": 1,
            "created_time": "2024-04-16T13:33:00.582349Z",
            "yes_price": 1,
            "no_price": 99,
            "taker_side": "no"
        },
        {
            "trade_id": "88afdcad-2c02-44f3-9421-09d3b22557d0",
            "ticker": "HIGHMIA-24APR16-B79.5",
            "count": 1,
            "created_time": "2024-04-16T13:14:08.771505Z",
            "yes_price": 5,
            "no_price": 95,
            "taker_side": "yes"
        },
        {
            "trade_id": "0da68eea-5f71-455e-83be-b730893df7b2",
            "ticker": "HIGHMIA-24APR16-B79.5",
            "count": 9,
            "created_time": "2024-04-16T13:14:08.771505Z",
            "yes_price": 6,
            "no_price": 94,
            "taker_side": "yes"
        },
        {
            "trade_id": "9f13d8e0-f8b4-4dc9-a549-01ace7f1f2d0",
            "ticker": "HIGHMIA-24APR16-B79.5",
            "count": 4,
            "created_time": "2024-04-15T19:42:48.67464Z",
            "yes_price": 5,
            "no_price": 95,
            "taker_side": "yes"
        },
        {
            "trade_id": "735c1e3c-3df3-4154-b2f2-78ace54e28a3",
            "ticker": "HIGHMIA-24APR16-B79.5",
            "count": 93,
            "created_time": "2024-04-15T16:21:29.25866Z",
            "yes_price": 5,
            "no_price": 95,
            "taker_side": "yes"
        }
    ],
    "HIGHMIA-24APR16-B81.5": [
        {
            "trade_id": "3176322b-a6fc-4fa9-8dc4-74cb0c96ad96",
            "ticker": "HIGHMIA-24APR16-B81.5",
            "count": 155,
            "created_time": "2024-04-16T21:41:43.629641Z",
            "yes_price": 3,
            "no_price": 97,
            "taker_side": "yes"
        },
        {
            "trade_id": "0024bbf4-a063-482b-bd82-3b21459a00ea",
            "ticker": "HIGHMIA-24APR16-B81.5",
            "count": 1,
            "created_time": "2024-04-16T21:41:43.629641Z",
            "yes_price": 2,
            "no_price": 98,
            "taker_side": "yes"
        },
        {
            "trade_id": "285827e9-dc58-4daf-8867-25733ea03ee4",
            "ticker": "HIGHMIA-24APR16-B81.5",
            "count": 49,
            "created_time": "2024-04-16T21:04:54.233317Z",
            "yes_price": 3,
            "no_price": 97,
            "taker_side": "yes"
        },
        {
            "trade_id": "1c2583ba-56d2-4d1c-a582-9f4a674997b5",
            "ticker": "HIGHMIA-24APR16-B81.5",
            "count": 1,
            "created_time": "2024-04-16T21:04:54.233317Z",
            "yes_price": 2,
            "no_price": 98,
            "taker_side": "yes"
        },
        {
            "trade_id": "c4c1c59b-f891-4f38-a6f4-8df51ffa76e6",
            "ticker": "HIGHMIA-24APR16-B81.5",
            "count": 35,
            "created_time": "2024-04-16T20:55:51.459289Z",
            "yes_price": 3,
            "no_price": 97,
            "taker_side": "yes"
        },
        {
            "trade_id": "99d0fa73-6efb-48f8-aae3-83aabf144508",
            "ticker": "HIGHMIA-24APR16-B81.5",
            "count": 19,
            "created_time": "2024-04-16T20:18:34.481703Z",
            "yes_price": 50,
            "no_price": 50,
            "taker_side": "yes"
        },
        {
            "trade_id": "71199b64-3e70-4253-accc-8afbb38c8440",
            "ticker": "HIGHMIA-24APR16-B81.5",
            "count": 2,
            "created_time": "2024-04-16T13:40:54.694511Z",
            "yes_price": 99,
            "no_price": 1,
            "taker_side": "yes"
        },
        {
            "trade_id": "ff424af7-35f3-4431-bbc1-f27a0c6f2067",
            "ticker": "HIGHMIA-24APR16-B81.5",
            "count": 4,
            "created_time": "2024-04-16T13:36:45.838525Z",
            "yes_price": 99,
            "no_price": 1,
            "taker_side": "yes"
        },
        {
            "trade_id": "aa48c72f-25ba-4a9b-b34b-468a4dd25835",
            "ticker": "HIGHMIA-24APR16-B81.5",
            "count": 1,
            "created_time": "2024-04-16T13:34:18.903387Z",
            "yes_price": 99,
            "no_price": 1,
            "taker_side": "yes"
        },
        {
            "trade_id": "1a7c508e-1c9d-40dd-a67d-96bb2ffc3f70",
            "ticker": "HIGHMIA-24APR16-B81.5",
            "count": 12,
            "created_time": "2024-04-16T13:33:00.528963Z",
            "yes_price": 73,
            "no_price": 27,
            "taker_side": "yes"
        },
        {
            "trade_id": "8edac783-3c3e-4070-8c75-b0bb9a114bd7",
            "ticker": "HIGHMIA-24APR16-B81.5",
            "count": 1,
            "created_time": "2024-04-16T12:32:02.981389Z",
            "yes_price": 75,
            "no_price": 25,
            "taker_side": "yes"
        },
        {
            "trade_id": "1ffa9405-0774-47e7-afc5-90eaaf9d846b",
            "ticker": "HIGHMIA-24APR16-B81.5",
            "count": 22,
            "created_time": "2024-04-16T12:06:02.07904Z",
            "yes_price": 72,
            "no_price": 28,
            "taker_side": "no"
        },
        {
            "trade_id": "c0baf6e1-3a76-4a7e-9521-81be8f0ef264",
            "ticker": "HIGHMIA-24APR16-B81.5",
            "count": 11,
            "created_time": "2024-04-16T12:05:35.669199Z",
            "yes_price": 73,
            "no_price": 27,
            "taker_side": "no"
        },
        {
            "trade_id": "3861623c-dc98-42e1-aa5b-ebe115d5db9a",
            "ticker": "HIGHMIA-24APR16-B81.5",
            "count": 37,
            "created_time": "2024-04-16T00:45:48.094502Z",
            "yes_price": 64,
            "no_price": 36,
            "taker_side": "yes"
        },
        {
            "trade_id": "cc7abd3a-f020-4a2d-b95e-b8a6810c821f",
            "ticker": "HIGHMIA-24APR16-B81.5",
            "count": 75,
            "created_time": "2024-04-16T00:00:29.211602Z",
            "yes_price": 63,
            "no_price": 37,
            "taker_side": "yes"
        },
        {
            "trade_id": "bfae70c4-548e-458f-a921-5a6846245ebe",
            "ticker": "HIGHMIA-24APR16-B81.5",
            "count": 37,
            "created_time": "2024-04-16T00:00:29.211602Z",
            "yes_price": 61,
            "no_price": 39,
            "taker_side": "yes"
        },
        {
            "trade_id": "d2d77979-a276-454c-b522-6257ae73efa7",
            "ticker": "HIGHMIA-24APR16-B81.5",
            "count": 37,
            "created_time": "2024-04-15T23:54:13.107467Z",
            "yes_price": 58,
            "no_price": 42,
            "taker_side": "yes"
        },
        {
            "trade_id": "5b8e2e4e-519b-485a-a61b-34b4f56385f3",
            "ticker": "HIGHMIA-24APR16-B81.5",
            "count": 75,
            "created_time": "2024-04-15T23:54:13.107467Z",
            "yes_price": 60,
            "no_price": 40,
            "taker_side": "yes"
        },
        {
            "trade_id": "0be332ff-5674-4500-a00d-8735fc165fc5",
            "ticker": "HIGHMIA-24APR16-B81.5",
            "count": 2,
            "created_time": "2024-04-15T23:54:13.107467Z",
            "yes_price": 55,
            "no_price": 45,
            "taker_side": "yes"
        },
        {
            "trade_id": "e00ea087-848d-4e46-8278-7800743bf4ce",
            "ticker": "HIGHMIA-24APR16-B81.5",
            "count": 11,
            "created_time": "2024-04-15T18:31:18.758073Z",
            "yes_price": 57,
            "no_price": 43,
            "taker_side": "yes"
        },
        {
            "trade_id": "b15b5bd4-0b7b-455d-bfc1-e4c50dfdb787",
            "ticker": "HIGHMIA-24APR16-B81.5",
            "count": 25,
            "created_time": "2024-04-15T18:31:12.757651Z",
            "yes_price": 57,
            "no_price": 43,
            "taker_side": "yes"
        },
        {
            "trade_id": "d0a7ad10-2e1c-42a8-a9d8-89f77cb8a587",
            "ticker": "HIGHMIA-24APR16-B81.5",
            "count": 79,
            "created_time": "2024-04-15T18:16:57.230834Z",
            "yes_price": 55,
            "no_price": 45,
            "taker_side": "yes"
        },
        {
            "trade_id": "c2aaf81b-3081-4843-b2e3-948740fe20d7",
            "ticker": "HIGHMIA-24APR16-B81.5",
            "count": 80,
            "created_time": "2024-04-15T18:16:57.230834Z",
            "yes_price": 54,
            "no_price": 46,
            "taker_side": "yes"
        },
        {
            "trade_id": "82672df4-b442-4eb0-b1e9-a08ddf2bab77",
            "ticker": "HIGHMIA-24APR16-B81.5",
            "count": 23,
            "created_time": "2024-04-15T18:16:57.230834Z",
            "yes_price": 50,
            "no_price": 50,
            "taker_side": "yes"
        },
        {
            "trade_id": "79d9e750-9031-4549-a3f0-84d7280be251",
            "ticker": "HIGHMIA-24APR16-B81.5",
            "count": 79,
            "created_time": "2024-04-15T18:16:57.230834Z",
            "yes_price": 53,
            "no_price": 47,
            "taker_side": "yes"
        },
        {
            "trade_id": "f1384f69-a35a-4212-86ae-1de88cf8c1d1",
            "ticker": "HIGHMIA-24APR16-B81.5",
            "count": 10,
            "created_time": "2024-04-15T17:30:29.379944Z",
            "yes_price": 36,
            "no_price": 64,
            "taker_side": "no"
        },
        {
            "trade_id": "fcbb5a37-0b9d-4303-a1f4-986e2435a267",
            "ticker": "HIGHMIA-24APR16-B81.5",
            "count": 14,
            "created_time": "2024-04-15T16:21:41.934428Z",
            "yes_price": 33,
            "no_price": 67,
            "taker_side": "yes"
        },
        {
            "trade_id": "8e79efec-1de2-483d-b167-5e7cce7e8463",
            "ticker": "HIGHMIA-24APR16-B81.5",
            "count": 11,
            "created_time": "2024-04-15T14:44:33.074536Z",
            "yes_price": 24,
            "no_price": 76,
            "taker_side": "no"
        }
    ],
    "HIGHMIA-24APR16-B83.5": [
        {
            "trade_id": "2755d633-8aa1-4eb1-bff3-d656d8315556",
            "ticker": "HIGHMIA-24APR16-B83.5",
            "count": 1,
            "created_time": "2024-04-17T00:15:15.179425Z",
            "yes_price": 99,
            "no_price": 1,
            "taker_side": "yes"
        },
        {
            "trade_id": "ffb68cd6-d8d2-4de7-8b1f-9d14cf509dc9",
            "ticker": "HIGHMIA-24APR16-B83.5",
            "count": 35,
            "created_time": "2024-04-16T22:56:04.872451Z",
            "yes_price": 70,
            "no_price": 30,
            "taker_side": "no"
        },
        {
            "trade_id": "9f17ed41-e223-4429-877e-c7dc6195bb85",
            "ticker": "HIGHMIA-24APR16-B83.5",
            "count": 1,
            "created_time": "2024-04-16T22:39:28.648194Z",
            "yes_price": 91,
            "no_price": 9,
            "taker_side": "no"
        },
        {
            "trade_id": "6f17cd99-a42d-40c7-b184-f76b23f930da",
            "ticker": "HIGHMIA-24APR16-B83.5",
            "count": 5,
            "created_time": "2024-04-16T22:39:28.648194Z",
            "yes_price": 79,
            "no_price": 21,
            "taker_side": "no"
        },
        {
            "trade_id": "51e66fe5-974b-43d1-a1ab-31a7c5dea1fa",
            "ticker": "HIGHMIA-24APR16-B83.5",
            "count": 10,
            "created_time": "2024-04-16T22:39:28.648194Z",
            "yes_price": 90,
            "no_price": 10,
            "taker_side": "no"
        },
        {
            "trade_id": "096c5def-8bbf-48c8-9945-4e6487cd423a",
            "ticker": "HIGHMIA-24APR16-B83.5",
            "count": 19,
            "created_time": "2024-04-16T22:39:28.648194Z",
            "yes_price": 70,
            "no_price": 30,
            "taker_side": "no"
        },
        {
            "trade_id": "ed7ff3ea-3691-4f66-9bcf-8496707c6200",
            "ticker": "HIGHMIA-24APR16-B83.5",
            "count": 6,
            "created_time": "2024-04-16T20:16:03.82024Z",
            "yes_price": 80,
            "no_price": 20,
            "taker_side": "yes"
        },
        {
            "trade_id": "58dcde31-d059-42cd-b8f4-c8afa2d65bd9",
            "ticker": "HIGHMIA-24APR16-B83.5",
            "count": 80,
            "created_time": "2024-04-16T20:16:03.82024Z",
            "yes_price": 81,
            "no_price": 19,
            "taker_side": "yes"
        },
        {
            "trade_id": "965e091a-5b7a-4250-ab53-3a98f434e386",
            "ticker": "HIGHMIA-24APR16-B83.5",
            "count": 2,
            "created_time": "2024-04-16T13:44:24.107351Z",
            "yes_price": 25,
            "no_price": 75,
            "taker_side": "no"
        },
        {
            "trade_id": "a0c84b49-31e5-4f20-89ed-ad13ab7d996c",
            "ticker": "HIGHMIA-24APR16-B83.5",
            "count": 2,
            "created_time": "2024-04-16T13:40:54.757532Z",
            "yes_price": 25,
            "no_price": 75,
            "taker_side": "no"
        },
        {
            "trade_id": "6dfbdc38-c7c1-4a74-8aab-1499c1826702",
            "ticker": "HIGHMIA-24APR16-B83.5",
            "count": 4,
            "created_time": "2024-04-16T13:36:45.898882Z",
            "yes_price": 25,
            "no_price": 75,
            "taker_side": "no"
        },
        {
            "trade_id": "e9aca2a6-e0a1-456a-b9d7-95521a6dacf8",
            "ticker": "HIGHMIA-24APR16-B83.5",
            "count": 1,
            "created_time": "2024-04-16T13:34:18.959228Z",
            "yes_price": 25,
            "no_price": 75,
            "taker_side": "no"
        },
        {
            "trade_id": "de58d175-62cb-44a8-b26b-dc9389edb59f",
            "ticker": "HIGHMIA-24APR16-B83.5",
            "count": 12,
            "created_time": "2024-04-16T13:33:00.578413Z",
            "yes_price": 25,
            "no_price": 75,
            "taker_side": "no"
        },
        {
            "trade_id": "fd49614c-d67f-421e-8a52-95db60ff8bca",
            "ticker": "HIGHMIA-24APR16-B83.5",
            "count": 37,
            "created_time": "2024-04-16T12:56:11.354724Z",
            "yes_price": 34,
            "no_price": 66,
            "taker_side": "yes"
        },
        {
            "trade_id": "e8d96890-4071-41f0-a105-c3be2492a492",
            "ticker": "HIGHMIA-24APR16-B83.5",
            "count": 1,
            "created_time": "2024-04-16T12:56:11.354724Z",
            "yes_price": 33,
            "no_price": 67,
            "taker_side": "yes"
        },
        {
            "trade_id": "3fec6bd5-0d12-4ff0-98c6-bf737174d04e",
            "ticker": "HIGHMIA-24APR16-B83.5",
            "count": 37,
            "created_time": "2024-04-16T12:56:11.354724Z",
            "yes_price": 32,
            "no_price": 68,
            "taker_side": "yes"
        },
        {
            "trade_id": "aef0861a-691b-45ac-a348-80deb8704c24",
            "ticker": "HIGHMIA-24APR16-B83.5",
            "count": 11,
            "created_time": "2024-04-16T12:56:02.338105Z",
            "yes_price": 26,
            "no_price": 74,
            "taker_side": "yes"
        },
        {
            "trade_id": "6315072c-c43b-4af9-8c32-f0cad36091a6",
            "ticker": "HIGHMIA-24APR16-B83.5",
            "count": 37,
            "created_time": "2024-04-16T12:56:02.338105Z",
            "yes_price": 30,
            "no_price": 70,
            "taker_side": "yes"
        },
        {
            "trade_id": "2976fe2f-67ca-407d-b1df-3dfa72cb7d19",
            "ticker": "HIGHMIA-24APR16-B83.5",
            "count": 37,
            "created_time": "2024-04-16T12:56:02.338105Z",
            "yes_price": 28,
            "no_price": 72,
            "taker_side": "yes"
        },
        {
            "trade_id": "d48ae08e-252f-47c3-a170-f05810b31d55",
            "ticker": "HIGHMIA-24APR16-B83.5",
            "count": 3,
            "created_time": "2024-04-16T12:32:53.402139Z",
            "yes_price": 27,
            "no_price": 73,
            "taker_side": "yes"
        },
        {
            "trade_id": "130ec149-15da-498a-b2e7-1565a1f8612b",
            "ticker": "HIGHMIA-24APR16-B83.5",
            "count": 20,
            "created_time": "2024-04-16T12:32:47.502477Z",
            "yes_price": 27,
            "no_price": 73,
            "taker_side": "yes"
        },
        {
            "trade_id": "42ae65ae-d45e-49ca-b8b1-917f5cb7b37e",
            "ticker": "HIGHMIA-24APR16-B83.5",
            "count": 1,
            "created_time": "2024-04-16T12:32:03.062385Z",
            "yes_price": 23,
            "no_price": 77,
            "taker_side": "no"
        },
        {
            "trade_id": "ab21dedc-99bc-4357-9795-066e20e97d12",
            "ticker": "HIGHMIA-24APR16-B83.5",
            "count": 14,
            "created_time": "2024-04-16T12:17:15.486243Z",
            "yes_price": 26,
            "no_price": 74,
            "taker_side": "yes"
        },
        {
            "trade_id": "b4044196-ebb3-4c3e-ab0a-767e9e416635",
            "ticker": "HIGHMIA-24APR16-B83.5",
            "count": 45,
            "created_time": "2024-04-16T12:17:03.72158Z",
            "yes_price": 26,
            "no_price": 74,
            "taker_side": "yes"
        },
        {
            "trade_id": "661d53a5-9ef1-41b5-8eec-f74145e9fc35",
            "ticker": "HIGHMIA-24APR16-B83.5",
            "count": 23,
            "created_time": "2024-04-16T12:17:03.72158Z",
            "yes_price": 24,
            "no_price": 76,
            "taker_side": "yes"
        },
        {
            "trade_id": "94dd5768-75d3-4416-9200-d46e2907941d",
            "ticker": "HIGHMIA-24APR16-B83.5",
            "count": 56,
            "created_time": "2024-04-16T12:00:56.423305Z",
            "yes_price": 27,
            "no_price": 73,
            "taker_side": "yes"
        },
        {
            "trade_id": "3198dd31-625c-41af-b79a-6488ba6cb5db",
            "ticker": "HIGHMIA-24APR16-B83.5",
            "count": 56,
            "created_time": "2024-04-16T12:00:56.423305Z",
            "yes_price": 25,
            "no_price": 75,
            "taker_side": "yes"
        },
        {
            "trade_id": "28c734c1-9512-4581-8399-3e703780f07b",
            "ticker": "HIGHMIA-24APR16-B83.5",
            "count": 16,
            "created_time": "2024-04-16T12:00:56.423305Z",
            "yes_price": 23,
            "no_price": 77,
            "taker_side": "yes"
        },
        {
            "trade_id": "2cfeb9a6-0385-40d2-be84-41eac57b8299",
            "ticker": "HIGHMIA-24APR16-B83.5",
            "count": 44,
            "created_time": "2024-04-16T00:51:01.398075Z",
            "yes_price": 27,
            "no_price": 73,
            "taker_side": "no"
        },
        {
            "trade_id": "2c110af7-16e7-496b-ba3a-00f3633475d2",
            "ticker": "HIGHMIA-24APR16-B83.5",
            "count": 75,
            "created_time": "2024-04-15T23:52:48.541507Z",
            "yes_price": 33,
            "no_price": 67,
            "taker_side": "no"
        },
        {
            "trade_id": "35eff8d4-880f-49fd-91ea-5903ccc130ce",
            "ticker": "HIGHMIA-24APR16-B83.5",
            "count": 2,
            "created_time": "2024-04-15T21:59:28.092634Z",
            "yes_price": 40,
            "no_price": 60,
            "taker_side": "yes"
        },
        {
            "trade_id": "b2e2a7ce-3632-42e1-aef5-e8dbca313c5c",
            "ticker": "HIGHMIA-24APR16-B83.5",
            "count": 15,
            "created_time": "2024-04-15T18:31:03.440361Z",
            "yes_price": 39,
            "no_price": 61,
            "taker_side": "yes"
        },
        {
            "trade_id": "7fe1f6de-21e3-4783-80e9-1872afbcf1fa",
            "ticker": "HIGHMIA-24APR16-B83.5",
            "count": 20,
            "created_time": "2024-04-15T18:31:03.440361Z",
            "yes_price": 41,
            "no_price": 59,
            "taker_side": "yes"
        },
        {
            "trade_id": "ece7c0cd-ca65-4746-a9a1-e5acaffa464a",
            "ticker": "HIGHMIA-24APR16-B83.5",
            "count": 35,
            "created_time": "2024-04-15T18:30:57.865221Z",
            "yes_price": 40,
            "no_price": 60,
            "taker_side": "yes"
        },
        {
            "trade_id": "40af9763-e9dc-47e5-82fa-34b099819e07",
            "ticker": "HIGHMIA-24APR16-B83.5",
            "count": 39,
            "created_time": "2024-04-15T18:29:22.115269Z",
            "yes_price": 33,
            "no_price": 67,
            "taker_side": "no"
        },
        {
            "trade_id": "a8a7e305-1ade-4377-a553-1559cbed31e8",
            "ticker": "HIGHMIA-24APR16-B83.5",
            "count": 9,
            "created_time": "2024-04-15T18:16:52.051286Z",
            "yes_price": 37,
            "no_price": 63,
            "taker_side": "no"
        },
        {
            "trade_id": "960ab2e6-88a1-4f8b-bd10-697ce00f2f8a",
            "ticker": "HIGHMIA-24APR16-B83.5",
            "count": 79,
            "created_time": "2024-04-15T18:16:52.051286Z",
            "yes_price": 34,
            "no_price": 66,
            "taker_side": "no"
        },
        {
            "trade_id": "22c2f491-0a2f-43a4-8f42-dc2eb447835c",
            "ticker": "HIGHMIA-24APR16-B83.5",
            "count": 79,
            "created_time": "2024-04-15T18:16:52.051286Z",
            "yes_price": 36,
            "no_price": 64,
            "taker_side": "no"
        },
        {
            "trade_id": "0fb2d624-b621-4d5d-83db-d877e1552fc0",
            "ticker": "HIGHMIA-24APR16-B83.5",
            "count": 23,
            "created_time": "2024-04-15T18:16:52.051286Z",
            "yes_price": 38,
            "no_price": 62,
            "taker_side": "no"
        }
    ],
    "HIGHMIA-24APR16-T84": [
        {
            "trade_id": "e1109302-5504-4849-a22c-78e30b1ce590",
            "ticker": "HIGHMIA-24APR16-T84",
            "count": 1,
            "created_time": "2024-04-17T00:26:59.197124Z",
            "yes_price": 1,
            "no_price": 99,
            "taker_side": "no"
        },
        {
            "trade_id": "a55d41cc-9f27-4572-a52a-d4db7c3839e4",
            "ticker": "HIGHMIA-24APR16-T84",
            "count": 6,
            "created_time": "2024-04-16T14:51:27.201408Z",
            "yes_price": 7,
            "no_price": 93,
            "taker_side": "yes"
        },
        {
            "trade_id": "07ea21f7-9360-497f-88ae-f1d3dd9371f8",
            "ticker": "HIGHMIA-24APR16-T84",
            "count": 2,
            "created_time": "2024-04-16T13:40:54.758221Z",
            "yes_price": 3,
            "no_price": 97,
            "taker_side": "no"
        },
        {
            "trade_id": "9e0c2b04-b771-4ccd-ab51-ce024922669a",
            "ticker": "HIGHMIA-24APR16-T84",
            "count": 4,
            "created_time": "2024-04-16T13:36:45.896255Z",
            "yes_price": 3,
            "no_price": 97,
            "taker_side": "no"
        },
        {
            "trade_id": "b0a18140-4742-4a9a-8573-497e36a43f8f",
            "ticker": "HIGHMIA-24APR16-T84",
            "count": 1,
            "created_time": "2024-04-16T13:34:18.960156Z",
            "yes_price": 3,
            "no_price": 97,
            "taker_side": "no"
        },
        {
            "trade_id": "3d1bfab1-6917-4fc2-82f2-68423213a1b0",
            "ticker": "HIGHMIA-24APR16-T84",
            "count": 12,
            "created_time": "2024-04-16T13:33:00.580252Z",
            "yes_price": 3,
            "no_price": 97,
            "taker_side": "no"
        },
        {
            "trade_id": "e2ad88a6-5cca-4052-8fca-51d994ad48fe",
            "ticker": "HIGHMIA-24APR16-T84",
            "count": 1,
            "created_time": "2024-04-16T12:32:03.054003Z",
            "yes_price": 3,
            "no_price": 97,
            "taker_side": "no"
        },
        {
            "trade_id": "88fa1527-d36f-47f0-b9af-34c6f7a06b0c",
            "ticker": "HIGHMIA-24APR16-T84",
            "count": 1,
            "created_time": "2024-04-16T03:39:39.508934Z",
            "yes_price": 6,
            "no_price": 94,
            "taker_side": "yes"
        },
        {
            "trade_id": "7e54eac1-d0aa-4d20-a2a0-a78b77bfab03",
            "ticker": "HIGHMIA-24APR16-T84",
            "count": 4,
            "created_time": "2024-04-16T03:39:39.508934Z",
            "yes_price": 7,
            "no_price": 93,
            "taker_side": "yes"
        },
        {
            "trade_id": "c5e0dcdd-eb70-4e90-8d00-685a0e492d5f",
            "ticker": "HIGHMIA-24APR16-T84",
            "count": 26,
            "created_time": "2024-04-15T14:20:55.170906Z",
            "yes_price": 9,
            "no_price": 91,
            "taker_side": "yes"
        },
        {
            "trade_id": "cc312892-4f74-49fb-92ca-4dafea998a75",
            "ticker": "HIGHMIA-24APR16-T84",
            "count": 54,
            "created_time": "2024-04-15T14:20:55.139772Z",
            "yes_price": 9,
            "no_price": 91,
            "taker_side": "yes"
        }
    ]
}