{
    "HIGHMIA-24AUG10-T87": [
        {
            "trade_id": "b9ea990c-084a-49e5-a576-9581b76fa27d",
            "ticker": "HIGHMIA-24AUG10-T87",
            "count": 14,
            "created_time": "2024-08-09T22:49:01.890655Z",
            "yes_price": 1,
            "no_price": 99,
            "taker_side": "no"
        },
        {
            "trade_id": "6868ab2b-a839-4933-b489-57de1d3675e7",
            "ticker": "HIGHMIA-24AUG10-T87",
            "count": 36,
            "created_time": "2024-08-09T20:35:53.498791Z",
            "yes_price": 1,
            "no_price": 99,
            "taker_side": "no"
        }
    ],
    "HIGHMIA-24AUG10-B87.5": [
        {
            "trade_id": "b3ea9817-62cf-4888-9776-a94e915671f1",
            "ticker": "HIGHMIA-24AUG10-B87.5",
            "count": 31,
            "created_time": "2024-08-09T22:50:58.862899Z",
            "yes_price": 1,
            "no_price": 99,
            "taker_side": "no"
        },
        {
            "trade_id": "7f7deb65-686d-4f26-8dc3-c188d19309e1",
            "ticker": "HIGHMIA-24AUG10-B87.5",
            "count": 14,
            "created_time": "2024-08-09T22:50:58.862899Z",
            "yes_price": 1,
            "no_price": 99,
            "taker_side": "no"
        },
        {
            "trade_id": "a31ad6e4-7659-4843-b3a3-1a4514624c89",
            "ticker": "HIGHMIA-24AUG10-B87.5",
            "count": 36,
            "created_time": "2024-08-09T20:35:53.521672Z",
            "yes_price": 1,
            "no_price": 99,
            "taker_side": "no"
        }
    ],
    "HIGHMIA-24AUG10-B89.5": [
        {
            "trade_id": "58028801-f6f0-4fe1-841d-b32b6f0d4ec9",
            "ticker": "HIGHMIA-24AUG10-B89.5",
            "count": 1215,
            "created_time": "2024-08-10T22:38:51.1056Z",
            "yes_price": 1,
            "no_price": 99,
            "taker_side": "yes"
        },
        {
            "trade_id": "34346fcf-1e3c-4d8d-9b99-7cfecaeb66ac",
            "ticker": "HIGHMIA-24AUG10-B89.5",
            "count": 93,
            "created_time": "2024-08-10T18:06:14.729506Z",
            "yes_price": 1,
            "no_price": 99,
            "taker_side": "yes"
        },
        {
            "trade_id": "7a7a294a-bd12-4dfa-8eaa-aa00e15636bb",
            "ticker": "HIGHMIA-24AUG10-B89.5",
            "count": 50,
            "created_time": "2024-08-10T15:58:16.769763Z",
            "yes_price": 1,
            "no_price": 99,
            "taker_side": "no"
        },
        {
            "trade_id": "50c95bec-ff50-42ec-8e72-c60e87897806",
            "ticker": "HIGHMIA-24AUG10-B89.5",
            "count": 250,
            "created_time": "2024-08-10T13:59:48.213935Z",
            "yes_price": 9,
            "no_price": 91,
            "taker_side": "no"
        },
        {
            "trade_id": "56e169d2-3442-4985-9aca-943ccbfbbc7b",
            "ticker": "HIGHMIA-24AUG10-B89.5",
            "count": 57,
            "created_time": "2024-08-10T13:09:07.106242Z",
            "yes_price": 9,
            "no_price": 91,
            "taker_side": "yes"
        },
        {
            "trade_id": "03a03377-dd9d-4828-8bf7-5b233ee67164",
            "ticker": "HIGHMIA-24AUG10-B89.5",
            "count": 3,
            "created_time": "2024-08-10T13:09:07.106242Z",
            "yes_price": 14,
            "no_price": 86,
            "taker_side": "yes"
        },
        {
            "trade_id": "d11e94b4-20e9-4236-98f3-462a2e928550",
            "ticker": "HIGHMIA-24AUG10-B89.5",
            "count": 33,
            "created_time": "2024-08-10T12:32:36.32226Z",
            "yes_price": 4,
            "no_price": 96,
            "taker_side": "yes"
        },
        {
            "trade_id": "bdffabda-bf6e-4523-8c73-ee73f1ff7362",
            "ticker": "HIGHMIA-24AUG10-B89.5",
            "count": 110,
            "created_time": "2024-08-10T12:00:43.891013Z",
            "yes_price": 3,
            "no_price": 97,
            "taker_side": "no"
        },
        {
            "trade_id": "b169ad82-906f-4d69-88ce-b5c7b349dd95",
            "ticker": "HIGHMIA-24AUG10-B89.5",
            "count": 90,
            "created_time": "2024-08-10T12:00:43.873008Z",
            "yes_price": 3,
            "no_price": 97,
            "taker_side": "no"
        },
        {
            "trade_id": "dced3ca4-2fc3-4f6d-8753-f7a6c15784cb",
            "ticker": "HIGHMIA-24AUG10-B89.5",
            "count": 33,
            "created_time": "2024-08-10T12:00:15.111752Z",
            "yes_price": 4,
            "no_price": 96,
            "taker_side": "no"
        },
        {
            "trade_id": "8e97d41a-74e9-4bf3-b92d-ae242e40b9cf",
            "ticker": "HIGHMIA-24AUG10-B89.5",
            "count": 78,
            "created_time": "2024-08-10T12:00:02.872406Z",
            "yes_price": 4,
            "no_price": 96,
            "taker_side": "no"
        },
        {
            "trade_id": "ff1c9de5-2ab1-4480-a1f2-6a6d4c15525e",
            "ticker": "HIGHMIA-24AUG10-B89.5",
            "count": 14,
            "created_time": "2024-08-10T00:19:53.982226Z",
            "yes_price": 4,
            "no_price": 96,
            "taker_side": "no"
        },
        {
            "trade_id": "ff5c3716-e8cb-452d-bf39-207198a9d3b9",
            "ticker": "HIGHMIA-24AUG10-B89.5",
            "count": 14,
            "created_time": "2024-08-10T00:19:53.870248Z",
            "yes_price": 5,
            "no_price": 95,
            "taker_side": "no"
        },
        {
            "trade_id": "031c5562-a5df-4a37-9e0f-edcd1d805755",
            "ticker": "HIGHMIA-24AUG10-B89.5",
            "count": 36,
            "created_time": "2024-08-09T20:35:53.505561Z",
            "yes_price": 5,
            "no_price": 95,
            "taker_side": "no"
        },
        {
            "trade_id": "06a22b7a-49df-4d87-ba8e-f985d10a7adb",
            "ticker": "HIGHMIA-24AUG10-B89.5",
            "count": 5,
            "created_time": "2024-08-09T18:54:42.010866Z",
            "yes_price": 9,
            "no_price": 91,
            "taker_side": "yes"
        }
    ],
    "HIGHMIA-24AUG10-B91.5": [
        {
            "trade_id": "98b49823-3a0e-4635-8b0d-2314b56a7889",
            "ticker": "HIGHMIA-24AUG10-B91.5",
            "count": 36,
            "created_time": "2024-08-10T22:32:11.721524Z",
            "yes_price": 3,
            "no_price": 97,
            "taker_side": "yes"
        },
        {
            "trade_id": "981989db-afa2-4b58-be35-6da8a1adffed",
            "ticker": "HIGHMIA-24AUG10-B91.5",
            "count": 202,
            "created_time": "2024-08-10T22:32:11.721524Z",
            "yes_price": 1,
            "no_price": 99,
            "taker_side": "yes"
        },
        {
            "trade_id": "d44da054-6c0c-43a1-a37c-24004f27c6e4",
            "ticker": "HIGHMIA-24AUG10-B91.5",
            "count": 210,
            "created_time": "2024-08-10T20:39:27.286342Z",
            "yes_price": 3,
            "no_price": 97,
            "taker_side": "yes"
        },
        {
            "trade_id": "3dfc5c31-d4ba-4b03-8290-2eb470bbd81e",
            "ticker": "HIGHMIA-24AUG10-B91.5",
            "count": 162,
            "created_time": "2024-08-10T20:39:27.286342Z",
            "yes_price": 1,
            "no_price": 99,
            "taker_side": "yes"
        },
        {
            "trade_id": "fa3bc5ab-c71c-408b-af73-b3da7dfacf70",
            "ticker": "HIGHMIA-24AUG10-B91.5",
            "count": 1,
            "created_time": "2024-08-10T20:23:42.902586Z",
            "yes_price": 1,
            "no_price": 99,
            "taker_side": "no"
        },
        {
            "trade_id": "8ae99218-884f-4ed8-b25c-6229644d795b",
            "ticker": "HIGHMIA-24AUG10-B91.5",
            "count": 50,
            "created_time": "2024-08-10T20:23:42.902586Z",
            "yes_price": 1,
            "no_price": 99,
            "taker_side": "no"
        },
        {
            "trade_id": "3c18d3e3-a404-4d1a-a12a-e1744f01acb5",
            "ticker": "HIGHMIA-24AUG10-B91.5",
            "count": 75,
            "created_time": "2024-08-10T20:00:52.776499Z",
            "yes_price": 10,
            "no_price": 90,
            "taker_side": "no"
        },
        {
            "trade_id": "31a2426b-a8fd-448c-8193-509eedb4ec1f",
            "ticker": "HIGHMIA-24AUG10-B91.5",
            "count": 19,
            "created_time": "2024-08-10T19:59:16.248015Z",
            "yes_price": 49,
            "no_price": 51,
            "taker_side": "yes"
        },
        {
            "trade_id": "0efe8f2d-d9c0-46b5-84f2-feb5982cbab9",
            "ticker": "HIGHMIA-24AUG10-B91.5",
            "count": 3,
            "created_time": "2024-08-10T19:37:16.408429Z",
            "yes_price": 49,
            "no_price": 51,
            "taker_side": "yes"
        },
        {
            "trade_id": "0ba62e1b-3c29-4246-a6c5-2206f4313706",
            "ticker": "HIGHMIA-24AUG10-B91.5",
            "count": 20,
            "created_time": "2024-08-10T19:11:56.344012Z",
            "yes_price": 10,
            "no_price": 90,
            "taker_side": "yes"
        },
        {
            "trade_id": "3225db01-5f58-493c-95c9-5d60118290e6",
            "ticker": "HIGHMIA-24AUG10-B91.5",
            "count": 100,
            "created_time": "2024-08-10T19:03:51.056245Z",
            "yes_price": 30,
            "no_price": 70,
            "taker_side": "no"
        },
        {
            "trade_id": "03482438-39b4-49f3-9e15-c7aa5b046dbd",
            "ticker": "HIGHMIA-24AUG10-B91.5",
            "count": 50,
            "created_time": "2024-08-10T19:03:51.056245Z",
            "yes_price": 15,
            "no_price": 85,
            "taker_side": "no"
        },
        {
            "trade_id": "92eefd3b-3787-471d-9ad3-fb955482cee0",
            "ticker": "HIGHMIA-24AUG10-B91.5",
            "count": 97,
            "created_time": "2024-08-10T17:59:45.891547Z",
            "yes_price": 50,
            "no_price": 50,
            "taker_side": "no"
        },
        {
            "trade_id": "a029465f-160b-4d2e-9a85-05a8eedce329",
            "ticker": "HIGHMIA-24AUG10-B91.5",
            "count": 1,
            "created_time": "2024-08-10T17:56:01.354711Z",
            "yes_price": 50,
            "no_price": 50,
            "taker_side": "yes"
        },
        {
            "trade_id": "c64bc40a-ff45-4f00-bfdb-74709156c557",
            "ticker": "HIGHMIA-24AUG10-B91.5",
            "count": 295,
            "created_time": "2024-08-10T16:42:04.434167Z",
            "yes_price": 68,
            "no_price": 32,
            "taker_side": "no"
        },
        {
            "trade_id": "81e6ab40-0114-460d-8f46-531b037345d0",
            "ticker": "HIGHMIA-24AUG10-B91.5",
            "count": 40,
            "created_time": "2024-08-10T16:07:05.512851Z",
            "yes_price": 65,
            "no_price": 35,
            "taker_side": "yes"
        },
        {
            "trade_id": "ae08e4ca-5f78-4f65-a29b-0d7159480d65",
            "ticker": "HIGHMIA-24AUG10-B91.5",
            "count": 95,
            "created_time": "2024-08-10T16:07:05.499936Z",
            "yes_price": 62,
            "no_price": 38,
            "taker_side": "yes"
        },
        {
            "trade_id": "ef813ea1-6c36-405c-a92c-674ef559c955",
            "ticker": "HIGHMIA-24AUG10-B91.5",
            "count": 136,
            "created_time": "2024-08-10T16:07:05.458719Z",
            "yes_price": 59,
            "no_price": 41,
            "taker_side": "yes"
        },
        {
            "trade_id": "8164971e-816b-45e7-8127-59364ec7cc34",
            "ticker": "HIGHMIA-24AUG10-B91.5",
            "count": 1,
            "created_time": "2024-08-10T15:11:07.985593Z",
            "yes_price": 59,
            "no_price": 41,
            "taker_side": "yes"
        },
        {
            "trade_id": "1e66458f-786e-41a0-9a89-a8d6a33e4a9c",
            "ticker": "HIGHMIA-24AUG10-B91.5",
            "count": 97,
            "created_time": "2024-08-10T14:50:09.953951Z",
            "yes_price": 59,
            "no_price": 41,
            "taker_side": "yes"
        },
        {
            "trade_id": "f024ee11-a3d8-4ce1-800e-62cb2aaaeac8",
            "ticker": "HIGHMIA-24AUG10-B91.5",
            "count": 36,
            "created_time": "2024-08-10T12:44:29.58484Z",
            "yes_price": 57,
            "no_price": 43,
            "taker_side": "yes"
        },
        {
            "trade_id": "1f1d3867-14c5-49a1-8bdb-97ea090422e7",
            "ticker": "HIGHMIA-24AUG10-B91.5",
            "count": 1,
            "created_time": "2024-08-10T12:39:04.375314Z",
            "yes_price": 56,
            "no_price": 44,
            "taker_side": "no"
        },
        {
            "trade_id": "5ea3665e-7b0b-4fc7-84cd-cbc079f0ed4b",
            "ticker": "HIGHMIA-24AUG10-B91.5",
            "count": 1,
            "created_time": "2024-08-10T12:38:42.177678Z",
            "yes_price": 56,
            "no_price": 44,
            "taker_side": "no"
        },
        {
            "trade_id": "f11dfbde-41e0-4dd5-b1a5-8a994432278b",
            "ticker": "HIGHMIA-24AUG10-B91.5",
            "count": 1,
            "created_time": "2024-08-10T12:38:22.283065Z",
            "yes_price": 56,
            "no_price": 44,
            "taker_side": "no"
        },
        {
            "trade_id": "ebabf1c3-73c8-4319-903a-6cca1db81e20",
            "ticker": "HIGHMIA-24AUG10-B91.5",
            "count": 1,
            "created_time": "2024-08-10T12:38:02.297432Z",
            "yes_price": 56,
            "no_price": 44,
            "taker_side": "no"
        },
        {
            "trade_id": "2f0e7ef3-602c-4a04-a7c2-3ace25c7dce4",
            "ticker": "HIGHMIA-24AUG10-B91.5",
            "count": 1,
            "created_time": "2024-08-10T12:37:41.966415Z",
            "yes_price": 56,
            "no_price": 44,
            "taker_side": "no"
        },
        {
            "trade_id": "c190125b-95a8-4aec-9666-f82d15598ae0",
            "ticker": "HIGHMIA-24AUG10-B91.5",
            "count": 2,
            "created_time": "2024-08-10T12:37:21.875526Z",
            "yes_price": 56,
            "no_price": 44,
            "taker_side": "no"
        },
        {
            "trade_id": "9880ca0b-d7c1-459e-a405-ec382d7cc134",
            "ticker": "HIGHMIA-24AUG10-B91.5",
            "count": 2,
            "created_time": "2024-08-10T12:37:02.217167Z",
            "yes_price": 56,
            "no_price": 44,
            "taker_side": "no"
        },
        {
            "trade_id": "6a092891-e0fe-4db2-94ac-1b72650a31b0",
            "ticker": "HIGHMIA-24AUG10-B91.5",
            "count": 3,
            "created_time": "2024-08-10T12:36:41.771193Z",
            "yes_price": 56,
            "no_price": 44,
            "taker_side": "no"
        },
        {
            "trade_id": "a75ef890-be2d-43dc-a542-a1dadf7cfbe0",
            "ticker": "HIGHMIA-24AUG10-B91.5",
            "count": 4,
            "created_time": "2024-08-10T12:36:21.801485Z",
            "yes_price": 56,
            "no_price": 44,
            "taker_side": "no"
        },
        {
            "trade_id": "e2f258d6-5c1d-470e-8bfc-56444bb4652e",
            "ticker": "HIGHMIA-24AUG10-B91.5",
            "count": 36,
            "created_time": "2024-08-10T12:32:36.372816Z",
            "yes_price": 57,
            "no_price": 43,
            "taker_side": "yes"
        },
        {
            "trade_id": "bf59b911-0b96-486e-b674-5b7ddaa086d0",
            "ticker": "HIGHMIA-24AUG10-B91.5",
            "count": 72,
            "created_time": "2024-08-10T12:28:26.847871Z",
            "yes_price": 57,
            "no_price": 43,
            "taker_side": "yes"
        },
        {
            "trade_id": "3a9b9f45-9843-4e76-b228-28ad754a6365",
            "ticker": "HIGHMIA-24AUG10-B91.5",
            "count": 1,
            "created_time": "2024-08-10T12:27:59.087194Z",
            "yes_price": 56,
            "no_price": 44,
            "taker_side": "no"
        },
        {
            "trade_id": "19383b29-97a2-44f1-baa7-76fd84f25db8",
            "ticker": "HIGHMIA-24AUG10-B91.5",
            "count": 1,
            "created_time": "2024-08-10T12:27:39.072272Z",
            "yes_price": 56,
            "no_price": 44,
            "taker_side": "no"
        },
        {
            "trade_id": "d52dbe4f-90cd-44c5-933b-9b87e80b239f",
            "ticker": "HIGHMIA-24AUG10-B91.5",
            "count": 1,
            "created_time": "2024-08-10T12:27:18.952547Z",
            "yes_price": 56,
            "no_price": 44,
            "taker_side": "no"
        },
        {
            "trade_id": "25d1bed7-f687-41dc-979f-4e2956b49cdf",
            "ticker": "HIGHMIA-24AUG10-B91.5",
            "count": 1,
            "created_time": "2024-08-10T12:26:58.821616Z",
            "yes_price": 56,
            "no_price": 44,
            "taker_side": "no"
        },
        {
            "trade_id": "eba08ed0-bd12-40ae-8133-f7c3e71f4309",
            "ticker": "HIGHMIA-24AUG10-B91.5",
            "count": 2,
            "created_time": "2024-08-10T12:26:38.778928Z",
            "yes_price": 56,
            "no_price": 44,
            "taker_side": "no"
        },
        {
            "trade_id": "1e04d098-8698-4277-ab87-86cd4763e9ba",
            "ticker": "HIGHMIA-24AUG10-B91.5",
            "count": 2,
            "created_time": "2024-08-10T12:26:18.758406Z",
            "yes_price": 56,
            "no_price": 44,
            "taker_side": "no"
        },
        {
            "trade_id": "4b48df00-b8d5-43db-b111-210cc6fc7c58",
            "ticker": "HIGHMIA-24AUG10-B91.5",
            "count": 2,
            "created_time": "2024-08-10T12:25:58.692231Z",
            "yes_price": 56,
            "no_price": 44,
            "taker_side": "no"
        },
        {
            "trade_id": "6c82491d-4cc8-41b8-ac8e-4c09806f932e",
            "ticker": "HIGHMIA-24AUG10-B91.5",
            "count": 2,
            "created_time": "2024-08-10T12:25:38.716609Z",
            "yes_price": 56,
            "no_price": 44,
            "taker_side": "no"
        },
        {
            "trade_id": "7fe54327-b834-465f-9572-7813d77474c1",
            "ticker": "HIGHMIA-24AUG10-B91.5",
            "count": 3,
            "created_time": "2024-08-10T12:25:18.440065Z",
            "yes_price": 56,
            "no_price": 44,
            "taker_side": "no"
        },
        {
            "trade_id": "8af55510-f042-4ef7-8fb2-566d70107922",
            "ticker": "HIGHMIA-24AUG10-B91.5",
            "count": 4,
            "created_time": "2024-08-10T12:24:58.484095Z",
            "yes_price": 56,
            "no_price": 44,
            "taker_side": "no"
        },
        {
            "trade_id": "1080f5a3-092d-492a-9a5a-11224b8b70e9",
            "ticker": "HIGHMIA-24AUG10-B91.5",
            "count": 6,
            "created_time": "2024-08-10T12:24:38.241082Z",
            "yes_price": 56,
            "no_price": 44,
            "taker_side": "no"
        },
        {
            "trade_id": "1105c5ed-b581-40e4-a09d-2d3220534d5d",
            "ticker": "HIGHMIA-24AUG10-B91.5",
            "count": 7,
            "created_time": "2024-08-10T12:24:29.646277Z",
            "yes_price": 56,
            "no_price": 44,
            "taker_side": "yes"
        },
        {
            "trade_id": "78a8f8e9-6c6f-4e41-aaca-0ac1c78ffb0d",
            "ticker": "HIGHMIA-24AUG10-B91.5",
            "count": 9,
            "created_time": "2024-08-10T12:22:58.105441Z",
            "yes_price": 56,
            "no_price": 44,
            "taker_side": "no"
        },
        {
            "trade_id": "776d43f4-f633-43b8-b068-30dcb41b9ee2",
            "ticker": "HIGHMIA-24AUG10-B91.5",
            "count": 12,
            "created_time": "2024-08-10T12:22:37.983273Z",
            "yes_price": 56,
            "no_price": 44,
            "taker_side": "no"
        },
        {
            "trade_id": "299e0c99-9299-4409-ac5c-0e9c6d0a321c",
            "ticker": "HIGHMIA-24AUG10-B91.5",
            "count": 15,
            "created_time": "2024-08-10T12:22:17.856659Z",
            "yes_price": 56,
            "no_price": 44,
            "taker_side": "no"
        },
        {
            "trade_id": "29828f28-92b5-4ee0-928d-53b1944efe05",
            "ticker": "HIGHMIA-24AUG10-B91.5",
            "count": 16,
            "created_time": "2024-08-10T12:21:57.782468Z",
            "yes_price": 56,
            "no_price": 44,
            "taker_side": "no"
        },
        {
            "trade_id": "56b60ee0-898e-46fe-b834-1004537ae651",
            "ticker": "HIGHMIA-24AUG10-B91.5",
            "count": 23,
            "created_time": "2024-08-10T12:21:37.643031Z",
            "yes_price": 56,
            "no_price": 44,
            "taker_side": "no"
        },
        {
            "trade_id": "c9bb034a-a181-4166-832e-4f9b2bb6d3b2",
            "ticker": "HIGHMIA-24AUG10-B91.5",
            "count": 7,
            "created_time": "2024-08-10T12:21:23.061655Z",
            "yes_price": 56,
            "no_price": 44,
            "taker_side": "yes"
        },
        {
            "trade_id": "adff3b63-60ce-49b2-8716-f17e999e279d",
            "ticker": "HIGHMIA-24AUG10-B91.5",
            "count": 18,
            "created_time": "2024-08-10T12:21:17.461844Z",
            "yes_price": 56,
            "no_price": 44,
            "taker_side": "no"
        },
        {
            "trade_id": "02e6efb6-f894-4c2f-b07c-86853767d9ec",
            "ticker": "HIGHMIA-24AUG10-B91.5",
            "count": 37,
            "created_time": "2024-08-10T12:20:57.571711Z",
            "yes_price": 56,
            "no_price": 44,
            "taker_side": "no"
        },
        {
            "trade_id": "c3512034-51ac-42e3-9dca-2028948a21b0",
            "ticker": "HIGHMIA-24AUG10-B91.5",
            "count": 90,
            "created_time": "2024-08-10T12:20:44.031412Z",
            "yes_price": 57,
            "no_price": 43,
            "taker_side": "yes"
        },
        {
            "trade_id": "9a7220f5-3c88-4482-b9e2-3fa093856d5e",
            "ticker": "HIGHMIA-24AUG10-B91.5",
            "count": 3,
            "created_time": "2024-08-10T12:20:39.532698Z",
            "yes_price": 56,
            "no_price": 44,
            "taker_side": "yes"
        },
        {
            "trade_id": "34bd48b8-1614-4094-9b21-3c2aad639013",
            "ticker": "HIGHMIA-24AUG10-B91.5",
            "count": 3,
            "created_time": "2024-08-10T12:20:39.532698Z",
            "yes_price": 56,
            "no_price": 44,
            "taker_side": "yes"
        },
        {
            "trade_id": "1de0c742-3f43-4304-bedc-2e52b268761e",
            "ticker": "HIGHMIA-24AUG10-B91.5",
            "count": 43,
            "created_time": "2024-08-10T12:20:39.532698Z",
            "yes_price": 56,
            "no_price": 44,
            "taker_side": "yes"
        },
        {
            "trade_id": "0eb7e109-8a2c-4c12-9508-20264f88a9f0",
            "ticker": "HIGHMIA-24AUG10-B91.5",
            "count": 5,
            "created_time": "2024-08-10T12:20:39.532698Z",
            "yes_price": 57,
            "no_price": 43,
            "taker_side": "yes"
        },
        {
            "trade_id": "f2a8ee7b-b7d7-4765-b37d-91d567c749eb",
            "ticker": "HIGHMIA-24AUG10-B91.5",
            "count": 19,
            "created_time": "2024-08-10T12:16:56.377729Z",
            "yes_price": 56,
            "no_price": 44,
            "taker_side": "no"
        },
        {
            "trade_id": "480d5169-b208-4011-8a70-fc73eef1d3e8",
            "ticker": "HIGHMIA-24AUG10-B91.5",
            "count": 53,
            "created_time": "2024-08-10T12:16:43.491081Z",
            "yes_price": 56,
            "no_price": 44,
            "taker_side": "yes"
        },
        {
            "trade_id": "52a85be5-949a-43e7-8b00-490c2e22eacc",
            "ticker": "HIGHMIA-24AUG10-B91.5",
            "count": 54,
            "created_time": "2024-08-10T12:16:37.483372Z",
            "yes_price": 56,
            "no_price": 44,
            "taker_side": "yes"
        },
        {
            "trade_id": "b2a91869-ddbf-4e4a-8d9d-ff96b7f01a3f",
            "ticker": "HIGHMIA-24AUG10-B91.5",
            "count": 30,
            "created_time": "2024-08-10T12:08:53.912124Z",
            "yes_price": 56,
            "no_price": 44,
            "taker_side": "no"
        },
        {
            "trade_id": "cddd9cb5-681b-409c-80f1-f89b66d9d420",
            "ticker": "HIGHMIA-24AUG10-B91.5",
            "count": 72,
            "created_time": "2024-08-10T12:08:34.588942Z",
            "yes_price": 57,
            "no_price": 43,
            "taker_side": "yes"
        },
        {
            "trade_id": "ea45f507-635a-45ee-a0b3-4bd4ad25a5b1",
            "ticker": "HIGHMIA-24AUG10-B91.5",
            "count": 1,
            "created_time": "2024-08-10T12:08:34.566192Z",
            "yes_price": 56,
            "no_price": 44,
            "taker_side": "yes"
        },
        {
            "trade_id": "9fd16b0b-0cb2-47fd-b67b-a46baf6e70e6",
            "ticker": "HIGHMIA-24AUG10-B91.5",
            "count": 148,
            "created_time": "2024-08-10T12:08:34.566192Z",
            "yes_price": 57,
            "no_price": 43,
            "taker_side": "yes"
        },
        {
            "trade_id": "5f10fe20-55ef-466e-98e5-e8a3729181d7",
            "ticker": "HIGHMIA-24AUG10-B91.5",
            "count": 31,
            "created_time": "2024-08-10T12:08:34.566192Z",
            "yes_price": 56,
            "no_price": 44,
            "taker_side": "yes"
        },
        {
            "trade_id": "8b91ba43-0123-4733-b07e-949ac8139aba",
            "ticker": "HIGHMIA-24AUG10-B91.5",
            "count": 60,
            "created_time": "2024-08-10T12:08:34.543345Z",
            "yes_price": 52,
            "no_price": 48,
            "taker_side": "yes"
        },
        {
            "trade_id": "7ecdfad2-a896-45cb-9c80-0f2b64d86e0a",
            "ticker": "HIGHMIA-24AUG10-B91.5",
            "count": 56,
            "created_time": "2024-08-10T12:08:34.543345Z",
            "yes_price": 56,
            "no_price": 44,
            "taker_side": "yes"
        },
        {
            "trade_id": "6cbfa69f-c3a3-4b6b-97e7-0564bb9de1f7",
            "ticker": "HIGHMIA-24AUG10-B91.5",
            "count": 2,
            "created_time": "2024-08-10T12:08:34.543345Z",
            "yes_price": 52,
            "no_price": 48,
            "taker_side": "yes"
        },
        {
            "trade_id": "609bf5f4-75d7-4599-a32b-c2b5d815c91f",
            "ticker": "HIGHMIA-24AUG10-B91.5",
            "count": 62,
            "created_time": "2024-08-10T12:08:34.543345Z",
            "yes_price": 53,
            "no_price": 47,
            "taker_side": "yes"
        },
        {
            "trade_id": "d4b01160-e44a-4454-bc69-1aca4f94b79c",
            "ticker": "HIGHMIA-24AUG10-B91.5",
            "count": 15,
            "created_time": "2024-08-10T12:00:43.896958Z",
            "yes_price": 34,
            "no_price": 66,
            "taker_side": "no"
        },
        {
            "trade_id": "87ee8ce0-a35b-4705-9043-9c1e48d2c057",
            "ticker": "HIGHMIA-24AUG10-B91.5",
            "count": 95,
            "created_time": "2024-08-10T12:00:43.896958Z",
            "yes_price": 32,
            "no_price": 68,
            "taker_side": "no"
        },
        {
            "trade_id": "c1b84926-8007-4882-b2ea-827f46d03e35",
            "ticker": "HIGHMIA-24AUG10-B91.5",
            "count": 15,
            "created_time": "2024-08-10T12:00:43.874539Z",
            "yes_price": 49,
            "no_price": 51,
            "taker_side": "no"
        },
        {
            "trade_id": "749967de-238e-4b6e-8525-5f8e2ddf84e2",
            "ticker": "HIGHMIA-24AUG10-B91.5",
            "count": 75,
            "created_time": "2024-08-10T12:00:43.874539Z",
            "yes_price": 34,
            "no_price": 66,
            "taker_side": "no"
        },
        {
            "trade_id": "cc56b666-9f15-4280-8c3d-b4c9870e7145",
            "ticker": "HIGHMIA-24AUG10-B91.5",
            "count": 180,
            "created_time": "2024-08-10T12:00:43.781117Z",
            "yes_price": 49,
            "no_price": 51,
            "taker_side": "no"
        },
        {
            "trade_id": "2d9c51f0-1873-4d4e-b47b-7aed01a4cac9",
            "ticker": "HIGHMIA-24AUG10-B91.5",
            "count": 36,
            "created_time": "2024-08-10T12:00:43.702965Z",
            "yes_price": 49,
            "no_price": 51,
            "taker_side": "no"
        },
        {
            "trade_id": "1efbafa3-7d64-4f83-86db-aef740873808",
            "ticker": "HIGHMIA-24AUG10-B91.5",
            "count": 72,
            "created_time": "2024-08-10T12:00:35.342952Z",
            "yes_price": 49,
            "no_price": 51,
            "taker_side": "no"
        },
        {
            "trade_id": "074539be-480f-44f0-87c1-3a40f2c650f0",
            "ticker": "HIGHMIA-24AUG10-B91.5",
            "count": 51,
            "created_time": "2024-08-10T12:00:26.122481Z",
            "yes_price": 49,
            "no_price": 51,
            "taker_side": "no"
        },
        {
            "trade_id": "2bb347a5-3f01-4ec1-9d55-b24202268d81",
            "ticker": "HIGHMIA-24AUG10-B91.5",
            "count": 36,
            "created_time": "2024-08-10T12:00:23.291359Z",
            "yes_price": 49,
            "no_price": 51,
            "taker_side": "no"
        },
        {
            "trade_id": "6e57825d-c0f5-4bc0-8a25-a0429f6184a8",
            "ticker": "HIGHMIA-24AUG10-B91.5",
            "count": 33,
            "created_time": "2024-08-10T12:00:15.111525Z",
            "yes_price": 49,
            "no_price": 51,
            "taker_side": "no"
        },
        {
            "trade_id": "83a68573-5394-4a4d-9d04-e16106a5fa57",
            "ticker": "HIGHMIA-24AUG10-B91.5",
            "count": 33,
            "created_time": "2024-08-10T12:00:15.058028Z",
            "yes_price": 49,
            "no_price": 51,
            "taker_side": "no"
        },
        {
            "trade_id": "33bfb381-9ca4-491a-b4be-b418e19c893a",
            "ticker": "HIGHMIA-24AUG10-B91.5",
            "count": 18,
            "created_time": "2024-08-10T12:00:14.967845Z",
            "yes_price": 49,
            "no_price": 51,
            "taker_side": "no"
        },
        {
            "trade_id": "aed41747-4d73-4e9e-8e3f-045e3b1ea6f4",
            "ticker": "HIGHMIA-24AUG10-B91.5",
            "count": 180,
            "created_time": "2024-08-10T12:00:14.93677Z",
            "yes_price": 49,
            "no_price": 51,
            "taker_side": "no"
        },
        {
            "trade_id": "4b148aec-de97-4cc5-8001-2249c8cb7b1d",
            "ticker": "HIGHMIA-24AUG10-B91.5",
            "count": 78,
            "created_time": "2024-08-10T12:00:02.87141Z",
            "yes_price": 49,
            "no_price": 51,
            "taker_side": "no"
        },
        {
            "trade_id": "adadc66f-8fa2-40b5-90c5-3b7c04f42c5d",
            "ticker": "HIGHMIA-24AUG10-B91.5",
            "count": 62,
            "created_time": "2024-08-10T12:00:02.806985Z",
            "yes_price": 43,
            "no_price": 57,
            "taker_side": "yes"
        },
        {
            "trade_id": "32937282-43bd-4d29-a27a-9eed71a227bd",
            "ticker": "HIGHMIA-24AUG10-B91.5",
            "count": 34,
            "created_time": "2024-08-10T12:00:02.806985Z",
            "yes_price": 43,
            "no_price": 57,
            "taker_side": "yes"
        },
        {
            "trade_id": "3f57197a-7e73-4548-b6a1-0b18b836b202",
            "ticker": "HIGHMIA-24AUG10-B91.5",
            "count": 51,
            "created_time": "2024-08-10T03:12:28.827076Z",
            "yes_price": 33,
            "no_price": 67,
            "taker_side": "yes"
        },
        {
            "trade_id": "26df17d2-26e4-4abc-bc98-650089f49a20",
            "ticker": "HIGHMIA-24AUG10-B91.5",
            "count": 108,
            "created_time": "2024-08-10T02:49:10.672906Z",
            "yes_price": 31,
            "no_price": 69,
            "taker_side": "yes"
        },
        {
            "trade_id": "429d27cb-ae25-4eb8-9371-cbc19de5a89e",
            "ticker": "HIGHMIA-24AUG10-B91.5",
            "count": 54,
            "created_time": "2024-08-10T02:48:32.01307Z",
            "yes_price": 30,
            "no_price": 70,
            "taker_side": "yes"
        },
        {
            "trade_id": "07f5b4b3-f5e4-4373-ac72-571b5b89597a",
            "ticker": "HIGHMIA-24AUG10-B91.5",
            "count": 18,
            "created_time": "2024-08-10T01:04:38.036713Z",
            "yes_price": 24,
            "no_price": 76,
            "taker_side": "no"
        },
        {
            "trade_id": "e3f93d7b-56ab-48fd-aced-8477c3e06899",
            "ticker": "HIGHMIA-24AUG10-B91.5",
            "count": 18,
            "created_time": "2024-08-10T00:20:03.557801Z",
            "yes_price": 24,
            "no_price": 76,
            "taker_side": "no"
        },
        {
            "trade_id": "ae4798eb-7e58-4dc5-b560-cedbb5de591f",
            "ticker": "HIGHMIA-24AUG10-B91.5",
            "count": 14,
            "created_time": "2024-08-10T00:19:53.981196Z",
            "yes_price": 24,
            "no_price": 76,
            "taker_side": "no"
        },
        {
            "trade_id": "46557b0e-da2e-4a45-99a8-73b258b2ffa6",
            "ticker": "HIGHMIA-24AUG10-B91.5",
            "count": 108,
            "created_time": "2024-08-10T00:19:53.80304Z",
            "yes_price": 24,
            "no_price": 76,
            "taker_side": "yes"
        },
        {
            "trade_id": "1f8c9a7d-f1e6-4169-973a-c2f19ca7adea",
            "ticker": "HIGHMIA-24AUG10-B91.5",
            "count": 14,
            "created_time": "2024-08-10T00:19:53.80304Z",
            "yes_price": 24,
            "no_price": 76,
            "taker_side": "yes"
        },
        {
            "trade_id": "d67a40e9-3066-42b2-99e3-bfe8c3db7a68",
            "ticker": "HIGHMIA-24AUG10-B91.5",
            "count": 18,
            "created_time": "2024-08-09T23:56:33.278443Z",
            "yes_price": 23,
            "no_price": 77,
            "taker_side": "no"
        },
        {
            "trade_id": "ac7de209-58de-4ccf-ab69-13e1a411aa01",
            "ticker": "HIGHMIA-24AUG10-B91.5",
            "count": 18,
            "created_time": "2024-08-09T23:25:13.322333Z",
            "yes_price": 23,
            "no_price": 77,
            "taker_side": "yes"
        },
        {
            "trade_id": "94a91229-c980-4739-b0b3-0ebed2458c5e",
            "ticker": "HIGHMIA-24AUG10-B91.5",
            "count": 36,
            "created_time": "2024-08-09T20:35:53.505943Z",
            "yes_price": 32,
            "no_price": 68,
            "taker_side": "no"
        },
        {
            "trade_id": "266902ba-dadf-4d34-b159-5549d2b69d05",
            "ticker": "HIGHMIA-24AUG10-B91.5",
            "count": 1,
            "created_time": "2024-08-09T19:27:12.230481Z",
            "yes_price": 33,
            "no_price": 67,
            "taker_side": "yes"
        },
        {
            "trade_id": "a3ee9d05-543e-42f4-9573-3772bbcb181d",
            "ticker": "HIGHMIA-24AUG10-B91.5",
            "count": 1,
            "created_time": "2024-08-09T19:26:42.166246Z",
            "yes_price": 33,
            "no_price": 67,
            "taker_side": "yes"
        },
        {
            "trade_id": "9b7a53c3-7732-4bfc-a11c-ca8b75693d38",
            "ticker": "HIGHMIA-24AUG10-B91.5",
            "count": 2,
            "created_time": "2024-08-09T19:26:13.732951Z",
            "yes_price": 33,
            "no_price": 67,
            "taker_side": "yes"
        },
        {
            "trade_id": "87021fc0-edf8-4ddb-8346-07db5ba536f1",
            "ticker": "HIGHMIA-24AUG10-B91.5",
            "count": 2,
            "created_time": "2024-08-09T19:25:41.817264Z",
            "yes_price": 33,
            "no_price": 67,
            "taker_side": "yes"
        },
        {
            "trade_id": "5cca6cff-0dc1-48c4-92d8-c06b493bf675",
            "ticker": "HIGHMIA-24AUG10-B91.5",
            "count": 3,
            "created_time": "2024-08-09T19:25:12.246503Z",
            "yes_price": 33,
            "no_price": 67,
            "taker_side": "yes"
        },
        {
            "trade_id": "49499599-5cef-4fdc-b429-2703a828b11f",
            "ticker": "HIGHMIA-24AUG10-B91.5",
            "count": 2,
            "created_time": "2024-08-09T18:55:43.328186Z",
            "yes_price": 33,
            "no_price": 67,
            "taker_side": "yes"
        },
        {
            "trade_id": "79cfe577-ae8c-458d-a528-e899a1f38f0b",
            "ticker": "HIGHMIA-24AUG10-B91.5",
            "count": 1,
            "created_time": "2024-08-09T17:30:27.882628Z",
            "yes_price": 32,
            "no_price": 68,
            "taker_side": "no"
        },
        {
            "trade_id": "ef724ee7-6288-4f5d-a9f5-5285e701dd5d",
            "ticker": "HIGHMIA-24AUG10-B91.5",
            "count": 26,
            "created_time": "2024-08-09T17:08:41.71428Z",
            "yes_price": 28,
            "no_price": 72,
            "taker_side": "yes"
        },
        {
            "trade_id": "b014aa5b-66c6-4454-9852-c8e7649d19f8",
            "ticker": "HIGHMIA-24AUG10-B91.5",
            "count": 36,
            "created_time": "2024-08-09T17:08:41.695678Z",
            "yes_price": 28,
            "no_price": 72,
            "taker_side": "yes"
        }
    ],
    "HIGHMIA-24AUG10-B93.5": [
        {
            "trade_id": "3a7912e8-8a8e-45f2-8e94-21b8b36d1a8d",
            "ticker": "HIGHMIA-24AUG10-B93.5",
            "count": 50,
            "created_time": "2024-08-10T20:27:29.883787Z",
            "yes_price": 99,
            "no_price": 1,
            "taker_side": "yes"
        },
        {
            "trade_id": "8eaebb1b-3cee-4f62-9c7a-7e0c217d09bd",
            "ticker": "HIGHMIA-24AUG10-B93.5",
            "count": 2,
            "created_time": "2024-08-10T20:20:22.595972Z",
            "yes_price": 66,
            "no_price": 34,
            "taker_side": "no"
        },
        {
            "trade_id": "153fb19d-1957-4381-bbed-9410dd4f8423",
            "ticker": "HIGHMIA-24AUG10-B93.5",
            "count": 19,
            "created_time": "2024-08-10T20:15:14.241622Z",
            "yes_price": 50,
            "no_price": 50,
            "taker_side": "no"
        },
        {
            "trade_id": "9e94cf31-a9a7-4593-87d3-5d89e1f3e71c",
            "ticker": "HIGHMIA-24AUG10-B93.5",
            "count": 23,
            "created_time": "2024-08-10T20:00:52.187526Z",
            "yes_price": 50,
            "no_price": 50,
            "taker_side": "no"
        },
        {
            "trade_id": "7ec43c53-19f3-4cc6-b137-a40b78a46f39",
            "ticker": "HIGHMIA-24AUG10-B93.5",
            "count": 1,
            "created_time": "2024-08-10T19:22:17.300618Z",
            "yes_price": 50,
            "no_price": 50,
            "taker_side": "no"
        },
        {
            "trade_id": "ba560750-2c22-4fab-acd3-1d81b286e9a4",
            "ticker": "HIGHMIA-24AUG10-B93.5",
            "count": 34,
            "created_time": "2024-08-10T19:03:54.545304Z",
            "yes_price": 71,
            "no_price": 29,
            "taker_side": "yes"
        },
        {
            "trade_id": "7052c9df-4a00-41a9-9217-a62b4f3e1b75",
            "ticker": "HIGHMIA-24AUG10-B93.5",
            "count": 31,
            "created_time": "2024-08-10T19:03:54.545304Z",
            "yes_price": 51,
            "no_price": 49,
            "taker_side": "yes"
        },
        {
            "trade_id": "c3a87862-7ade-4bdf-859e-5e32c77df505",
            "ticker": "HIGHMIA-24AUG10-B93.5",
            "count": 14,
            "created_time": "2024-08-10T17:43:04.400562Z",
            "yes_price": 51,
            "no_price": 49,
            "taker_side": "yes"
        },
        {
            "trade_id": "0e460094-523a-45db-85f7-2f53a2afa50d",
            "ticker": "HIGHMIA-24AUG10-B93.5",
            "count": 15,
            "created_time": "2024-08-10T17:02:16.798369Z",
            "yes_price": 51,
            "no_price": 49,
            "taker_side": "yes"
        },
        {
            "trade_id": "9c94a67d-ba0b-4275-aeaf-90cd3d929c5d",
            "ticker": "HIGHMIA-24AUG10-B93.5",
            "count": 141,
            "created_time": "2024-08-10T16:55:07.165071Z",
            "yes_price": 31,
            "no_price": 69,
            "taker_side": "no"
        },
        {
            "trade_id": "0ad62b51-67b2-4525-8703-ca47b0da481b",
            "ticker": "HIGHMIA-24AUG10-B93.5",
            "count": 1,
            "created_time": "2024-08-10T16:55:07.165071Z",
            "yes_price": 45,
            "no_price": 55,
            "taker_side": "no"
        },
        {
            "trade_id": "4b14affe-e2bd-4f6f-94c5-b32be16d56e5",
            "ticker": "HIGHMIA-24AUG10-B93.5",
            "count": 4,
            "created_time": "2024-08-10T13:59:10.11565Z",
            "yes_price": 37,
            "no_price": 63,
            "taker_side": "yes"
        },
        {
            "trade_id": "6e309286-5966-4dd7-a3bf-2fa900f4fcd4",
            "ticker": "HIGHMIA-24AUG10-B93.5",
            "count": 14,
            "created_time": "2024-08-10T13:25:56.320935Z",
            "yes_price": 28,
            "no_price": 72,
            "taker_side": "no"
        },
        {
            "trade_id": "2d69cca8-df73-4dbc-9b39-161ba11f1820",
            "ticker": "HIGHMIA-24AUG10-B93.5",
            "count": 4,
            "created_time": "2024-08-10T12:59:11.730588Z",
            "yes_price": 36,
            "no_price": 64,
            "taker_side": "yes"
        },
        {
            "trade_id": "8b890c15-d00c-4afe-9382-5f0b16f60e6f",
            "ticker": "HIGHMIA-24AUG10-B93.5",
            "count": 18,
            "created_time": "2024-08-10T12:00:47.099014Z",
            "yes_price": 51,
            "no_price": 49,
            "taker_side": "yes"
        },
        {
            "trade_id": "ec886fc4-e0e1-48e2-b0d5-7ed25fa39c94",
            "ticker": "HIGHMIA-24AUG10-B93.5",
            "count": 70,
            "created_time": "2024-08-10T12:00:47.07743Z",
            "yes_price": 50,
            "no_price": 50,
            "taker_side": "yes"
        },
        {
            "trade_id": "0e8fbb3d-83fe-47d2-a068-01994e5fd64c",
            "ticker": "HIGHMIA-24AUG10-B93.5",
            "count": 8,
            "created_time": "2024-08-10T12:00:47.07743Z",
            "yes_price": 50,
            "no_price": 50,
            "taker_side": "yes"
        },
        {
            "trade_id": "fd170258-5ba6-4946-ae5c-c12e70cee84c",
            "ticker": "HIGHMIA-24AUG10-B93.5",
            "count": 110,
            "created_time": "2024-08-10T12:00:43.826511Z",
            "yes_price": 49,
            "no_price": 51,
            "taker_side": "yes"
        },
        {
            "trade_id": "fa7eb82d-0079-4291-b7c5-e29dbc460634",
            "ticker": "HIGHMIA-24AUG10-B93.5",
            "count": 70,
            "created_time": "2024-08-10T12:00:43.826511Z",
            "yes_price": 50,
            "no_price": 50,
            "taker_side": "yes"
        },
        {
            "trade_id": "a381adf0-14a2-4561-8cc4-c06ea7423e4a",
            "ticker": "HIGHMIA-24AUG10-B93.5",
            "count": 90,
            "created_time": "2024-08-10T12:00:43.811999Z",
            "yes_price": 49,
            "no_price": 51,
            "taker_side": "yes"
        },
        {
            "trade_id": "22cabfa6-2a8b-47d6-986b-dbbfd1611c83",
            "ticker": "HIGHMIA-24AUG10-B93.5",
            "count": 33,
            "created_time": "2024-08-10T12:00:15.122226Z",
            "yes_price": 49,
            "no_price": 51,
            "taker_side": "no"
        },
        {
            "trade_id": "1af9a6a7-7fea-42ec-baa4-0f011a446cb0",
            "ticker": "HIGHMIA-24AUG10-B93.5",
            "count": 33,
            "created_time": "2024-08-10T12:00:15.04993Z",
            "yes_price": 49,
            "no_price": 51,
            "taker_side": "no"
        },
        {
            "trade_id": "ebe702c1-a086-473a-b012-f7ad0c6fc54b",
            "ticker": "HIGHMIA-24AUG10-B93.5",
            "count": 36,
            "created_time": "2024-08-10T12:00:15.021933Z",
            "yes_price": 50,
            "no_price": 50,
            "taker_side": "yes"
        },
        {
            "trade_id": "92ec1575-00f9-46bc-98a6-e251203df714",
            "ticker": "HIGHMIA-24AUG10-B93.5",
            "count": 64,
            "created_time": "2024-08-10T12:00:14.987595Z",
            "yes_price": 33,
            "no_price": 67,
            "taker_side": "yes"
        },
        {
            "trade_id": "3bf5bd30-212e-4427-b229-0881eaead720",
            "ticker": "HIGHMIA-24AUG10-B93.5",
            "count": 64,
            "created_time": "2024-08-10T12:00:14.987595Z",
            "yes_price": 32,
            "no_price": 68,
            "taker_side": "yes"
        },
        {
            "trade_id": "74b672f2-3ce8-4fb5-8d23-48f3cbf1d746",
            "ticker": "HIGHMIA-24AUG10-B93.5",
            "count": 78,
            "created_time": "2024-08-10T12:00:02.857202Z",
            "yes_price": 51,
            "no_price": 49,
            "taker_side": "no"
        },
        {
            "trade_id": "09c02679-0fc7-43b1-9806-159d4729f902",
            "ticker": "HIGHMIA-24AUG10-B93.5",
            "count": 100,
            "created_time": "2024-08-10T12:00:02.857202Z",
            "yes_price": 49,
            "no_price": 51,
            "taker_side": "no"
        },
        {
            "trade_id": "620c3f85-c6fa-4222-808c-6fc5602b0df1",
            "ticker": "HIGHMIA-24AUG10-B93.5",
            "count": 27,
            "created_time": "2024-08-10T02:37:49.777549Z",
            "yes_price": 62,
            "no_price": 38,
            "taker_side": "no"
        },
        {
            "trade_id": "2cd46e30-ffd5-43c8-bb53-d306492f981a",
            "ticker": "HIGHMIA-24AUG10-B93.5",
            "count": 26,
            "created_time": "2024-08-10T01:21:55.891122Z",
            "yes_price": 62,
            "no_price": 38,
            "taker_side": "no"
        },
        {
            "trade_id": "3076f54f-2d63-4ab2-b80a-a0037a822667",
            "ticker": "HIGHMIA-24AUG10-B93.5",
            "count": 8,
            "created_time": "2024-08-10T01:08:33.415863Z",
            "yes_price": 65,
            "no_price": 35,
            "taker_side": "yes"
        },
        {
            "trade_id": "ea751551-f773-4bf8-a4fe-26e3fc9b3596",
            "ticker": "HIGHMIA-24AUG10-B93.5",
            "count": 62,
            "created_time": "2024-08-10T01:03:41.998941Z",
            "yes_price": 66,
            "no_price": 34,
            "taker_side": "yes"
        },
        {
            "trade_id": "29c17c3e-9b3f-4f0c-a890-d0b05b4f9da8",
            "ticker": "HIGHMIA-24AUG10-B93.5",
            "count": 62,
            "created_time": "2024-08-10T01:03:41.998941Z",
            "yes_price": 67,
            "no_price": 33,
            "taker_side": "yes"
        },
        {
            "trade_id": "5a2640ac-6651-4fdd-9322-1f0d76850221",
            "ticker": "HIGHMIA-24AUG10-B93.5",
            "count": 14,
            "created_time": "2024-08-10T00:19:53.881099Z",
            "yes_price": 65,
            "no_price": 35,
            "taker_side": "no"
        },
        {
            "trade_id": "dcbc99a1-1473-4069-b9b2-ad2cac809034",
            "ticker": "HIGHMIA-24AUG10-B93.5",
            "count": 14,
            "created_time": "2024-08-10T00:19:53.872038Z",
            "yes_price": 65,
            "no_price": 35,
            "taker_side": "no"
        },
        {
            "trade_id": "c2297570-a945-4eec-aa32-80b1ee326002",
            "ticker": "HIGHMIA-24AUG10-B93.5",
            "count": 36,
            "created_time": "2024-08-09T21:15:16.390803Z",
            "yes_price": 66,
            "no_price": 34,
            "taker_side": "yes"
        },
        {
            "trade_id": "c1f3154c-bcd1-4e67-8b5e-cb1ce983f6b6",
            "ticker": "HIGHMIA-24AUG10-B93.5",
            "count": 36,
            "created_time": "2024-08-09T20:53:51.835915Z",
            "yes_price": 65,
            "no_price": 35,
            "taker_side": "yes"
        },
        {
            "trade_id": "ff1eb8a1-92f0-466c-8475-739b205f32f7",
            "ticker": "HIGHMIA-24AUG10-B93.5",
            "count": 180,
            "created_time": "2024-08-09T20:35:53.393294Z",
            "yes_price": 61,
            "no_price": 39,
            "taker_side": "yes"
        },
        {
            "trade_id": "a2b8e09a-35de-49aa-aefc-84c67d048750",
            "ticker": "HIGHMIA-24AUG10-B93.5",
            "count": 36,
            "created_time": "2024-08-09T20:35:53.393294Z",
            "yes_price": 60,
            "no_price": 40,
            "taker_side": "yes"
        },
        {
            "trade_id": "e434d128-487e-4b34-87ab-6fcd02ad2174",
            "ticker": "HIGHMIA-24AUG10-B93.5",
            "count": 180,
            "created_time": "2024-08-09T20:35:41.452076Z",
            "yes_price": 58,
            "no_price": 42,
            "taker_side": "yes"
        },
        {
            "trade_id": "de72bb21-14d7-4065-a5c6-fe810220180d",
            "ticker": "HIGHMIA-24AUG10-B93.5",
            "count": 72,
            "created_time": "2024-08-09T20:35:41.452076Z",
            "yes_price": 56,
            "no_price": 44,
            "taker_side": "yes"
        },
        {
            "trade_id": "92d051c4-73d6-4faf-9d2f-365f9bd3ff1a",
            "ticker": "HIGHMIA-24AUG10-B93.5",
            "count": 4,
            "created_time": "2024-08-09T20:35:41.452076Z",
            "yes_price": 55,
            "no_price": 45,
            "taker_side": "yes"
        },
        {
            "trade_id": "627357a7-59ee-455b-9563-6fb48872a174",
            "ticker": "HIGHMIA-24AUG10-B93.5",
            "count": 2,
            "created_time": "2024-08-09T20:35:41.452076Z",
            "yes_price": 56,
            "no_price": 44,
            "taker_side": "yes"
        },
        {
            "trade_id": "4591e2e5-0fd5-4e57-b1ae-c264e54c9b03",
            "ticker": "HIGHMIA-24AUG10-B93.5",
            "count": 62,
            "created_time": "2024-08-09T20:35:41.452076Z",
            "yes_price": 57,
            "no_price": 43,
            "taker_side": "yes"
        },
        {
            "trade_id": "55c39498-f391-4945-9ddf-30e454e9849a",
            "ticker": "HIGHMIA-24AUG10-B93.5",
            "count": 1,
            "created_time": "2024-08-09T15:07:57.825454Z",
            "yes_price": 53,
            "no_price": 47,
            "taker_side": "no"
        },
        {
            "trade_id": "1618ac39-1ebf-46e6-94c6-b152fcbbad5f",
            "ticker": "HIGHMIA-24AUG10-B93.5",
            "count": 1,
            "created_time": "2024-08-09T15:06:57.028845Z",
            "yes_price": 53,
            "no_price": 47,
            "taker_side": "no"
        },
        {
            "trade_id": "e18df761-73f7-4e42-b116-b578b2e95759",
            "ticker": "HIGHMIA-24AUG10-B93.5",
            "count": 26,
            "created_time": "2024-08-09T14:15:44.972377Z",
            "yes_price": 47,
            "no_price": 53,
            "taker_side": "yes"
        },
        {
            "trade_id": "10a36853-f69e-4f17-89ad-90cd26d06288",
            "ticker": "HIGHMIA-24AUG10-B93.5",
            "count": 18,
            "created_time": "2024-08-09T14:12:53.901968Z",
            "yes_price": 47,
            "no_price": 53,
            "taker_side": "yes"
        },
        {
            "trade_id": "8c51df24-1d7b-4019-bf5e-a7f2893dab8d",
            "ticker": "HIGHMIA-24AUG10-B93.5",
            "count": 18,
            "created_time": "2024-08-09T14:12:40.968967Z",
            "yes_price": 47,
            "no_price": 53,
            "taker_side": "yes"
        },
        {
            "trade_id": "3fac52df-0f63-42fd-95e8-fa9bfcff57aa",
            "ticker": "HIGHMIA-24AUG10-B93.5",
            "count": 62,
            "created_time": "2024-08-09T14:12:40.946749Z",
            "yes_price": 42,
            "no_price": 58,
            "taker_side": "yes"
        }
    ],
    "HIGHMIA-24AUG10-T94": [
        {
            "trade_id": "77b19a14-858b-4728-95f9-66b488909609",
            "ticker": "HIGHMIA-24AUG10-T94",
            "count": 220,
            "created_time": "2024-08-10T20:02:32.344553Z",
            "yes_price": 1,
            "no_price": 99,
            "taker_side": "no"
        },
        {
            "trade_id": "53cd3498-67cf-4589-bf37-e9350088e7f0",
            "ticker": "HIGHMIA-24AUG10-T94",
            "count": 122,
            "created_time": "2024-08-10T15:36:58.639017Z",
            "yes_price": 1,
            "no_price": 99,
            "taker_side": "no"
        },
        {
            "trade_id": "c92d2453-c41c-4d5b-a19d-88fb7551f6ff",
            "ticker": "HIGHMIA-24AUG10-T94",
            "count": 16,
            "created_time": "2024-08-10T12:36:17.367362Z",
            "yes_price": 1,
            "no_price": 99,
            "taker_side": "yes"
        },
        {
            "trade_id": "2ce0bdf3-46d5-42d1-b614-5f074bc607db",
            "ticker": "HIGHMIA-24AUG10-T94",
            "count": 16,
            "created_time": "2024-08-10T12:36:17.367362Z",
            "yes_price": 1,
            "no_price": 99,
            "taker_side": "yes"
        },
        {
            "trade_id": "31550545-d5f5-486a-84e2-01e5b14a961b",
            "ticker": "HIGHMIA-24AUG10-T94",
            "count": 17,
            "created_time": "2024-08-10T12:00:15.118141Z",
            "yes_price": 1,
            "no_price": 99,
            "taker_side": "no"
        },
        {
            "trade_id": "6e705e37-99af-4c00-a4ec-fc8c488ebc9f",
            "ticker": "HIGHMIA-24AUG10-T94",
            "count": 33,
            "created_time": "2024-08-10T12:00:15.106223Z",
            "yes_price": 1,
            "no_price": 99,
            "taker_side": "no"
        },
        {
            "trade_id": "02995937-41d0-4949-a5b3-c83795881a0e",
            "ticker": "HIGHMIA-24AUG10-T94",
            "count": 14,
            "created_time": "2024-08-10T00:19:53.991384Z",
            "yes_price": 6,
            "no_price": 94,
            "taker_side": "no"
        },
        {
            "trade_id": "bdfc451e-5a45-4b0d-ab78-9198f5f5c698",
            "ticker": "HIGHMIA-24AUG10-T94",
            "count": 14,
            "created_time": "2024-08-10T00:19:53.887968Z",
            "yes_price": 6,
            "no_price": 94,
            "taker_side": "no"
        },
        {
            "trade_id": "8634debe-547c-485d-96e4-35cd42a87d77",
            "ticker": "HIGHMIA-24AUG10-T94",
            "count": 3,
            "created_time": "2024-08-09T22:44:32.991802Z",
            "yes_price": 3,
            "no_price": 97,
            "taker_side": "no"
        },
        {
            "trade_id": "da682020-982d-45c9-a8dc-b4d6b37e42b2",
            "ticker": "HIGHMIA-24AUG10-T94",
            "count": 36,
            "created_time": "2024-08-09T20:35:53.514929Z",
            "yes_price": 4,
            "no_price": 96,
            "taker_side": "no"
        },
        {
            "trade_id": "d145bcb3-9dc1-4061-b70e-ff560f0e84c6",
            "ticker": "HIGHMIA-24AUG10-T94",
            "count": 57,
            "created_time": "2024-08-09T15:18:54.514108Z",
            "yes_price": 17,
            "no_price": 83,
            "taker_side": "no"
        },
        {
            "trade_id": "c8d8dd83-701e-4266-bd3f-bd1f662edb7a",
            "ticker": "HIGHMIA-24AUG10-T94",
            "count": 34,
            "created_time": "2024-08-09T14:39:09.707975Z",
            "yes_price": 20,
            "no_price": 80,
            "taker_side": "no"
        },
        {
            "trade_id": "eb58dc68-4459-49ee-af66-a08be9a00fd5",
            "ticker": "HIGHMIA-24AUG10-T94",
            "count": 108,
            "created_time": "2024-08-09T14:17:09.627969Z",
            "yes_price": 23,
            "no_price": 77,
            "taker_side": "no"
        },
        {
            "trade_id": "b3b91b2e-cdd1-4254-994c-5e263b23dc15",
            "ticker": "HIGHMIA-24AUG10-T94",
            "count": 18,
            "created_time": "2024-08-09T14:16:02.145812Z",
            "yes_price": 25,
            "no_price": 75,
            "taker_side": "no"
        },
        {
            "trade_id": "4e6e049d-f963-409d-ae0f-21adaf0e550c",
            "ticker": "HIGHMIA-24AUG10-T94",
            "count": 180,
            "created_time": "2024-08-09T14:15:39.619977Z",
            "yes_price": 25,
            "no_price": 75,
            "taker_side": "no"
        },
        {
            "trade_id": "2eb2b5d8-f49e-4da0-985a-37e3df09d337",
            "ticker": "HIGHMIA-24AUG10-T94",
            "count": 36,
            "created_time": "2024-08-09T14:15:39.619977Z",
            "yes_price": 27,
            "no_price": 73,
            "taker_side": "no"
        },
        {
            "trade_id": "82fe927a-9580-4991-8fda-37c4f35ba954",
            "ticker": "HIGHMIA-24AUG10-T94",
            "count": 9,
            "created_time": "2024-08-09T14:12:41.042621Z",
            "yes_price": 23,
            "no_price": 77,
            "taker_side": "yes"
        },
        {
            "trade_id": "da4e0f1c-a19c-46c8-8630-6d28cf40bc11",
            "ticker": "HIGHMIA-24AUG10-T94",
            "count": 62,
            "created_time": "2024-08-09T14:12:41.026107Z",
            "yes_price": 8,
            "no_price": 92,
            "taker_side": "yes"
        },
        {
            "trade_id": "9e204c80-ae3a-4a8e-b48d-3d54856b1650",
            "ticker": "HIGHMIA-24AUG10-T94",
            "count": 62,
            "created_time": "2024-08-09T14:12:41.026107Z",
            "yes_price": 13,
            "no_price": 87,
            "taker_side": "yes"
        },
        {
            "trade_id": "84168233-387e-46cf-991a-0646167c8d96",
            "ticker": "HIGHMIA-24AUG10-T94",
            "count": 2,
            "created_time": "2024-08-09T14:12:41.026107Z",
            "yes_price": 22,
            "no_price": 78,
            "taker_side": "yes"
        },
        {
            "trade_id": "809da2d4-6c40-433f-a739-fea9b348c104",
            "ticker": "HIGHMIA-24AUG10-T94",
            "count": 1,
            "created_time": "2024-08-09T14:12:41.026107Z",
            "yes_price": 12,
            "no_price": 88,
            "taker_side": "yes"
        },
        {
            "trade_id": "4c98a38f-350f-45f5-af42-247ab2e375dd",
            "ticker": "HIGHMIA-24AUG10-T94",
            "count": 53,
            "created_time": "2024-08-09T14:12:41.026107Z",
            "yes_price": 23,
            "no_price": 77,
            "taker_side": "yes"
        }
    ]
}