{
    "KXHIGHMIA-25FEB20-T74": [
        {
            "trade_id": "ce0b26bc-30f3-4fc7-8e2d-49e5c1a44170",
            "ticker": "KXHIGHMIA-25FEB20-T74",
            "count": 87,
            "created_time": "2025-02-20T22:06:04.821702Z",
            "yes_price": 1,
            "no_price": 99,
            "taker_side": "yes"
        },
        {
            "trade_id": "f4a5126b-906d-4116-869d-3e6e90e8325f",
            "ticker": "KXHIGHMIA-25FEB20-T74",
            "count": 93,
            "created_time": "2025-02-20T05:59:31.074314Z",
            "yes_price": 1,
            "no_price": 99,
            "taker_side": "yes"
        },
        {
            "trade_id": "c6c5aa53-49f3-4e31-b024-5189f67959b3",
            "ticker": "KXHIGHMIA-25FEB20-T74",
            "count": 32,
            "created_time": "2025-02-20T05:58:46.8541Z",
            "yes_price": 1,
            "no_price": 99,
            "taker_side": "yes"
        },
        {
            "trade_id": "9503b4ba-c651-4cc7-8592-d955cd12e5f1",
            "ticker": "KXHIGHMIA-25FEB20-T74",
            "count": 1,
            "created_time": "2025-02-20T05:58:46.8541Z",
            "yes_price": 1,
            "no_price": 99,
            "taker_side": "yes"
        },
        {
            "trade_id": "5e6009e3-a8fc-4535-b2d9-2fc495acc8b8",
            "ticker": "KXHIGHMIA-25FEB20-T74",
            "count": 58,
            "created_time": "2025-02-20T05:58:46.8541Z",
            "yes_price": 1,
            "no_price": 99,
            "taker_side": "yes"
        },
        {
            "trade_id": "fc665627-f0d2-4445-9bb4-f0d1e9a0a539",
            "ticker": "KXHIGHMIA-25FEB20-T74",
            "count": 50,
            "created_time": "2025-02-20T03:38:36.000692Z",
            "yes_price": 1,
            "no_price": 99,
            "taker_side": "yes"
        },
        {
            "trade_id": "dacc06ef-69bd-4ed5-a142-f8616ba6c19d",
            "ticker": "KXHIGHMIA-25FEB20-T74",
            "count": 10,
            "created_time": "2025-02-20T03:04:29.424872Z",
            "yes_price": 1,
            "no_price": 99,
            "taker_side": "yes"
        },
        {
            "trade_id": "9ad9628e-8d9b-4493-87c7-60af50d5d98c",
            "ticker": "KXHIGHMIA-25FEB20-T74",
            "count": 3,
            "created_time": "2025-02-20T01:55:44.250157Z",
            "yes_price": 1,
            "no_price": 99,
            "taker_side": "yes"
        },
        {
            "trade_id": "d5571af3-c40c-4ad0-a687-f7c71e9ed8b3",
            "ticker": "KXHIGHMIA-25FEB20-T74",
            "count": 5,
            "created_time": "2025-02-20T01:53:48.318811Z",
            "yes_price": 1,
            "no_price": 99,
            "taker_side": "yes"
        }
    ],
    "KXHIGHMIA-25FEB20-B74.5": [
        {
            "trade_id": "88044807-cb69-4128-9f14-3ef376feadc4",
            "ticker": "KXHIGHMIA-25FEB20-B74.5",
            "count": 50,
            "created_time": "2025-02-20T16:16:22.16747Z",
            "yes_price": 1,
            "no_price": 99,
            "taker_side": "yes"
        },
        {
            "trade_id": "85e56ad5-ed6f-4c5a-8db8-cc7312972661",
            "ticker": "KXHIGHMIA-25FEB20-B74.5",
            "count": 24,
            "created_time": "2025-02-20T15:55:08.849811Z",
            "yes_price": 1,
            "no_price": 99,
            "taker_side": "no"
        },
        {
            "trade_id": "a5d91184-46fb-4698-8984-8c227392b545",
            "ticker": "KXHIGHMIA-25FEB20-B74.5",
            "count": 76,
            "created_time": "2025-02-20T15:46:21.162888Z",
            "yes_price": 1,
            "no_price": 99,
            "taker_side": "no"
        },
        {
            "trade_id": "565a8ff2-2184-4f05-b5c5-6fa04e6791d0",
            "ticker": "KXHIGHMIA-25FEB20-B74.5",
            "count": 124,
            "created_time": "2025-02-20T15:46:21.162888Z",
            "yes_price": 1,
            "no_price": 99,
            "taker_side": "no"
        },
        {
            "trade_id": "fc3fcfa4-b0a4-4d35-8d66-9f2074aa9efb",
            "ticker": "KXHIGHMIA-25FEB20-B74.5",
            "count": 176,
            "created_time": "2025-02-20T15:42:52.110749Z",
            "yes_price": 1,
            "no_price": 99,
            "taker_side": "no"
        },
        {
            "trade_id": "0f559140-1de1-45d4-9cc3-8cd04d1622f9",
            "ticker": "KXHIGHMIA-25FEB20-B74.5",
            "count": 374,
            "created_time": "2025-02-20T15:42:52.110749Z",
            "yes_price": 1,
            "no_price": 99,
            "taker_side": "no"
        },
        {
            "trade_id": "410bc348-c4bc-40a0-8a3e-3fd8eeb01c16",
            "ticker": "KXHIGHMIA-25FEB20-B74.5",
            "count": 398,
            "created_time": "2025-02-20T15:20:18.936164Z",
            "yes_price": 1,
            "no_price": 99,
            "taker_side": "no"
        },
        {
            "trade_id": "ed27f903-4475-435c-9e2b-5e336b9cae22",
            "ticker": "KXHIGHMIA-25FEB20-B74.5",
            "count": 228,
            "created_time": "2025-02-20T15:20:18.922189Z",
            "yes_price": 1,
            "no_price": 99,
            "taker_side": "no"
        },
        {
            "trade_id": "596612c0-4020-4999-a20c-ccb4eab2c8b4",
            "ticker": "KXHIGHMIA-25FEB20-B74.5",
            "count": 72,
            "created_time": "2025-02-20T15:20:18.922189Z",
            "yes_price": 1,
            "no_price": 99,
            "taker_side": "no"
        },
        {
            "trade_id": "b34781fd-7286-465d-8a03-99227ff2124c",
            "ticker": "KXHIGHMIA-25FEB20-B74.5",
            "count": 300,
            "created_time": "2025-02-20T15:20:18.85299Z",
            "yes_price": 1,
            "no_price": 99,
            "taker_side": "no"
        },
        {
            "trade_id": "5e943de0-8a74-4e7e-88ca-7dc642e42275",
            "ticker": "KXHIGHMIA-25FEB20-B74.5",
            "count": 10,
            "created_time": "2025-02-20T15:17:51.573817Z",
            "yes_price": 1,
            "no_price": 99,
            "taker_side": "no"
        },
        {
            "trade_id": "695928a9-d437-411e-99e5-ec1632afbd8c",
            "ticker": "KXHIGHMIA-25FEB20-B74.5",
            "count": 2,
            "created_time": "2025-02-20T15:05:28.397234Z",
            "yes_price": 1,
            "no_price": 99,
            "taker_side": "no"
        },
        {
            "trade_id": "50c2fd37-5d1e-4eed-b3e9-94933efacf53",
            "ticker": "KXHIGHMIA-25FEB20-B74.5",
            "count": 201,
            "created_time": "2025-02-20T15:04:41.269617Z",
            "yes_price": 1,
            "no_price": 99,
            "taker_side": "no"
        },
        {
            "trade_id": "bf3208ba-fbe4-4b66-b053-a13643435fd8",
            "ticker": "KXHIGHMIA-25FEB20-B74.5",
            "count": 11,
            "created_time": "2025-02-20T14:57:32.363527Z",
            "yes_price": 1,
            "no_price": 99,
            "taker_side": "no"
        },
        {
            "trade_id": "899b0c66-b284-446e-8081-83fda7574aad",
            "ticker": "KXHIGHMIA-25FEB20-B74.5",
            "count": 89,
            "created_time": "2025-02-20T14:57:32.363527Z",
            "yes_price": 1,
            "no_price": 99,
            "taker_side": "no"
        },
        {
            "trade_id": "d808e78b-99b9-4037-b6fc-c6102e765778",
            "ticker": "KXHIGHMIA-25FEB20-B74.5",
            "count": 100,
            "created_time": "2025-02-20T14:57:04.372392Z",
            "yes_price": 1,
            "no_price": 99,
            "taker_side": "no"
        },
        {
            "trade_id": "1d044539-c7c4-4ca4-bbcc-9ec52803bfad",
            "ticker": "KXHIGHMIA-25FEB20-B74.5",
            "count": 5,
            "created_time": "2025-02-20T14:44:58.006613Z",
            "yes_price": 1,
            "no_price": 99,
            "taker_side": "no"
        },
        {
            "trade_id": "e1ae01b1-d316-4b1e-94ee-74c7a155bb82",
            "ticker": "KXHIGHMIA-25FEB20-B74.5",
            "count": 50,
            "created_time": "2025-02-20T14:34:09.651415Z",
            "yes_price": 3,
            "no_price": 97,
            "taker_side": "yes"
        },
        {
            "trade_id": "f73699c9-cab3-4a71-9dae-48449edbd6c3",
            "ticker": "KXHIGHMIA-25FEB20-B74.5",
            "count": 1,
            "created_time": "2025-02-20T13:18:36.747001Z",
            "yes_price": 4,
            "no_price": 96,
            "taker_side": "yes"
        },
        {
            "trade_id": "6dd5a87e-228a-46f0-9c40-715d8d41b8be",
            "ticker": "KXHIGHMIA-25FEB20-B74.5",
            "count": 1,
            "created_time": "2025-02-20T13:18:36.747001Z",
            "yes_price": 5,
            "no_price": 95,
            "taker_side": "yes"
        },
        {
            "trade_id": "0adb4c0a-a8e5-45a3-a450-58d7b628dcbb",
            "ticker": "KXHIGHMIA-25FEB20-B74.5",
            "count": 98,
            "created_time": "2025-02-20T13:18:36.747001Z",
            "yes_price": 6,
            "no_price": 94,
            "taker_side": "yes"
        },
        {
            "trade_id": "f6f4a263-e7c0-4669-948b-87cf141e2e84",
            "ticker": "KXHIGHMIA-25FEB20-B74.5",
            "count": 998,
            "created_time": "2025-02-20T13:17:59.438039Z",
            "yes_price": 2,
            "no_price": 98,
            "taker_side": "no"
        },
        {
            "trade_id": "ae4d1979-30cd-46ba-aad1-cf394c604d5a",
            "ticker": "KXHIGHMIA-25FEB20-B74.5",
            "count": 13,
            "created_time": "2025-02-20T06:00:37.472376Z",
            "yes_price": 5,
            "no_price": 95,
            "taker_side": "yes"
        },
        {
            "trade_id": "6a7396bc-c272-4b6b-8330-c3c484d925a0",
            "ticker": "KXHIGHMIA-25FEB20-B74.5",
            "count": 1,
            "created_time": "2025-02-20T06:00:37.472376Z",
            "yes_price": 5,
            "no_price": 95,
            "taker_side": "yes"
        },
        {
            "trade_id": "0f3949ee-c303-435c-8b3f-5f05ae0e1d02",
            "ticker": "KXHIGHMIA-25FEB20-B74.5",
            "count": 8,
            "created_time": "2025-02-20T06:00:37.472376Z",
            "yes_price": 5,
            "no_price": 95,
            "taker_side": "yes"
        },
        {
            "trade_id": "d24c9d16-70cd-4109-914f-fa6ae5d3e4d9",
            "ticker": "KXHIGHMIA-25FEB20-B74.5",
            "count": 93,
            "created_time": "2025-02-20T05:58:34.606095Z",
            "yes_price": 5,
            "no_price": 95,
            "taker_side": "yes"
        },
        {
            "trade_id": "12479b5b-24e4-44d1-bb28-f8cf2bce9229",
            "ticker": "KXHIGHMIA-25FEB20-B74.5",
            "count": 1,
            "created_time": "2025-02-20T05:58:34.606095Z",
            "yes_price": 3,
            "no_price": 97,
            "taker_side": "yes"
        },
        {
            "trade_id": "086ca8de-37c6-4586-8856-812ba4df677f",
            "ticker": "KXHIGHMIA-25FEB20-B74.5",
            "count": 1,
            "created_time": "2025-02-20T04:29:06.160434Z",
            "yes_price": 2,
            "no_price": 98,
            "taker_side": "no"
        },
        {
            "trade_id": "ba2ac4e6-aeb2-401d-b7bc-8f37d73b7874",
            "ticker": "KXHIGHMIA-25FEB20-B74.5",
            "count": 184,
            "created_time": "2025-02-20T04:18:45.552744Z",
            "yes_price": 7,
            "no_price": 93,
            "taker_side": "yes"
        },
        {
            "trade_id": "864beb3b-dfbe-4cd3-a34e-3d9b99954cee",
            "ticker": "KXHIGHMIA-25FEB20-B74.5",
            "count": 111,
            "created_time": "2025-02-20T04:18:45.552744Z",
            "yes_price": 5,
            "no_price": 95,
            "taker_side": "yes"
        },
        {
            "trade_id": "1025b54a-b101-48c9-a864-a75ea9abc795",
            "ticker": "KXHIGHMIA-25FEB20-B74.5",
            "count": 100,
            "created_time": "2025-02-20T04:18:45.552744Z",
            "yes_price": 5,
            "no_price": 95,
            "taker_side": "yes"
        },
        {
            "trade_id": "77d76895-e954-4b58-8b50-a82bd3831a11",
            "ticker": "KXHIGHMIA-25FEB20-B74.5",
            "count": 4,
            "created_time": "2025-02-20T03:58:01.956952Z",
            "yes_price": 5,
            "no_price": 95,
            "taker_side": "yes"
        },
        {
            "trade_id": "71077d41-a2be-4388-bb77-cfecfa96d225",
            "ticker": "KXHIGHMIA-25FEB20-B74.5",
            "count": 100,
            "created_time": "2025-02-20T03:58:01.956952Z",
            "yes_price": 4,
            "no_price": 96,
            "taker_side": "yes"
        },
        {
            "trade_id": "6ed08cd5-8d1d-4133-aa92-3bd19cd09179",
            "ticker": "KXHIGHMIA-25FEB20-B74.5",
            "count": 90,
            "created_time": "2025-02-20T03:58:01.956952Z",
            "yes_price": 5,
            "no_price": 95,
            "taker_side": "yes"
        },
        {
            "trade_id": "0ae4c7d4-ed2a-40db-848f-8f541c34908c",
            "ticker": "KXHIGHMIA-25FEB20-B74.5",
            "count": 17,
            "created_time": "2025-02-20T03:58:01.956952Z",
            "yes_price": 5,
            "no_price": 95,
            "taker_side": "yes"
        },
        {
            "trade_id": "04a7bfa7-6037-4fed-9f65-233983f76e7c",
            "ticker": "KXHIGHMIA-25FEB20-B74.5",
            "count": 235,
            "created_time": "2025-02-20T03:58:01.956952Z",
            "yes_price": 5,
            "no_price": 95,
            "taker_side": "yes"
        },
        {
            "trade_id": "b2e2cbcf-da69-4bcc-885d-654559768fd9",
            "ticker": "KXHIGHMIA-25FEB20-B74.5",
            "count": 10,
            "created_time": "2025-02-20T03:38:47.548074Z",
            "yes_price": 5,
            "no_price": 95,
            "taker_side": "yes"
        },
        {
            "trade_id": "adfa7ea5-18d6-4a95-9fb4-28a8d8b95a45",
            "ticker": "KXHIGHMIA-25FEB20-B74.5",
            "count": 5,
            "created_time": "2025-02-20T03:21:05.662821Z",
            "yes_price": 5,
            "no_price": 95,
            "taker_side": "yes"
        },
        {
            "trade_id": "c15ad45a-e871-4a1a-b3b7-37ff3e1b3967",
            "ticker": "KXHIGHMIA-25FEB20-B74.5",
            "count": 50,
            "created_time": "2025-02-20T03:06:04.876798Z",
            "yes_price": 5,
            "no_price": 95,
            "taker_side": "yes"
        },
        {
            "trade_id": "864ff6ec-8f81-492d-a1e2-27df5bb9d11a",
            "ticker": "KXHIGHMIA-25FEB20-B74.5",
            "count": 50,
            "created_time": "2025-02-20T03:06:04.876798Z",
            "yes_price": 5,
            "no_price": 95,
            "taker_side": "yes"
        },
        {
            "trade_id": "87208393-2095-4ef9-b1ab-c2f365ebc2a9",
            "ticker": "KXHIGHMIA-25FEB20-B74.5",
            "count": 19,
            "created_time": "2025-02-20T03:05:07.314504Z",
            "yes_price": 5,
            "no_price": 95,
            "taker_side": "yes"
        },
        {
            "trade_id": "3feec3f9-274f-44d6-8f84-36a5d0ddb4de",
            "ticker": "KXHIGHMIA-25FEB20-B74.5",
            "count": 17,
            "created_time": "2025-02-20T03:05:07.314504Z",
            "yes_price": 5,
            "no_price": 95,
            "taker_side": "yes"
        },
        {
            "trade_id": "569ce4e0-9495-4c90-901b-8dfd6a8f2d37",
            "ticker": "KXHIGHMIA-25FEB20-B74.5",
            "count": 2,
            "created_time": "2025-02-20T03:04:20.872116Z",
            "yes_price": 5,
            "no_price": 95,
            "taker_side": "yes"
        },
        {
            "trade_id": "fcd63005-c687-47a3-825c-547bd1985383",
            "ticker": "KXHIGHMIA-25FEB20-B74.5",
            "count": 6,
            "created_time": "2025-02-20T02:34:17.837799Z",
            "yes_price": 5,
            "no_price": 95,
            "taker_side": "yes"
        },
        {
            "trade_id": "6db083f2-adad-459f-bee5-e72ae0f05bd1",
            "ticker": "KXHIGHMIA-25FEB20-B74.5",
            "count": 23,
            "created_time": "2025-02-20T02:34:17.837799Z",
            "yes_price": 5,
            "no_price": 95,
            "taker_side": "yes"
        },
        {
            "trade_id": "57dda1c8-08f6-4211-9573-caf0c510ce68",
            "ticker": "KXHIGHMIA-25FEB20-B74.5",
            "count": 29,
            "created_time": "2025-02-20T02:34:17.837799Z",
            "yes_price": 5,
            "no_price": 95,
            "taker_side": "yes"
        },
        {
            "trade_id": "73762f0e-c2ce-4b7a-ac74-b2d781b783d2",
            "ticker": "KXHIGHMIA-25FEB20-B74.5",
            "count": 6,
            "created_time": "2025-02-20T02:18:38.4541Z",
            "yes_price": 5,
            "no_price": 95,
            "taker_side": "yes"
        },
        {
            "trade_id": "7b3267c5-45b8-4f20-bb93-b36cd22bc1c2",
            "ticker": "KXHIGHMIA-25FEB20-B74.5",
            "count": 192,
            "created_time": "2025-02-20T02:09:31.311887Z",
            "yes_price": 2,
            "no_price": 98,
            "taker_side": "no"
        },
        {
            "trade_id": "9c4c7ca0-6068-456a-8133-94b53a941588",
            "ticker": "KXHIGHMIA-25FEB20-B74.5",
            "count": 157,
            "created_time": "2025-02-20T02:09:03.000963Z",
            "yes_price": 2,
            "no_price": 98,
            "taker_side": "no"
        },
        {
            "trade_id": "8a4338a7-689b-4893-9c2a-0c963f9baab6",
            "ticker": "KXHIGHMIA-25FEB20-B74.5",
            "count": 2,
            "created_time": "2025-02-20T01:55:32.532135Z",
            "yes_price": 5,
            "no_price": 95,
            "taker_side": "yes"
        },
        {
            "trade_id": "9a86a00e-a69d-4d83-a801-fe81fec27045",
            "ticker": "KXHIGHMIA-25FEB20-B74.5",
            "count": 1,
            "created_time": "2025-02-20T01:53:53.056691Z",
            "yes_price": 5,
            "no_price": 95,
            "taker_side": "yes"
        },
        {
            "trade_id": "0a989d32-a5de-48b4-aa79-42062663e0a4",
            "ticker": "KXHIGHMIA-25FEB20-B74.5",
            "count": 46,
            "created_time": "2025-02-20T01:44:08.450462Z",
            "yes_price": 2,
            "no_price": 98,
            "taker_side": "no"
        },
        {
            "trade_id": "57729aba-681a-4947-b8ed-1ba49b2144d0",
            "ticker": "KXHIGHMIA-25FEB20-B74.5",
            "count": 290,
            "created_time": "2025-02-20T01:43:50.855118Z",
            "yes_price": 2,
            "no_price": 98,
            "taker_side": "no"
        },
        {
            "trade_id": "91dd31e8-3765-43e3-acaa-90ead538c122",
            "ticker": "KXHIGHMIA-25FEB20-B74.5",
            "count": 63,
            "created_time": "2025-02-20T01:37:33.275184Z",
            "yes_price": 2,
            "no_price": 98,
            "taker_side": "no"
        },
        {
            "trade_id": "41cdeba3-1077-4120-9835-999442c576ac",
            "ticker": "KXHIGHMIA-25FEB20-B74.5",
            "count": 5,
            "created_time": "2025-02-20T01:37:32.41382Z",
            "yes_price": 2,
            "no_price": 98,
            "taker_side": "no"
        },
        {
            "trade_id": "a67b0676-2bf6-49f7-a060-6df92548e72f",
            "ticker": "KXHIGHMIA-25FEB20-B74.5",
            "count": 1000,
            "created_time": "2025-02-20T01:27:05.2006Z",
            "yes_price": 4,
            "no_price": 96,
            "taker_side": "yes"
        },
        {
            "trade_id": "abeea85c-7364-4125-9b57-778be87dbb30",
            "ticker": "KXHIGHMIA-25FEB20-B74.5",
            "count": 550,
            "created_time": "2025-02-20T01:25:27.273603Z",
            "yes_price": 4,
            "no_price": 96,
            "taker_side": "yes"
        },
        {
            "trade_id": "2c666ac5-873b-4be5-a3cd-bfe1d8938335",
            "ticker": "KXHIGHMIA-25FEB20-B74.5",
            "count": 6,
            "created_time": "2025-02-20T00:40:06.180751Z",
            "yes_price": 1,
            "no_price": 99,
            "taker_side": "no"
        },
        {
            "trade_id": "c5e81695-0e22-4566-85ff-783b2dc36ec8",
            "ticker": "KXHIGHMIA-25FEB20-B74.5",
            "count": 46,
            "created_time": "2025-02-20T00:20:24.125513Z",
            "yes_price": 4,
            "no_price": 96,
            "taker_side": "yes"
        },
        {
            "trade_id": "4f593d47-9ca7-4850-a95c-0e7f3309f757",
            "ticker": "KXHIGHMIA-25FEB20-B74.5",
            "count": 6,
            "created_time": "2025-02-19T23:10:00.150437Z",
            "yes_price": 2,
            "no_price": 98,
            "taker_side": "no"
        }
    ],
    "KXHIGHMIA-25FEB20-B76.5": [
        {
            "trade_id": "ea42c120-dafe-4312-b0ff-279e3db85216",
            "ticker": "KXHIGHMIA-25FEB20-B76.5",
            "count": 656,
            "created_time": "2025-02-20T21:33:08.289831Z",
            "yes_price": 1,
            "no_price": 99,
            "taker_side": "yes"
        },
        {
            "trade_id": "b57b18e9-6eb2-43df-91ce-cc50f10600bc",
            "ticker": "KXHIGHMIA-25FEB20-B76.5",
            "count": 3596,
            "created_time": "2025-02-20T21:29:24.6315Z",
            "yes_price": 1,
            "no_price": 99,
            "taker_side": "yes"
        },
        {
            "trade_id": "63acd545-b002-4590-b9cb-91b965617702",
            "ticker": "KXHIGHMIA-25FEB20-B76.5",
            "count": 2500,
            "created_time": "2025-02-20T21:29:24.6315Z",
            "yes_price": 1,
            "no_price": 99,
            "taker_side": "yes"
        },
        {
            "trade_id": "0cf0ef82-162c-4570-ba1f-c7123f50da0b",
            "ticker": "KXHIGHMIA-25FEB20-B76.5",
            "count": 3252,
            "created_time": "2025-02-20T21:29:24.6315Z",
            "yes_price": 1,
            "no_price": 99,
            "taker_side": "yes"
        },
        {
            "trade_id": "1c417a8a-3d22-4083-a818-43ecd63091d1",
            "ticker": "KXHIGHMIA-25FEB20-B76.5",
            "count": 5,
            "created_time": "2025-02-20T21:28:13.273558Z",
            "yes_price": 1,
            "no_price": 99,
            "taker_side": "yes"
        },
        {
            "trade_id": "7b85e363-257c-4fc5-9e4f-97d230335e76",
            "ticker": "KXHIGHMIA-25FEB20-B76.5",
            "count": 841,
            "created_time": "2025-02-20T19:20:08.957163Z",
            "yes_price": 1,
            "no_price": 99,
            "taker_side": "yes"
        },
        {
            "trade_id": "e78e0284-d568-410b-9e85-86ca6a2b4414",
            "ticker": "KXHIGHMIA-25FEB20-B76.5",
            "count": 10,
            "created_time": "2025-02-20T18:41:59.985061Z",
            "yes_price": 1,
            "no_price": 99,
            "taker_side": "yes"
        },
        {
            "trade_id": "c07092a8-ea04-4a82-b4d0-0cdc354b1a9f",
            "ticker": "KXHIGHMIA-25FEB20-B76.5",
            "count": 5,
            "created_time": "2025-02-20T17:46:25.116183Z",
            "yes_price": 1,
            "no_price": 99,
            "taker_side": "yes"
        },
        {
            "trade_id": "9c544d78-07ac-402d-9c6b-8908b8234c13",
            "ticker": "KXHIGHMIA-25FEB20-B76.5",
            "count": 3887,
            "created_time": "2025-02-20T17:11:07.787603Z",
            "yes_price": 1,
            "no_price": 99,
            "taker_side": "yes"
        },
        {
            "trade_id": "60a4d90d-3e0f-4125-9a54-eccbe6b2c862",
            "ticker": "KXHIGHMIA-25FEB20-B76.5",
            "count": 1000,
            "created_time": "2025-02-20T17:11:07.787603Z",
            "yes_price": 1,
            "no_price": 99,
            "taker_side": "yes"
        },
        {
            "trade_id": "18ddb3ae-51bf-4dd8-979b-ed12826fa289",
            "ticker": "KXHIGHMIA-25FEB20-B76.5",
            "count": 1655,
            "created_time": "2025-02-20T17:11:07.787603Z",
            "yes_price": 1,
            "no_price": 99,
            "taker_side": "yes"
        },
        {
            "trade_id": "8ff51e6e-f91e-4f5e-b76c-1a5b022b0c03",
            "ticker": "KXHIGHMIA-25FEB20-B76.5",
            "count": 10,
            "created_time": "2025-02-20T16:56:51.18789Z",
            "yes_price": 1,
            "no_price": 99,
            "taker_side": "yes"
        },
        {
            "trade_id": "21fb92f9-8686-4a35-886d-725e42b94ee2",
            "ticker": "KXHIGHMIA-25FEB20-B76.5",
            "count": 50,
            "created_time": "2025-02-20T16:33:48.343269Z",
            "yes_price": 1,
            "no_price": 99,
            "taker_side": "yes"
        },
        {
            "trade_id": "78a1e351-9a88-4768-bc20-5b6fc7d34171",
            "ticker": "KXHIGHMIA-25FEB20-B76.5",
            "count": 50,
            "created_time": "2025-02-20T16:26:21.309067Z",
            "yes_price": 1,
            "no_price": 99,
            "taker_side": "yes"
        },
        {
            "trade_id": "3e4a9b61-f846-47e0-8f37-bb6e0ea59094",
            "ticker": "KXHIGHMIA-25FEB20-B76.5",
            "count": 157,
            "created_time": "2025-02-20T16:21:14.972551Z",
            "yes_price": 1,
            "no_price": 99,
            "taker_side": "yes"
        },
        {
            "trade_id": "b154f07f-b340-483d-8a87-8c87a70ba001",
            "ticker": "KXHIGHMIA-25FEB20-B76.5",
            "count": 200,
            "created_time": "2025-02-20T16:21:02.504639Z",
            "yes_price": 1,
            "no_price": 99,
            "taker_side": "no"
        },
        {
            "trade_id": "afdee7f1-6476-47b9-85e9-22654741daf4",
            "ticker": "KXHIGHMIA-25FEB20-B76.5",
            "count": 178,
            "created_time": "2025-02-20T16:21:02.504639Z",
            "yes_price": 1,
            "no_price": 99,
            "taker_side": "no"
        },
        {
            "trade_id": "881689a8-3f0f-4b15-8a4e-7911762cf8e2",
            "ticker": "KXHIGHMIA-25FEB20-B76.5",
            "count": 50,
            "created_time": "2025-02-20T16:21:02.504639Z",
            "yes_price": 1,
            "no_price": 99,
            "taker_side": "no"
        },
        {
            "trade_id": "2e714ddc-e3f3-42b1-a9d9-dfecd63ab00e",
            "ticker": "KXHIGHMIA-25FEB20-B76.5",
            "count": 150,
            "created_time": "2025-02-20T16:21:02.504639Z",
            "yes_price": 1,
            "no_price": 99,
            "taker_side": "no"
        },
        {
            "trade_id": "fafcfb20-04e1-4ac8-8563-ae6c05da930e",
            "ticker": "KXHIGHMIA-25FEB20-B76.5",
            "count": 50,
            "created_time": "2025-02-20T16:13:24.884727Z",
            "yes_price": 13,
            "no_price": 87,
            "taker_side": "yes"
        },
        {
            "trade_id": "1e161d53-4832-4a5d-938b-819566fd4c2c",
            "ticker": "KXHIGHMIA-25FEB20-B76.5",
            "count": 50,
            "created_time": "2025-02-20T16:13:24.884727Z",
            "yes_price": 12,
            "no_price": 88,
            "taker_side": "yes"
        },
        {
            "trade_id": "828b6abd-8d5e-4d0f-9ece-7e851c680f35",
            "ticker": "KXHIGHMIA-25FEB20-B76.5",
            "count": 544,
            "created_time": "2025-02-20T16:13:20.55778Z",
            "yes_price": 2,
            "no_price": 98,
            "taker_side": "no"
        },
        {
            "trade_id": "3d1d5f7a-70b7-4b38-b28c-32032f6f6a1c",
            "ticker": "KXHIGHMIA-25FEB20-B76.5",
            "count": 50,
            "created_time": "2025-02-20T16:13:20.55778Z",
            "yes_price": 2,
            "no_price": 98,
            "taker_side": "no"
        },
        {
            "trade_id": "b9ef221b-3fc3-474d-9049-f74c0093ec95",
            "ticker": "KXHIGHMIA-25FEB20-B76.5",
            "count": 156,
            "created_time": "2025-02-20T16:12:29.356572Z",
            "yes_price": 3,
            "no_price": 97,
            "taker_side": "no"
        },
        {
            "trade_id": "8d2f7a90-d5df-44f0-a422-385561fb76f0",
            "ticker": "KXHIGHMIA-25FEB20-B76.5",
            "count": 50,
            "created_time": "2025-02-20T16:12:29.356572Z",
            "yes_price": 3,
            "no_price": 97,
            "taker_side": "no"
        },
        {
            "trade_id": "e95b4394-1712-4597-9402-4e822b9aa68d",
            "ticker": "KXHIGHMIA-25FEB20-B76.5",
            "count": 40,
            "created_time": "2025-02-20T16:12:26.910569Z",
            "yes_price": 3,
            "no_price": 97,
            "taker_side": "no"
        },
        {
            "trade_id": "e09a6a1e-276c-4fa1-9718-d100e2ccfae3",
            "ticker": "KXHIGHMIA-25FEB20-B76.5",
            "count": 61,
            "created_time": "2025-02-20T16:12:21.138823Z",
            "yes_price": 3,
            "no_price": 97,
            "taker_side": "no"
        },
        {
            "trade_id": "8845338d-68a8-497a-bf44-f75b217e88c5",
            "ticker": "KXHIGHMIA-25FEB20-B76.5",
            "count": 4,
            "created_time": "2025-02-20T16:12:21.138823Z",
            "yes_price": 3,
            "no_price": 97,
            "taker_side": "no"
        },
        {
            "trade_id": "0b506705-2a83-4fc4-88e4-683f37984a75",
            "ticker": "KXHIGHMIA-25FEB20-B76.5",
            "count": 39,
            "created_time": "2025-02-20T16:12:05.786357Z",
            "yes_price": 3,
            "no_price": 97,
            "taker_side": "no"
        },
        {
            "trade_id": "4f6e701d-c106-4433-a9dc-2d4d0c56ef32",
            "ticker": "KXHIGHMIA-25FEB20-B76.5",
            "count": 3,
            "created_time": "2025-02-20T16:08:26.046387Z",
            "yes_price": 4,
            "no_price": 96,
            "taker_side": "no"
        },
        {
            "trade_id": "9848538c-b609-4523-b857-93ec654f6ecd",
            "ticker": "KXHIGHMIA-25FEB20-B76.5",
            "count": 50,
            "created_time": "2025-02-20T16:07:41.861257Z",
            "yes_price": 5,
            "no_price": 95,
            "taker_side": "no"
        },
        {
            "trade_id": "768606a6-7d02-492a-89c9-f737f6158e1f",
            "ticker": "KXHIGHMIA-25FEB20-B76.5",
            "count": 200,
            "created_time": "2025-02-20T16:07:41.861257Z",
            "yes_price": 5,
            "no_price": 95,
            "taker_side": "no"
        },
        {
            "trade_id": "9828c3e9-9619-477c-a37c-3bb9b9113ddc",
            "ticker": "KXHIGHMIA-25FEB20-B76.5",
            "count": 5,
            "created_time": "2025-02-20T15:59:42.729977Z",
            "yes_price": 12,
            "no_price": 88,
            "taker_side": "yes"
        },
        {
            "trade_id": "61829c03-d777-4ace-98f4-2ea11abf78a6",
            "ticker": "KXHIGHMIA-25FEB20-B76.5",
            "count": 34,
            "created_time": "2025-02-20T15:59:42.729977Z",
            "yes_price": 12,
            "no_price": 88,
            "taker_side": "yes"
        },
        {
            "trade_id": "d9792ffa-950c-4ee5-9538-16a0aeec6675",
            "ticker": "KXHIGHMIA-25FEB20-B76.5",
            "count": 10,
            "created_time": "2025-02-20T15:17:51.578819Z",
            "yes_price": 15,
            "no_price": 85,
            "taker_side": "no"
        },
        {
            "trade_id": "8137b14a-a51c-4be1-a867-fb6c7e7e2a76",
            "ticker": "KXHIGHMIA-25FEB20-B76.5",
            "count": 83,
            "created_time": "2025-02-20T15:12:59.302663Z",
            "yes_price": 15,
            "no_price": 85,
            "taker_side": "no"
        },
        {
            "trade_id": "1fe2f185-42a1-40a2-a5fa-a7837136f4fb",
            "ticker": "KXHIGHMIA-25FEB20-B76.5",
            "count": 157,
            "created_time": "2025-02-20T15:09:41.612829Z",
            "yes_price": 15,
            "no_price": 85,
            "taker_side": "no"
        },
        {
            "trade_id": "7c4c011e-f553-403e-af93-367e0097d3c6",
            "ticker": "KXHIGHMIA-25FEB20-B76.5",
            "count": 21,
            "created_time": "2025-02-20T15:00:20.865696Z",
            "yes_price": 20,
            "no_price": 80,
            "taker_side": "yes"
        },
        {
            "trade_id": "cb7d21e6-ab57-4204-9f92-dc9ea902f742",
            "ticker": "KXHIGHMIA-25FEB20-B76.5",
            "count": 50,
            "created_time": "2025-02-20T14:57:46.215479Z",
            "yes_price": 19,
            "no_price": 81,
            "taker_side": "yes"
        },
        {
            "trade_id": "9a35df45-5025-46ee-9d66-fd7da74065b5",
            "ticker": "KXHIGHMIA-25FEB20-B76.5",
            "count": 96,
            "created_time": "2025-02-20T14:57:46.215479Z",
            "yes_price": 20,
            "no_price": 80,
            "taker_side": "yes"
        },
        {
            "trade_id": "f412d3be-c6d8-47e8-a2ad-66fafbd51ee7",
            "ticker": "KXHIGHMIA-25FEB20-B76.5",
            "count": 21,
            "created_time": "2025-02-20T14:56:11.602152Z",
            "yes_price": 15,
            "no_price": 85,
            "taker_side": "no"
        },
        {
            "trade_id": "208c19d3-4511-4c7e-ade2-e399515244a4",
            "ticker": "KXHIGHMIA-25FEB20-B76.5",
            "count": 50,
            "created_time": "2025-02-20T14:50:59.350416Z",
            "yes_price": 20,
            "no_price": 80,
            "taker_side": "no"
        },
        {
            "trade_id": "cf9cf7ef-5b71-4755-a6be-e179e6c092bf",
            "ticker": "KXHIGHMIA-25FEB20-B76.5",
            "count": 10,
            "created_time": "2025-02-20T14:45:25.110657Z",
            "yes_price": 17,
            "no_price": 83,
            "taker_side": "yes"
        },
        {
            "trade_id": "939e8b4a-6cdd-41b7-b7cd-4050600406d4",
            "ticker": "KXHIGHMIA-25FEB20-B76.5",
            "count": 5,
            "created_time": "2025-02-20T14:29:50.93068Z",
            "yes_price": 14,
            "no_price": 86,
            "taker_side": "no"
        },
        {
            "trade_id": "9846fa5a-8f04-4c47-b8cb-a2c6b1e90651",
            "ticker": "KXHIGHMIA-25FEB20-B76.5",
            "count": 10,
            "created_time": "2025-02-20T14:17:15.873288Z",
            "yes_price": 13,
            "no_price": 87,
            "taker_side": "no"
        },
        {
            "trade_id": "04fa0cd5-78ea-45cb-a65b-cdf19bca9c2e",
            "ticker": "KXHIGHMIA-25FEB20-B76.5",
            "count": 115,
            "created_time": "2025-02-20T14:17:15.873288Z",
            "yes_price": 12,
            "no_price": 88,
            "taker_side": "no"
        },
        {
            "trade_id": "541c41fc-438b-451e-8f56-a71396e56e2e",
            "ticker": "KXHIGHMIA-25FEB20-B76.5",
            "count": 100,
            "created_time": "2025-02-20T14:03:37.067365Z",
            "yes_price": 15,
            "no_price": 85,
            "taker_side": "no"
        },
        {
            "trade_id": "cc03d804-4f4e-417a-9088-9d322acd0f67",
            "ticker": "KXHIGHMIA-25FEB20-B76.5",
            "count": 6,
            "created_time": "2025-02-20T07:59:46.12982Z",
            "yes_price": 15,
            "no_price": 85,
            "taker_side": "yes"
        },
        {
            "trade_id": "9ae7507e-5244-483d-b595-eeb82e0f0e34",
            "ticker": "KXHIGHMIA-25FEB20-B76.5",
            "count": 19,
            "created_time": "2025-02-20T07:59:46.12982Z",
            "yes_price": 14,
            "no_price": 86,
            "taker_side": "yes"
        },
        {
            "trade_id": "90470a61-4c06-4eb8-b974-55fb93fc24b1",
            "ticker": "KXHIGHMIA-25FEB20-B76.5",
            "count": 19,
            "created_time": "2025-02-20T07:59:46.12982Z",
            "yes_price": 15,
            "no_price": 85,
            "taker_side": "yes"
        },
        {
            "trade_id": "60ead538-8fa2-4500-809b-fd56073c6817",
            "ticker": "KXHIGHMIA-25FEB20-B76.5",
            "count": 7,
            "created_time": "2025-02-20T07:59:46.12982Z",
            "yes_price": 15,
            "no_price": 85,
            "taker_side": "yes"
        },
        {
            "trade_id": "83090fdc-c07c-420a-b7d8-7c67f053bcef",
            "ticker": "KXHIGHMIA-25FEB20-B76.5",
            "count": 50,
            "created_time": "2025-02-20T07:52:33.651092Z",
            "yes_price": 7,
            "no_price": 93,
            "taker_side": "no"
        },
        {
            "trade_id": "9f4b49e6-6357-4f80-8473-d6ddf28ee7f3",
            "ticker": "KXHIGHMIA-25FEB20-B76.5",
            "count": 25,
            "created_time": "2025-02-20T07:48:16.462038Z",
            "yes_price": 8,
            "no_price": 92,
            "taker_side": "no"
        },
        {
            "trade_id": "882231b0-9873-4dc2-b49f-11d5bedf3e11",
            "ticker": "KXHIGHMIA-25FEB20-B76.5",
            "count": 25,
            "created_time": "2025-02-20T07:48:16.462038Z",
            "yes_price": 10,
            "no_price": 90,
            "taker_side": "no"
        },
        {
            "trade_id": "d825d019-ddb1-4753-8280-05a5e5d79f16",
            "ticker": "KXHIGHMIA-25FEB20-B76.5",
            "count": 110,
            "created_time": "2025-02-20T07:29:23.134938Z",
            "yes_price": 13,
            "no_price": 87,
            "taker_side": "no"
        },
        {
            "trade_id": "f2db790c-a863-4620-9ea4-414b98cd4776",
            "ticker": "KXHIGHMIA-25FEB20-B76.5",
            "count": 125,
            "created_time": "2025-02-20T07:28:44.853294Z",
            "yes_price": 16,
            "no_price": 84,
            "taker_side": "no"
        },
        {
            "trade_id": "f10d1f1d-1593-4d98-afff-f339cc5d185c",
            "ticker": "KXHIGHMIA-25FEB20-B76.5",
            "count": 50,
            "created_time": "2025-02-20T07:28:44.853294Z",
            "yes_price": 20,
            "no_price": 80,
            "taker_side": "no"
        },
        {
            "trade_id": "ada8d90b-84f9-4cbb-9509-af09bf58f5f4",
            "ticker": "KXHIGHMIA-25FEB20-B76.5",
            "count": 31,
            "created_time": "2025-02-20T07:28:44.853294Z",
            "yes_price": 16,
            "no_price": 84,
            "taker_side": "no"
        },
        {
            "trade_id": "86d491d7-b591-43a2-8f60-921d616b0acc",
            "ticker": "KXHIGHMIA-25FEB20-B76.5",
            "count": 240,
            "created_time": "2025-02-20T07:28:44.853294Z",
            "yes_price": 14,
            "no_price": 86,
            "taker_side": "no"
        },
        {
            "trade_id": "01059034-39cb-4e8b-a199-d4b62b5a339c",
            "ticker": "KXHIGHMIA-25FEB20-B76.5",
            "count": 100,
            "created_time": "2025-02-20T07:28:44.853294Z",
            "yes_price": 15,
            "no_price": 85,
            "taker_side": "no"
        },
        {
            "trade_id": "6b4d79f8-7cd8-45c5-984f-1ca06f5adaf7",
            "ticker": "KXHIGHMIA-25FEB20-B76.5",
            "count": 34,
            "created_time": "2025-02-20T06:00:24.191976Z",
            "yes_price": 22,
            "no_price": 78,
            "taker_side": "yes"
        },
        {
            "trade_id": "d5efa3e1-1c23-4b1f-bab2-3f54201bdf6a",
            "ticker": "KXHIGHMIA-25FEB20-B76.5",
            "count": 10,
            "created_time": "2025-02-20T05:59:02.148431Z",
            "yes_price": 25,
            "no_price": 75,
            "taker_side": "yes"
        },
        {
            "trade_id": "99cb652a-c2ff-4bf9-9336-a00298a3133a",
            "ticker": "KXHIGHMIA-25FEB20-B76.5",
            "count": 1,
            "created_time": "2025-02-20T05:59:02.148431Z",
            "yes_price": 25,
            "no_price": 75,
            "taker_side": "yes"
        },
        {
            "trade_id": "7fc6908e-d36e-4048-9d31-04ec3b5ebf7d",
            "ticker": "KXHIGHMIA-25FEB20-B76.5",
            "count": 1,
            "created_time": "2025-02-20T05:59:02.148431Z",
            "yes_price": 23,
            "no_price": 77,
            "taker_side": "yes"
        },
        {
            "trade_id": "7ca0a687-4652-4c2f-baf1-ea9df452b029",
            "ticker": "KXHIGHMIA-25FEB20-B76.5",
            "count": 1,
            "created_time": "2025-02-20T05:59:02.148431Z",
            "yes_price": 23,
            "no_price": 77,
            "taker_side": "yes"
        },
        {
            "trade_id": "666aadc1-d9a3-45c7-9fc6-350614ed6abf",
            "ticker": "KXHIGHMIA-25FEB20-B76.5",
            "count": 9,
            "created_time": "2025-02-20T05:59:02.148431Z",
            "yes_price": 23,
            "no_price": 77,
            "taker_side": "yes"
        },
        {
            "trade_id": "1cf7c33f-b46a-4df6-8311-33a51bd8efd4",
            "ticker": "KXHIGHMIA-25FEB20-B76.5",
            "count": 16,
            "created_time": "2025-02-20T05:59:02.148431Z",
            "yes_price": 25,
            "no_price": 75,
            "taker_side": "yes"
        },
        {
            "trade_id": "096104e4-b3c5-4779-ba55-0ab8cfbf8ef5",
            "ticker": "KXHIGHMIA-25FEB20-B76.5",
            "count": 10,
            "created_time": "2025-02-20T05:03:59.287333Z",
            "yes_price": 21,
            "no_price": 79,
            "taker_side": "no"
        },
        {
            "trade_id": "c055a560-b073-42ae-a6e4-1294250c2014",
            "ticker": "KXHIGHMIA-25FEB20-B76.5",
            "count": 1,
            "created_time": "2025-02-20T04:29:55.740364Z",
            "yes_price": 22,
            "no_price": 78,
            "taker_side": "no"
        },
        {
            "trade_id": "f2310000-cf98-4c9b-becc-7bab4f86fd10",
            "ticker": "KXHIGHMIA-25FEB20-B76.5",
            "count": 60,
            "created_time": "2025-02-20T04:18:13.036089Z",
            "yes_price": 26,
            "no_price": 74,
            "taker_side": "yes"
        },
        {
            "trade_id": "c8cfc00f-6313-4666-a15e-d6fb59eae08c",
            "ticker": "KXHIGHMIA-25FEB20-B76.5",
            "count": 5,
            "created_time": "2025-02-20T04:18:13.036089Z",
            "yes_price": 25,
            "no_price": 75,
            "taker_side": "yes"
        },
        {
            "trade_id": "c64297b3-6acf-496b-a9ee-150173ed09ce",
            "ticker": "KXHIGHMIA-25FEB20-B76.5",
            "count": 56,
            "created_time": "2025-02-20T04:18:13.036089Z",
            "yes_price": 28,
            "no_price": 72,
            "taker_side": "yes"
        },
        {
            "trade_id": "b6b861a6-ca7b-46c4-b1b0-b55077d0f5ef",
            "ticker": "KXHIGHMIA-25FEB20-B76.5",
            "count": 36,
            "created_time": "2025-02-20T04:18:13.036089Z",
            "yes_price": 26,
            "no_price": 74,
            "taker_side": "yes"
        },
        {
            "trade_id": "7dbfd25f-0410-45ee-a81c-e4694feb5bdd",
            "ticker": "KXHIGHMIA-25FEB20-B76.5",
            "count": 1,
            "created_time": "2025-02-20T04:18:13.036089Z",
            "yes_price": 22,
            "no_price": 78,
            "taker_side": "yes"
        },
        {
            "trade_id": "68bce73e-c159-464c-b3a7-0965f4da379d",
            "ticker": "KXHIGHMIA-25FEB20-B76.5",
            "count": 4,
            "created_time": "2025-02-20T04:18:13.036089Z",
            "yes_price": 26,
            "no_price": 74,
            "taker_side": "yes"
        },
        {
            "trade_id": "3200e4de-0b43-4899-aa7a-a39b57791331",
            "ticker": "KXHIGHMIA-25FEB20-B76.5",
            "count": 11,
            "created_time": "2025-02-20T04:18:13.036089Z",
            "yes_price": 23,
            "no_price": 77,
            "taker_side": "yes"
        },
        {
            "trade_id": "2a3d21b3-002c-41d3-a281-f5e2600539a6",
            "ticker": "KXHIGHMIA-25FEB20-B76.5",
            "count": 8,
            "created_time": "2025-02-20T04:18:13.036089Z",
            "yes_price": 22,
            "no_price": 78,
            "taker_side": "yes"
        },
        {
            "trade_id": "f875a800-6f80-42d4-98a4-7236aad87be3",
            "ticker": "KXHIGHMIA-25FEB20-B76.5",
            "count": 2,
            "created_time": "2025-02-20T04:12:21.41107Z",
            "yes_price": 21,
            "no_price": 79,
            "taker_side": "no"
        },
        {
            "trade_id": "8d56b9a2-b607-4eb6-8c26-90cb10bb56aa",
            "ticker": "KXHIGHMIA-25FEB20-B76.5",
            "count": 7,
            "created_time": "2025-02-20T03:59:05.113253Z",
            "yes_price": 22,
            "no_price": 78,
            "taker_side": "yes"
        },
        {
            "trade_id": "9d3dea97-580c-4ac7-8a28-a15c83d7214e",
            "ticker": "KXHIGHMIA-25FEB20-B76.5",
            "count": 5,
            "created_time": "2025-02-20T03:55:37.399857Z",
            "yes_price": 22,
            "no_price": 78,
            "taker_side": "no"
        },
        {
            "trade_id": "21799518-25db-4abe-9ed9-6ff776274dcc",
            "ticker": "KXHIGHMIA-25FEB20-B76.5",
            "count": 13,
            "created_time": "2025-02-20T03:50:33.414652Z",
            "yes_price": 21,
            "no_price": 79,
            "taker_side": "no"
        },
        {
            "trade_id": "da98740f-e85b-4b75-869e-f1b79e7961bf",
            "ticker": "KXHIGHMIA-25FEB20-B76.5",
            "count": 16,
            "created_time": "2025-02-20T03:49:03.148829Z",
            "yes_price": 23,
            "no_price": 77,
            "taker_side": "yes"
        },
        {
            "trade_id": "ccfe815b-ee4d-44c6-af35-732b728c005c",
            "ticker": "KXHIGHMIA-25FEB20-B76.5",
            "count": 1,
            "created_time": "2025-02-20T03:39:14.691397Z",
            "yes_price": 28,
            "no_price": 72,
            "taker_side": "yes"
        },
        {
            "trade_id": "65f3acfe-709b-46b2-a20b-35e86c3d25f7",
            "ticker": "KXHIGHMIA-25FEB20-B76.5",
            "count": 5,
            "created_time": "2025-02-20T03:23:11.955332Z",
            "yes_price": 24,
            "no_price": 76,
            "taker_side": "yes"
        },
        {
            "trade_id": "34c0324e-63fd-4eb9-a1c4-c2eae33a2017",
            "ticker": "KXHIGHMIA-25FEB20-B76.5",
            "count": 281,
            "created_time": "2025-02-20T03:23:11.955332Z",
            "yes_price": 24,
            "no_price": 76,
            "taker_side": "yes"
        },
        {
            "trade_id": "3344d26e-9467-466e-ba35-8206dc5a9f43",
            "ticker": "KXHIGHMIA-25FEB20-B76.5",
            "count": 3,
            "created_time": "2025-02-20T03:14:05.885736Z",
            "yes_price": 24,
            "no_price": 76,
            "taker_side": "yes"
        },
        {
            "trade_id": "1a34281e-338a-4973-aee3-ff5c00270cb2",
            "ticker": "KXHIGHMIA-25FEB20-B76.5",
            "count": 5,
            "created_time": "2025-02-20T03:08:35.150715Z",
            "yes_price": 24,
            "no_price": 76,
            "taker_side": "no"
        },
        {
            "trade_id": "e39ad26f-4235-4458-a097-7d98a33b11ab",
            "ticker": "KXHIGHMIA-25FEB20-B76.5",
            "count": 1,
            "created_time": "2025-02-20T03:04:12.971978Z",
            "yes_price": 29,
            "no_price": 71,
            "taker_side": "yes"
        },
        {
            "trade_id": "d7159782-9348-4656-8b29-8d8e25203482",
            "ticker": "KXHIGHMIA-25FEB20-B76.5",
            "count": 18,
            "created_time": "2025-02-20T02:33:08.863818Z",
            "yes_price": 30,
            "no_price": 70,
            "taker_side": "yes"
        },
        {
            "trade_id": "d4b2df6b-236c-4303-ba63-6522ccbfe97f",
            "ticker": "KXHIGHMIA-25FEB20-B76.5",
            "count": 71,
            "created_time": "2025-02-20T02:16:07.257599Z",
            "yes_price": 20,
            "no_price": 80,
            "taker_side": "no"
        },
        {
            "trade_id": "bc8e8795-a45d-497b-b0d6-bb4dba597b26",
            "ticker": "KXHIGHMIA-25FEB20-B76.5",
            "count": 8,
            "created_time": "2025-02-20T02:16:07.257599Z",
            "yes_price": 22,
            "no_price": 78,
            "taker_side": "no"
        },
        {
            "trade_id": "a74fb6e6-ad43-4430-99b0-f6df43bd1cba",
            "ticker": "KXHIGHMIA-25FEB20-B76.5",
            "count": 61,
            "created_time": "2025-02-20T02:16:07.257599Z",
            "yes_price": 22,
            "no_price": 78,
            "taker_side": "no"
        },
        {
            "trade_id": "343ecec9-ecda-4791-9374-564993d19d9d",
            "ticker": "KXHIGHMIA-25FEB20-B76.5",
            "count": 14,
            "created_time": "2025-02-20T02:16:07.257599Z",
            "yes_price": 22,
            "no_price": 78,
            "taker_side": "no"
        },
        {
            "trade_id": "06326b49-cb3d-485b-9f0a-a8855c1d72f9",
            "ticker": "KXHIGHMIA-25FEB20-B76.5",
            "count": 30,
            "created_time": "2025-02-20T02:16:05.089817Z",
            "yes_price": 30,
            "no_price": 70,
            "taker_side": "yes"
        },
        {
            "trade_id": "d313c188-85aa-4b14-a458-ed1310cd13ca",
            "ticker": "KXHIGHMIA-25FEB20-B76.5",
            "count": 6,
            "created_time": "2025-02-20T02:15:06.525065Z",
            "yes_price": 30,
            "no_price": 70,
            "taker_side": "yes"
        },
        {
            "trade_id": "a963075e-cdfb-47b1-a85b-543fc0e88e18",
            "ticker": "KXHIGHMIA-25FEB20-B76.5",
            "count": 1,
            "created_time": "2025-02-20T02:15:06.525065Z",
            "yes_price": 30,
            "no_price": 70,
            "taker_side": "yes"
        },
        {
            "trade_id": "38a6b6e3-b400-46e2-affa-ed0ad7da008d",
            "ticker": "KXHIGHMIA-25FEB20-B76.5",
            "count": 27,
            "created_time": "2025-02-20T02:15:06.525065Z",
            "yes_price": 32,
            "no_price": 68,
            "taker_side": "yes"
        },
        {
            "trade_id": "1de45d7e-12cb-417b-90a1-dddbedd17099",
            "ticker": "KXHIGHMIA-25FEB20-B76.5",
            "count": 81,
            "created_time": "2025-02-20T02:15:06.525065Z",
            "yes_price": 30,
            "no_price": 70,
            "taker_side": "yes"
        },
        {
            "trade_id": "293d8223-bbe0-4d16-8652-a4b175949f09",
            "ticker": "KXHIGHMIA-25FEB20-B76.5",
            "count": 3,
            "created_time": "2025-02-20T02:10:43.722534Z",
            "yes_price": 29,
            "no_price": 71,
            "taker_side": "yes"
        },
        {
            "trade_id": "8db457cb-92e3-4978-8e78-38df7b8e114c",
            "ticker": "KXHIGHMIA-25FEB20-B76.5",
            "count": 2,
            "created_time": "2025-02-20T02:09:57.692788Z",
            "yes_price": 27,
            "no_price": 73,
            "taker_side": "yes"
        },
        {
            "trade_id": "faa58944-7d5c-4912-a5f0-05c21a5139ae",
            "ticker": "KXHIGHMIA-25FEB20-B76.5",
            "count": 80,
            "created_time": "2025-02-20T02:09:28.410587Z",
            "yes_price": 30,
            "no_price": 70,
            "taker_side": "yes"
        },
        {
            "trade_id": "f4e6ff71-6809-4284-b55f-0751987fd217",
            "ticker": "KXHIGHMIA-25FEB20-B76.5",
            "count": 184,
            "created_time": "2025-02-20T02:09:28.410587Z",
            "yes_price": 45,
            "no_price": 55,
            "taker_side": "yes"
        },
        {
            "trade_id": "c045f124-a70d-42ba-8d0e-64b86848a075",
            "ticker": "KXHIGHMIA-25FEB20-B76.5",
            "count": 20,
            "created_time": "2025-02-20T02:09:28.410587Z",
            "yes_price": 28,
            "no_price": 72,
            "taker_side": "yes"
        },
        {
            "trade_id": "bb9dfdb9-48d3-4efa-bedc-cd8f345b22a6",
            "ticker": "KXHIGHMIA-25FEB20-B76.5",
            "count": 8,
            "created_time": "2025-02-20T02:09:28.410587Z",
            "yes_price": 28,
            "no_price": 72,
            "taker_side": "yes"
        },
        {
            "trade_id": "9826d1eb-260a-4c0e-8fcb-9ff02452e37d",
            "ticker": "KXHIGHMIA-25FEB20-B76.5",
            "count": 192,
            "created_time": "2025-02-20T02:09:28.410587Z",
            "yes_price": 35,
            "no_price": 65,
            "taker_side": "yes"
        },
        {
            "trade_id": "3e793513-37cc-4cff-8443-89f35b9e4502",
            "ticker": "KXHIGHMIA-25FEB20-B76.5",
            "count": 70,
            "created_time": "2025-02-20T02:09:28.410587Z",
            "yes_price": 45,
            "no_price": 55,
            "taker_side": "yes"
        },
        {
            "trade_id": "3553198b-c466-48d1-b365-e0b0af2b4eb2",
            "ticker": "KXHIGHMIA-25FEB20-B76.5",
            "count": 80,
            "created_time": "2025-02-20T02:09:28.410587Z",
            "yes_price": 32,
            "no_price": 68,
            "taker_side": "yes"
        },
        {
            "trade_id": "ecaac205-b986-43b1-9541-ae522ed39fb3",
            "ticker": "KXHIGHMIA-25FEB20-B76.5",
            "count": 240,
            "created_time": "2025-02-20T02:09:01.408263Z",
            "yes_price": 25,
            "no_price": 75,
            "taker_side": "yes"
        },
        {
            "trade_id": "d56af489-1a44-4c6e-94f2-2151e7625583",
            "ticker": "KXHIGHMIA-25FEB20-B76.5",
            "count": 205,
            "created_time": "2025-02-20T02:09:01.408263Z",
            "yes_price": 45,
            "no_price": 55,
            "taker_side": "yes"
        },
        {
            "trade_id": "c5ad54f3-857d-4992-a092-703715e75821",
            "ticker": "KXHIGHMIA-25FEB20-B76.5",
            "count": 26,
            "created_time": "2025-02-20T02:09:01.408263Z",
            "yes_price": 23,
            "no_price": 77,
            "taker_side": "yes"
        },
        {
            "trade_id": "73012fd2-5dc7-40fb-87e2-1cdb57066400",
            "ticker": "KXHIGHMIA-25FEB20-B76.5",
            "count": 157,
            "created_time": "2025-02-20T02:09:01.408263Z",
            "yes_price": 31,
            "no_price": 69,
            "taker_side": "yes"
        },
        {
            "trade_id": "5516b6e8-f908-4dd9-bb67-8586dc1991c5",
            "ticker": "KXHIGHMIA-25FEB20-B76.5",
            "count": 240,
            "created_time": "2025-02-20T02:09:01.408263Z",
            "yes_price": 27,
            "no_price": 73,
            "taker_side": "yes"
        },
        {
            "trade_id": "4678d05e-9754-480d-ac9e-47cbe204fe41",
            "ticker": "KXHIGHMIA-25FEB20-B76.5",
            "count": 59,
            "created_time": "2025-02-20T02:09:01.408263Z",
            "yes_price": 23,
            "no_price": 77,
            "taker_side": "yes"
        },
        {
            "trade_id": "1872fa0c-4e59-4695-844f-90e2c5704825",
            "ticker": "KXHIGHMIA-25FEB20-B76.5",
            "count": 4,
            "created_time": "2025-02-20T02:09:01.408263Z",
            "yes_price": 23,
            "no_price": 77,
            "taker_side": "yes"
        },
        {
            "trade_id": "5e4076cd-0156-41ed-8f02-68ca52386dfa",
            "ticker": "KXHIGHMIA-25FEB20-B76.5",
            "count": 1,
            "created_time": "2025-02-20T01:55:20.817179Z",
            "yes_price": 23,
            "no_price": 77,
            "taker_side": "yes"
        },
        {
            "trade_id": "9c31e9f3-4e4a-44ce-912b-04a8ade61861",
            "ticker": "KXHIGHMIA-25FEB20-B76.5",
            "count": 4,
            "created_time": "2025-02-20T01:45:00.880933Z",
            "yes_price": 23,
            "no_price": 77,
            "taker_side": "yes"
        },
        {
            "trade_id": "f8d945c8-77af-4ddb-9788-f20279efb3e2",
            "ticker": "KXHIGHMIA-25FEB20-B76.5",
            "count": 290,
            "created_time": "2025-02-20T01:43:49.439749Z",
            "yes_price": 29,
            "no_price": 71,
            "taker_side": "yes"
        },
        {
            "trade_id": "f44a7a56-9af2-4b1d-b7d7-eb034399d5f6",
            "ticker": "KXHIGHMIA-25FEB20-B76.5",
            "count": 240,
            "created_time": "2025-02-20T01:43:49.439749Z",
            "yes_price": 20,
            "no_price": 80,
            "taker_side": "yes"
        },
        {
            "trade_id": "db16a63e-cdb7-49d4-acfa-5228f17c3d52",
            "ticker": "KXHIGHMIA-25FEB20-B76.5",
            "count": 49,
            "created_time": "2025-02-20T01:43:49.439749Z",
            "yes_price": 18,
            "no_price": 82,
            "taker_side": "yes"
        },
        {
            "trade_id": "904ec77e-7c48-41e7-b79d-4ced82c2538c",
            "ticker": "KXHIGHMIA-25FEB20-B76.5",
            "count": 59,
            "created_time": "2025-02-20T01:43:49.439749Z",
            "yes_price": 39,
            "no_price": 61,
            "taker_side": "yes"
        },
        {
            "trade_id": "67280207-fe0a-48bf-b1fe-bfda3209d28c",
            "ticker": "KXHIGHMIA-25FEB20-B76.5",
            "count": 16,
            "created_time": "2025-02-20T01:43:49.439749Z",
            "yes_price": 18,
            "no_price": 82,
            "taker_side": "yes"
        },
        {
            "trade_id": "2550c67d-14bc-4b26-98a9-98b1d78c183c",
            "ticker": "KXHIGHMIA-25FEB20-B76.5",
            "count": 31,
            "created_time": "2025-02-20T01:43:49.439749Z",
            "yes_price": 45,
            "no_price": 55,
            "taker_side": "yes"
        },
        {
            "trade_id": "1ff81f98-9fa2-4c85-b35a-abb28d289b60",
            "ticker": "KXHIGHMIA-25FEB20-B76.5",
            "count": 23,
            "created_time": "2025-02-20T01:43:49.439749Z",
            "yes_price": 18,
            "no_price": 82,
            "taker_side": "yes"
        },
        {
            "trade_id": "1cf70efe-ecee-459d-9cab-58cf8a2e87d7",
            "ticker": "KXHIGHMIA-25FEB20-B76.5",
            "count": 240,
            "created_time": "2025-02-20T01:43:49.439749Z",
            "yes_price": 22,
            "no_price": 78,
            "taker_side": "yes"
        },
        {
            "trade_id": "561d3af7-06b9-439e-b2a4-12433a2e9859",
            "ticker": "KXHIGHMIA-25FEB20-B76.5",
            "count": 47,
            "created_time": "2025-02-20T01:37:37.581544Z",
            "yes_price": 18,
            "no_price": 82,
            "taker_side": "no"
        },
        {
            "trade_id": "232eb341-f687-41c1-a069-aeb6816dda04",
            "ticker": "KXHIGHMIA-25FEB20-B76.5",
            "count": 63,
            "created_time": "2025-02-20T01:37:33.350251Z",
            "yes_price": 18,
            "no_price": 82,
            "taker_side": "no"
        },
        {
            "trade_id": "09569cac-7d16-49dc-9526-d2bd32f49f2a",
            "ticker": "KXHIGHMIA-25FEB20-B76.5",
            "count": 5,
            "created_time": "2025-02-20T01:37:32.351673Z",
            "yes_price": 18,
            "no_price": 82,
            "taker_side": "no"
        },
        {
            "trade_id": "dce7691c-e6f0-4de3-a0ef-9dab81a3227b",
            "ticker": "KXHIGHMIA-25FEB20-B76.5",
            "count": 240,
            "created_time": "2025-02-20T01:37:32.177381Z",
            "yes_price": 18,
            "no_price": 82,
            "taker_side": "yes"
        },
        {
            "trade_id": "d0ac4a90-e839-4dda-b6c9-d648c3e9b057",
            "ticker": "KXHIGHMIA-25FEB20-B76.5",
            "count": 40,
            "created_time": "2025-02-20T01:37:32.177381Z",
            "yes_price": 14,
            "no_price": 86,
            "taker_side": "yes"
        },
        {
            "trade_id": "cbffe474-035a-41a0-a471-3546ca7189f9",
            "ticker": "KXHIGHMIA-25FEB20-B76.5",
            "count": 13,
            "created_time": "2025-02-20T01:37:32.177381Z",
            "yes_price": 14,
            "no_price": 86,
            "taker_side": "yes"
        },
        {
            "trade_id": "c46851b0-1bdb-4ea9-ad4a-25a324c68dac",
            "ticker": "KXHIGHMIA-25FEB20-B76.5",
            "count": 240,
            "created_time": "2025-02-20T01:37:32.177381Z",
            "yes_price": 16,
            "no_price": 84,
            "taker_side": "yes"
        },
        {
            "trade_id": "5136bc1f-aa7d-4a79-81e4-f58e2c55c482",
            "ticker": "KXHIGHMIA-25FEB20-B76.5",
            "count": 200,
            "created_time": "2025-02-20T01:37:32.177381Z",
            "yes_price": 15,
            "no_price": 85,
            "taker_side": "yes"
        },
        {
            "trade_id": "47b5feeb-0d8a-43d2-bdf7-3f6a0bf06a73",
            "ticker": "KXHIGHMIA-25FEB20-B76.5",
            "count": 3,
            "created_time": "2025-02-20T01:37:32.177381Z",
            "yes_price": 14,
            "no_price": 86,
            "taker_side": "yes"
        },
        {
            "trade_id": "2ba2c647-2dcd-48c2-bf7f-616dfda06caf",
            "ticker": "KXHIGHMIA-25FEB20-B76.5",
            "count": 2,
            "created_time": "2025-02-20T01:37:32.177381Z",
            "yes_price": 14,
            "no_price": 86,
            "taker_side": "yes"
        },
        {
            "trade_id": "d13cb5cb-9ce6-4a79-8c29-baa141098536",
            "ticker": "KXHIGHMIA-25FEB20-B76.5",
            "count": 25,
            "created_time": "2025-02-20T01:32:47.665174Z",
            "yes_price": 13,
            "no_price": 87,
            "taker_side": "yes"
        },
        {
            "trade_id": "b9235bce-70cc-4344-9a04-21331163ac62",
            "ticker": "KXHIGHMIA-25FEB20-B76.5",
            "count": 2,
            "created_time": "2025-02-20T01:32:47.665174Z",
            "yes_price": 12,
            "no_price": 88,
            "taker_side": "yes"
        },
        {
            "trade_id": "247dbca3-c3b6-4080-a9c9-85e695ba5d1f",
            "ticker": "KXHIGHMIA-25FEB20-B76.5",
            "count": 114,
            "created_time": "2025-02-20T01:32:47.665174Z",
            "yes_price": 15,
            "no_price": 85,
            "taker_side": "yes"
        },
        {
            "trade_id": "23624f33-83df-4a6b-a0d2-694703018603",
            "ticker": "KXHIGHMIA-25FEB20-B76.5",
            "count": 24,
            "created_time": "2025-02-20T01:32:47.665174Z",
            "yes_price": 12,
            "no_price": 88,
            "taker_side": "yes"
        },
        {
            "trade_id": "b89fc3c3-a8e3-47b4-95d2-81d7f56969a3",
            "ticker": "KXHIGHMIA-25FEB20-B76.5",
            "count": 240,
            "created_time": "2025-02-20T01:27:58.516617Z",
            "yes_price": 11,
            "no_price": 89,
            "taker_side": "yes"
        },
        {
            "trade_id": "ab444352-a532-469b-b034-192d562593f6",
            "ticker": "KXHIGHMIA-25FEB20-B76.5",
            "count": 2,
            "created_time": "2025-02-20T01:27:58.516617Z",
            "yes_price": 9,
            "no_price": 91,
            "taker_side": "yes"
        },
        {
            "trade_id": "99b6a70c-d41f-45cc-aa08-4a4ceaf0731c",
            "ticker": "KXHIGHMIA-25FEB20-B76.5",
            "count": 41,
            "created_time": "2025-02-20T01:27:58.516617Z",
            "yes_price": 9,
            "no_price": 91,
            "taker_side": "yes"
        },
        {
            "trade_id": "52c3e61d-f16a-4d0e-b281-b6cfab68ed97",
            "ticker": "KXHIGHMIA-25FEB20-B76.5",
            "count": 54,
            "created_time": "2025-02-20T01:27:58.516617Z",
            "yes_price": 8,
            "no_price": 92,
            "taker_side": "yes"
        },
        {
            "trade_id": "40b73726-4522-4bc5-97f9-2fcb5017b714",
            "ticker": "KXHIGHMIA-25FEB20-B76.5",
            "count": 68,
            "created_time": "2025-02-20T01:27:58.516617Z",
            "yes_price": 9,
            "no_price": 91,
            "taker_side": "yes"
        },
        {
            "trade_id": "0be03786-5409-4344-87b1-7bad72f2c223",
            "ticker": "KXHIGHMIA-25FEB20-B76.5",
            "count": 240,
            "created_time": "2025-02-20T01:27:58.516617Z",
            "yes_price": 13,
            "no_price": 87,
            "taker_side": "yes"
        },
        {
            "trade_id": "f4034145-417c-4210-a452-c562ae71ad0a",
            "ticker": "KXHIGHMIA-25FEB20-B76.5",
            "count": 240,
            "created_time": "2025-02-20T01:26:33.046794Z",
            "yes_price": 8,
            "no_price": 92,
            "taker_side": "yes"
        },
        {
            "trade_id": "af5f4dc5-ac03-43f2-9592-aa5a159a0d79",
            "ticker": "KXHIGHMIA-25FEB20-B76.5",
            "count": 240,
            "created_time": "2025-02-20T01:26:33.046794Z",
            "yes_price": 6,
            "no_price": 94,
            "taker_side": "yes"
        },
        {
            "trade_id": "99247cf2-09e1-4b37-aab0-e401da46dafc",
            "ticker": "KXHIGHMIA-25FEB20-B76.5",
            "count": 23,
            "created_time": "2025-02-20T01:26:33.046794Z",
            "yes_price": 15,
            "no_price": 85,
            "taker_side": "yes"
        },
        {
            "trade_id": "63c53890-417d-48f5-8cdc-8ed34da10ca1",
            "ticker": "KXHIGHMIA-25FEB20-B76.5",
            "count": 246,
            "created_time": "2025-02-20T01:26:33.046794Z",
            "yes_price": 23,
            "no_price": 77,
            "taker_side": "yes"
        },
        {
            "trade_id": "36bc51bd-632c-44ff-a0f2-1e4796916028",
            "ticker": "KXHIGHMIA-25FEB20-B76.5",
            "count": 17,
            "created_time": "2025-02-20T01:26:33.046794Z",
            "yes_price": 4,
            "no_price": 96,
            "taker_side": "yes"
        },
        {
            "trade_id": "d6bc8ca2-1655-44eb-a1d8-e8f1319b3218",
            "ticker": "KXHIGHMIA-25FEB20-B76.5",
            "count": 46,
            "created_time": "2025-02-20T00:20:39.756875Z",
            "yes_price": 4,
            "no_price": 96,
            "taker_side": "yes"
        },
        {
            "trade_id": "dd7d548c-3462-4adb-94c1-d8ef891e41dc",
            "ticker": "KXHIGHMIA-25FEB20-B76.5",
            "count": 13,
            "created_time": "2025-02-19T23:27:26.760086Z",
            "yes_price": 7,
            "no_price": 93,
            "taker_side": "no"
        },
        {
            "trade_id": "a88fb937-c7a5-41dc-91ca-136463a06bbe",
            "ticker": "KXHIGHMIA-25FEB20-B76.5",
            "count": 37,
            "created_time": "2025-02-19T23:24:25.315616Z",
            "yes_price": 7,
            "no_price": 93,
            "taker_side": "no"
        },
        {
            "trade_id": "713cdf1c-d769-4f56-9bdd-03ab9a84378a",
            "ticker": "KXHIGHMIA-25FEB20-B76.5",
            "count": 10,
            "created_time": "2025-02-19T21:58:13.593754Z",
            "yes_price": 14,
            "no_price": 86,
            "taker_side": "yes"
        },
        {
            "trade_id": "d2f21c0e-ea68-4fbf-814c-9dceafb49913",
            "ticker": "KXHIGHMIA-25FEB20-B76.5",
            "count": 150,
            "created_time": "2025-02-19T21:44:05.31306Z",
            "yes_price": 14,
            "no_price": 86,
            "taker_side": "no"
        },
        {
            "trade_id": "407c4de7-73f6-4503-9abc-3bf57baba368",
            "ticker": "KXHIGHMIA-25FEB20-B76.5",
            "count": 146,
            "created_time": "2025-02-19T21:44:05.31306Z",
            "yes_price": 6,
            "no_price": 94,
            "taker_side": "no"
        },
        {
            "trade_id": "38c9172c-0ca3-461b-9abc-c745e2e9cead",
            "ticker": "KXHIGHMIA-25FEB20-B76.5",
            "count": 240,
            "created_time": "2025-02-19T21:44:05.31306Z",
            "yes_price": 8,
            "no_price": 92,
            "taker_side": "no"
        },
        {
            "trade_id": "28aa2a11-6dde-47fe-bad9-75bac2e26d71",
            "ticker": "KXHIGHMIA-25FEB20-B76.5",
            "count": 10,
            "created_time": "2025-02-19T21:44:05.31306Z",
            "yes_price": 10,
            "no_price": 90,
            "taker_side": "no"
        }
    ],
    "KXHIGHMIA-25FEB20-B78.5": [
        {
            "trade_id": "00be084e-34e4-4b56-9524-a972285d3734",
            "ticker": "KXHIGHMIA-25FEB20-B78.5",
            "count": 10,
            "created_time": "2025-02-21T04:26:01.54841Z",
            "yes_price": 99,
            "no_price": 1,
            "taker_side": "no"
        },
        {
            "trade_id": "f22df63a-29b3-44f9-ad79-e9025ef02b82",
            "ticker": "KXHIGHMIA-25FEB20-B78.5",
            "count": 69,
            "created_time": "2025-02-21T03:26:37.299807Z",
            "yes_price": 99,
            "no_price": 1,
            "taker_side": "no"
        },
        {
            "trade_id": "4ee496fa-7286-4dfe-83fa-3ebb6bfaaa8e",
            "ticker": "KXHIGHMIA-25FEB20-B78.5",
            "count": 14,
            "created_time": "2025-02-21T03:25:06.587901Z",
            "yes_price": 99,
            "no_price": 1,
            "taker_side": "no"
        },
        {
            "trade_id": "9da26237-f36f-4547-9676-97ef585707ce",
            "ticker": "KXHIGHMIA-25FEB20-B78.5",
            "count": 5,
            "created_time": "2025-02-21T02:48:39.770207Z",
            "yes_price": 99,
            "no_price": 1,
            "taker_side": "no"
        },
        {
            "trade_id": "bd16cb20-17ae-4cb7-b53e-33096e5438b1",
            "ticker": "KXHIGHMIA-25FEB20-B78.5",
            "count": 42,
            "created_time": "2025-02-21T00:58:49.676542Z",
            "yes_price": 99,
            "no_price": 1,
            "taker_side": "no"
        },
        {
            "trade_id": "c736edfb-85e0-457c-a372-2c3723767b78",
            "ticker": "KXHIGHMIA-25FEB20-B78.5",
            "count": 25,
            "created_time": "2025-02-20T23:55:29.501774Z",
            "yes_price": 99,
            "no_price": 1,
            "taker_side": "no"
        },
        {
            "trade_id": "31308115-2930-4aff-a2bf-45ad670722d5",
            "ticker": "KXHIGHMIA-25FEB20-B78.5",
            "count": 190,
            "created_time": "2025-02-20T23:42:47.40379Z",
            "yes_price": 99,
            "no_price": 1,
            "taker_side": "no"
        },
        {
            "trade_id": "6db001b1-892f-466e-8c50-28d2408e12c4",
            "ticker": "KXHIGHMIA-25FEB20-B78.5",
            "count": 100,
            "created_time": "2025-02-20T23:09:22.688066Z",
            "yes_price": 99,
            "no_price": 1,
            "taker_side": "no"
        },
        {
            "trade_id": "26ba448d-69b0-40bd-8ff4-4b117d48b332",
            "ticker": "KXHIGHMIA-25FEB20-B78.5",
            "count": 93,
            "created_time": "2025-02-20T23:05:45.182912Z",
            "yes_price": 99,
            "no_price": 1,
            "taker_side": "no"
        },
        {
            "trade_id": "8b615fef-5384-4644-b0aa-ba061d94a3dd",
            "ticker": "KXHIGHMIA-25FEB20-B78.5",
            "count": 93,
            "created_time": "2025-02-20T22:29:34.370388Z",
            "yes_price": 99,
            "no_price": 1,
            "taker_side": "no"
        },
        {
            "trade_id": "c05bc6ef-8870-4aa3-be36-d9fd172c1c18",
            "ticker": "KXHIGHMIA-25FEB20-B78.5",
            "count": 1038,
            "created_time": "2025-02-20T22:23:20.243864Z",
            "yes_price": 99,
            "no_price": 1,
            "taker_side": "no"
        },
        {
            "trade_id": "47288d9c-2eda-4781-8123-854cd4778216",
            "ticker": "KXHIGHMIA-25FEB20-B78.5",
            "count": 330,
            "created_time": "2025-02-20T22:07:00.933954Z",
            "yes_price": 99,
            "no_price": 1,
            "taker_side": "no"
        },
        {
            "trade_id": "03572012-4b69-45bd-b1fc-e9ae1fdb83e1",
            "ticker": "KXHIGHMIA-25FEB20-B78.5",
            "count": 605,
            "created_time": "2025-02-20T22:07:00.933954Z",
            "yes_price": 99,
            "no_price": 1,
            "taker_side": "no"
        },
        {
            "trade_id": "faacccae-8e3d-45ca-88bc-1cee53607542",
            "ticker": "KXHIGHMIA-25FEB20-B78.5",
            "count": 200,
            "created_time": "2025-02-20T21:50:12.287583Z",
            "yes_price": 99,
            "no_price": 1,
            "taker_side": "no"
        },
        {
            "trade_id": "7ee10c24-386c-48d2-94c5-ceeff4d24a3c",
            "ticker": "KXHIGHMIA-25FEB20-B78.5",
            "count": 40,
            "created_time": "2025-02-20T21:46:42.170559Z",
            "yes_price": 99,
            "no_price": 1,
            "taker_side": "no"
        },
        {
            "trade_id": "a01b47ab-6295-4f0c-9ea7-a4aa3944cf24",
            "ticker": "KXHIGHMIA-25FEB20-B78.5",
            "count": 14,
            "created_time": "2025-02-20T21:33:27.79208Z",
            "yes_price": 99,
            "no_price": 1,
            "taker_side": "no"
        },
        {
            "trade_id": "8db230c3-418f-47eb-a2df-7af194bd6b0b",
            "ticker": "KXHIGHMIA-25FEB20-B78.5",
            "count": 136,
            "created_time": "2025-02-20T21:32:39.091823Z",
            "yes_price": 99,
            "no_price": 1,
            "taker_side": "no"
        },
        {
            "trade_id": "b0ad9783-a9aa-45e8-99e3-a9b96955a3cf",
            "ticker": "KXHIGHMIA-25FEB20-B78.5",
            "count": 5,
            "created_time": "2025-02-20T21:28:00.669541Z",
            "yes_price": 99,
            "no_price": 1,
            "taker_side": "no"
        },
        {
            "trade_id": "5642fdfb-ec83-4b6d-816b-fdc718360499",
            "ticker": "KXHIGHMIA-25FEB20-B78.5",
            "count": 40,
            "created_time": "2025-02-20T21:26:21.023905Z",
            "yes_price": 98,
            "no_price": 2,
            "taker_side": "no"
        },
        {
            "trade_id": "ef68d39c-84b4-4474-8d56-deaf9a8a0cd5",
            "ticker": "KXHIGHMIA-25FEB20-B78.5",
            "count": 50,
            "created_time": "2025-02-20T21:24:58.055686Z",
            "yes_price": 99,
            "no_price": 1,
            "taker_side": "no"
        },
        {
            "trade_id": "012f5a07-093e-47ed-a499-08eeb424d503",
            "ticker": "KXHIGHMIA-25FEB20-B78.5",
            "count": 181,
            "created_time": "2025-02-20T21:24:58.055686Z",
            "yes_price": 99,
            "no_price": 1,
            "taker_side": "no"
        },
        {
            "trade_id": "92fb8b9f-ea4f-4574-89fd-bb68dcf61a4c",
            "ticker": "KXHIGHMIA-25FEB20-B78.5",
            "count": 98,
            "created_time": "2025-02-20T21:01:25.780665Z",
            "yes_price": 99,
            "no_price": 1,
            "taker_side": "no"
        },
        {
            "trade_id": "8f9e55e6-00e5-47bf-9b47-0cd6788ab0dc",
            "ticker": "KXHIGHMIA-25FEB20-B78.5",
            "count": 328,
            "created_time": "2025-02-20T21:00:08.715507Z",
            "yes_price": 99,
            "no_price": 1,
            "taker_side": "no"
        },
        {
            "trade_id": "e3248839-98a5-41d5-b485-931c362e984e",
            "ticker": "KXHIGHMIA-25FEB20-B78.5",
            "count": 821,
            "created_time": "2025-02-20T20:54:57.994375Z",
            "yes_price": 99,
            "no_price": 1,
            "taker_side": "yes"
        },
        {
            "trade_id": "0fe62e12-b4cb-473e-8b68-cded20521fc3",
            "ticker": "KXHIGHMIA-25FEB20-B78.5",
            "count": 583,
            "created_time": "2025-02-20T20:31:59.515782Z",
            "yes_price": 98,
            "no_price": 2,
            "taker_side": "no"
        },
        {
            "trade_id": "0a4f3dc4-9f6b-4f81-905e-1624c360e81d",
            "ticker": "KXHIGHMIA-25FEB20-B78.5",
            "count": 3,
            "created_time": "2025-02-20T20:31:59.515782Z",
            "yes_price": 98,
            "no_price": 2,
            "taker_side": "no"
        },
        {
            "trade_id": "7a031e7a-4d63-47ec-bf90-00e776d3b980",
            "ticker": "KXHIGHMIA-25FEB20-B78.5",
            "count": 17,
            "created_time": "2025-02-20T20:25:14.173697Z",
            "yes_price": 98,
            "no_price": 2,
            "taker_side": "no"
        },
        {
            "trade_id": "fc861321-5695-466d-b131-ca43212929c3",
            "ticker": "KXHIGHMIA-25FEB20-B78.5",
            "count": 50,
            "created_time": "2025-02-20T20:24:28.792655Z",
            "yes_price": 99,
            "no_price": 1,
            "taker_side": "no"
        },
        {
            "trade_id": "803e9ee8-a31e-4c73-99cd-f47cffd291aa",
            "ticker": "KXHIGHMIA-25FEB20-B78.5",
            "count": 37,
            "created_time": "2025-02-20T20:20:11.301449Z",
            "yes_price": 98,
            "no_price": 2,
            "taker_side": "no"
        },
        {
            "trade_id": "7ef55aed-959b-4794-97bd-29156d1f9ffc",
            "ticker": "KXHIGHMIA-25FEB20-B78.5",
            "count": 50,
            "created_time": "2025-02-20T20:19:33.052177Z",
            "yes_price": 99,
            "no_price": 1,
            "taker_side": "no"
        },
        {
            "trade_id": "7ce8ec70-a2a4-4c45-b0b9-8b2f58bd1fe5",
            "ticker": "KXHIGHMIA-25FEB20-B78.5",
            "count": 834,
            "created_time": "2025-02-20T20:19:33.052177Z",
            "yes_price": 98,
            "no_price": 2,
            "taker_side": "no"
        },
        {
            "trade_id": "cb641483-8e7b-4553-9c42-490f5464fa68",
            "ticker": "KXHIGHMIA-25FEB20-B78.5",
            "count": 7,
            "created_time": "2025-02-20T19:41:52.526626Z",
            "yes_price": 96,
            "no_price": 4,
            "taker_side": "no"
        },
        {
            "trade_id": "4066a181-d8f6-4d0e-adea-2240cb5d92ba",
            "ticker": "KXHIGHMIA-25FEB20-B78.5",
            "count": 6,
            "created_time": "2025-02-20T19:41:52.526626Z",
            "yes_price": 95,
            "no_price": 5,
            "taker_side": "no"
        },
        {
            "trade_id": "4d9a3bf6-fd90-4a71-909c-961a91a2243d",
            "ticker": "KXHIGHMIA-25FEB20-B78.5",
            "count": 22,
            "created_time": "2025-02-20T19:28:41.874404Z",
            "yes_price": 97,
            "no_price": 3,
            "taker_side": "no"
        },
        {
            "trade_id": "38a69ac8-e75b-430c-a7e2-6ea4cf7a8581",
            "ticker": "KXHIGHMIA-25FEB20-B78.5",
            "count": 49,
            "created_time": "2025-02-20T19:16:01.43411Z",
            "yes_price": 99,
            "no_price": 1,
            "taker_side": "yes"
        },
        {
            "trade_id": "37490f43-fb1f-45dc-9a15-3f11a944db2b",
            "ticker": "KXHIGHMIA-25FEB20-B78.5",
            "count": 300,
            "created_time": "2025-02-20T19:16:01.43411Z",
            "yes_price": 99,
            "no_price": 1,
            "taker_side": "yes"
        },
        {
            "trade_id": "64349683-62c5-4f9a-8baa-ac0aa880870d",
            "ticker": "KXHIGHMIA-25FEB20-B78.5",
            "count": 22,
            "created_time": "2025-02-20T19:09:06.44251Z",
            "yes_price": 91,
            "no_price": 9,
            "taker_side": "no"
        },
        {
            "trade_id": "f55f31cc-f451-48e0-9506-d7a9f043fa03",
            "ticker": "KXHIGHMIA-25FEB20-B78.5",
            "count": 20,
            "created_time": "2025-02-20T19:05:56.646348Z",
            "yes_price": 96,
            "no_price": 4,
            "taker_side": "no"
        },
        {
            "trade_id": "ee1c5321-aafd-45c8-b04f-f881f9d105e3",
            "ticker": "KXHIGHMIA-25FEB20-B78.5",
            "count": 20,
            "created_time": "2025-02-20T19:05:56.646348Z",
            "yes_price": 93,
            "no_price": 7,
            "taker_side": "no"
        },
        {
            "trade_id": "9006c9ad-b69d-4abf-99c0-e2ae0db8755a",
            "ticker": "KXHIGHMIA-25FEB20-B78.5",
            "count": 50,
            "created_time": "2025-02-20T19:05:56.646348Z",
            "yes_price": 98,
            "no_price": 2,
            "taker_side": "no"
        },
        {
            "trade_id": "632f549a-fcec-42d0-90e0-9280023592e6",
            "ticker": "KXHIGHMIA-25FEB20-B78.5",
            "count": 20,
            "created_time": "2025-02-20T19:05:56.646348Z",
            "yes_price": 94,
            "no_price": 6,
            "taker_side": "no"
        },
        {
            "trade_id": "3ea233d7-6f39-49f6-97e3-096375fe784b",
            "ticker": "KXHIGHMIA-25FEB20-B78.5",
            "count": 20,
            "created_time": "2025-02-20T19:05:56.646348Z",
            "yes_price": 95,
            "no_price": 5,
            "taker_side": "no"
        },
        {
            "trade_id": "1646f847-e084-40a7-a990-a966a4f0deba",
            "ticker": "KXHIGHMIA-25FEB20-B78.5",
            "count": 23,
            "created_time": "2025-02-20T19:05:56.646348Z",
            "yes_price": 92,
            "no_price": 8,
            "taker_side": "no"
        },
        {
            "trade_id": "156379b9-ddc0-4922-a679-f2a799a9e01e",
            "ticker": "KXHIGHMIA-25FEB20-B78.5",
            "count": 20,
            "created_time": "2025-02-20T19:05:56.646348Z",
            "yes_price": 97,
            "no_price": 3,
            "taker_side": "no"
        },
        {
            "trade_id": "f0cea8a9-c06e-43bf-ad76-112ffb39dfd2",
            "ticker": "KXHIGHMIA-25FEB20-B78.5",
            "count": 29,
            "created_time": "2025-02-20T18:53:30.734112Z",
            "yes_price": 99,
            "no_price": 1,
            "taker_side": "yes"
        },
        {
            "trade_id": "a96a4982-1153-4b40-8943-100207536a8c",
            "ticker": "KXHIGHMIA-25FEB20-B78.5",
            "count": 128,
            "created_time": "2025-02-20T18:53:30.734112Z",
            "yes_price": 99,
            "no_price": 1,
            "taker_side": "yes"
        },
        {
            "trade_id": "93b0d280-3335-4e18-b2b0-caed10e871a0",
            "ticker": "KXHIGHMIA-25FEB20-B78.5",
            "count": 898,
            "created_time": "2025-02-20T18:53:30.734112Z",
            "yes_price": 99,
            "no_price": 1,
            "taker_side": "yes"
        },
        {
            "trade_id": "7e53fc50-9291-4dfb-93b1-d774785426ad",
            "ticker": "KXHIGHMIA-25FEB20-B78.5",
            "count": 200,
            "created_time": "2025-02-20T18:53:30.734112Z",
            "yes_price": 99,
            "no_price": 1,
            "taker_side": "yes"
        },
        {
            "trade_id": "576da0e3-f7b4-43c8-9469-4066e1a4dc45",
            "ticker": "KXHIGHMIA-25FEB20-B78.5",
            "count": 69,
            "created_time": "2025-02-20T18:53:30.734112Z",
            "yes_price": 99,
            "no_price": 1,
            "taker_side": "yes"
        },
        {
            "trade_id": "280f3dde-ea14-4d25-aa9c-9499ae12f89d",
            "ticker": "KXHIGHMIA-25FEB20-B78.5",
            "count": 50,
            "created_time": "2025-02-20T18:53:30.734112Z",
            "yes_price": 99,
            "no_price": 1,
            "taker_side": "yes"
        },
        {
            "trade_id": "1116ca49-d32f-426d-8c6c-67a3774560a5",
            "ticker": "KXHIGHMIA-25FEB20-B78.5",
            "count": 12,
            "created_time": "2025-02-20T18:53:30.734112Z",
            "yes_price": 99,
            "no_price": 1,
            "taker_side": "yes"
        },
        {
            "trade_id": "b1a5d43a-b808-4ead-8629-545516d1cdfb",
            "ticker": "KXHIGHMIA-25FEB20-B78.5",
            "count": 305,
            "created_time": "2025-02-20T18:53:12.261239Z",
            "yes_price": 98,
            "no_price": 2,
            "taker_side": "yes"
        },
        {
            "trade_id": "b15e5480-1ac9-4aef-9485-1d45a7599e0f",
            "ticker": "KXHIGHMIA-25FEB20-B78.5",
            "count": 102,
            "created_time": "2025-02-20T18:53:12.261239Z",
            "yes_price": 99,
            "no_price": 1,
            "taker_side": "yes"
        },
        {
            "trade_id": "86ffe993-3e09-4344-a674-0a1821f2ca01",
            "ticker": "KXHIGHMIA-25FEB20-B78.5",
            "count": 1,
            "created_time": "2025-02-20T18:53:12.261239Z",
            "yes_price": 98,
            "no_price": 2,
            "taker_side": "yes"
        },
        {
            "trade_id": "00f02e55-5301-4c19-9b72-05b77735b3fc",
            "ticker": "KXHIGHMIA-25FEB20-B78.5",
            "count": 100,
            "created_time": "2025-02-20T18:53:12.261239Z",
            "yes_price": 98,
            "no_price": 2,
            "taker_side": "yes"
        },
        {
            "trade_id": "17bbf525-1265-4910-98fb-9142e7a40c77",
            "ticker": "KXHIGHMIA-25FEB20-B78.5",
            "count": 9,
            "created_time": "2025-02-20T18:50:50.410153Z",
            "yes_price": 97,
            "no_price": 3,
            "taker_side": "no"
        },
        {
            "trade_id": "cebdff9d-8015-4fdf-85af-2ad682cc6494",
            "ticker": "KXHIGHMIA-25FEB20-B78.5",
            "count": 33,
            "created_time": "2025-02-20T18:50:49.433605Z",
            "yes_price": 97,
            "no_price": 3,
            "taker_side": "no"
        },
        {
            "trade_id": "f5deee98-f132-45c3-b54f-b5a235990175",
            "ticker": "KXHIGHMIA-25FEB20-B78.5",
            "count": 38,
            "created_time": "2025-02-20T18:48:53.923056Z",
            "yes_price": 97,
            "no_price": 3,
            "taker_side": "yes"
        },
        {
            "trade_id": "3ea186f6-e700-4783-976d-08bab1617a4d",
            "ticker": "KXHIGHMIA-25FEB20-B78.5",
            "count": 40,
            "created_time": "2025-02-20T18:48:53.923056Z",
            "yes_price": 97,
            "no_price": 3,
            "taker_side": "yes"
        },
        {
            "trade_id": "7ae63e7b-3242-44c6-97ff-a799fc43210c",
            "ticker": "KXHIGHMIA-25FEB20-B78.5",
            "count": 1,
            "created_time": "2025-02-20T18:47:41.749924Z",
            "yes_price": 97,
            "no_price": 3,
            "taker_side": "yes"
        },
        {
            "trade_id": "ed7b0264-8a31-4ba4-ae16-b721f66aa4d3",
            "ticker": "KXHIGHMIA-25FEB20-B78.5",
            "count": 101,
            "created_time": "2025-02-20T18:46:27.475882Z",
            "yes_price": 91,
            "no_price": 9,
            "taker_side": "no"
        },
        {
            "trade_id": "e960e08e-2c0a-4787-ad54-d3498f4132c7",
            "ticker": "KXHIGHMIA-25FEB20-B78.5",
            "count": 20,
            "created_time": "2025-02-20T18:46:27.475882Z",
            "yes_price": 92,
            "no_price": 8,
            "taker_side": "no"
        },
        {
            "trade_id": "e3c86412-828c-4e0c-9757-5fe373e7a3a9",
            "ticker": "KXHIGHMIA-25FEB20-B78.5",
            "count": 20,
            "created_time": "2025-02-20T18:46:27.475882Z",
            "yes_price": 93,
            "no_price": 7,
            "taker_side": "no"
        },
        {
            "trade_id": "55ce5a5f-5b84-4930-8fa5-34d6f813b43b",
            "ticker": "KXHIGHMIA-25FEB20-B78.5",
            "count": 20,
            "created_time": "2025-02-20T18:46:27.475882Z",
            "yes_price": 95,
            "no_price": 5,
            "taker_side": "no"
        },
        {
            "trade_id": "51a07a46-62f2-4380-983d-58a5852ac1d6",
            "ticker": "KXHIGHMIA-25FEB20-B78.5",
            "count": 20,
            "created_time": "2025-02-20T18:46:27.475882Z",
            "yes_price": 91,
            "no_price": 9,
            "taker_side": "no"
        },
        {
            "trade_id": "4b884f2e-a9ee-463b-81ee-ab07b3e9bc20",
            "ticker": "KXHIGHMIA-25FEB20-B78.5",
            "count": 20,
            "created_time": "2025-02-20T18:46:27.475882Z",
            "yes_price": 94,
            "no_price": 6,
            "taker_side": "no"
        },
        {
            "trade_id": "2b36b34c-28d3-4216-b3b3-7a1aa4385448",
            "ticker": "KXHIGHMIA-25FEB20-B78.5",
            "count": 50,
            "created_time": "2025-02-20T18:46:27.475882Z",
            "yes_price": 95,
            "no_price": 5,
            "taker_side": "no"
        },
        {
            "trade_id": "80d157f9-836f-4834-b1dc-84b376c34d6a",
            "ticker": "KXHIGHMIA-25FEB20-B78.5",
            "count": 1,
            "created_time": "2025-02-20T18:45:41.04903Z",
            "yes_price": 96,
            "no_price": 4,
            "taker_side": "no"
        },
        {
            "trade_id": "0ff1c6ae-1905-4f0a-80b7-abfdfebf77ea",
            "ticker": "KXHIGHMIA-25FEB20-B78.5",
            "count": 8,
            "created_time": "2025-02-20T18:45:41.04903Z",
            "yes_price": 96,
            "no_price": 4,
            "taker_side": "no"
        },
        {
            "trade_id": "90c0aa26-1a48-42a6-92c6-e2070df3daec",
            "ticker": "KXHIGHMIA-25FEB20-B78.5",
            "count": 10,
            "created_time": "2025-02-20T18:43:18.497052Z",
            "yes_price": 96,
            "no_price": 4,
            "taker_side": "no"
        },
        {
            "trade_id": "b6014c9b-bd96-4cb7-b6af-dc7aa988d94e",
            "ticker": "KXHIGHMIA-25FEB20-B78.5",
            "count": 9,
            "created_time": "2025-02-20T18:40:37.719239Z",
            "yes_price": 96,
            "no_price": 4,
            "taker_side": "no"
        },
        {
            "trade_id": "f322b90b-10bb-47e3-bd3f-80e0e6695b21",
            "ticker": "KXHIGHMIA-25FEB20-B78.5",
            "count": 20,
            "created_time": "2025-02-20T18:40:28.748961Z",
            "yes_price": 97,
            "no_price": 3,
            "taker_side": "yes"
        },
        {
            "trade_id": "b7b3a545-07d1-4af6-b38c-38e50449c8b9",
            "ticker": "KXHIGHMIA-25FEB20-B78.5",
            "count": 10,
            "created_time": "2025-02-20T18:39:39.563532Z",
            "yes_price": 95,
            "no_price": 5,
            "taker_side": "no"
        },
        {
            "trade_id": "7c9180a5-1cbc-464f-bbd5-83946850342f",
            "ticker": "KXHIGHMIA-25FEB20-B78.5",
            "count": 20,
            "created_time": "2025-02-20T18:37:32.778531Z",
            "yes_price": 95,
            "no_price": 5,
            "taker_side": "no"
        },
        {
            "trade_id": "58c4c730-2257-4ee4-a823-9ca960df96c4",
            "ticker": "KXHIGHMIA-25FEB20-B78.5",
            "count": 9,
            "created_time": "2025-02-20T18:37:32.778531Z",
            "yes_price": 95,
            "no_price": 5,
            "taker_side": "no"
        },
        {
            "trade_id": "7f82e8a2-c5d7-45de-80d6-3e5d6db21a46",
            "ticker": "KXHIGHMIA-25FEB20-B78.5",
            "count": 10,
            "created_time": "2025-02-20T18:35:51.480199Z",
            "yes_price": 96,
            "no_price": 4,
            "taker_side": "no"
        },
        {
            "trade_id": "f90d7790-93d8-4af5-b822-bddce4247fd0",
            "ticker": "KXHIGHMIA-25FEB20-B78.5",
            "count": 10,
            "created_time": "2025-02-20T18:33:15.55918Z",
            "yes_price": 96,
            "no_price": 4,
            "taker_side": "no"
        },
        {
            "trade_id": "369daae6-8d7e-48bc-9f12-40762123d765",
            "ticker": "KXHIGHMIA-25FEB20-B78.5",
            "count": 10,
            "created_time": "2025-02-20T18:30:47.618849Z",
            "yes_price": 96,
            "no_price": 4,
            "taker_side": "no"
        },
        {
            "trade_id": "def5ce90-b429-4300-83d8-5caa4853e6aa",
            "ticker": "KXHIGHMIA-25FEB20-B78.5",
            "count": 30,
            "created_time": "2025-02-20T18:29:54.426799Z",
            "yes_price": 96,
            "no_price": 4,
            "taker_side": "yes"
        },
        {
            "trade_id": "a16f930b-75d6-400b-ac82-cf8ee029e34c",
            "ticker": "KXHIGHMIA-25FEB20-B78.5",
            "count": 14,
            "created_time": "2025-02-20T18:29:54.426799Z",
            "yes_price": 96,
            "no_price": 4,
            "taker_side": "yes"
        },
        {
            "trade_id": "5b8a36e2-dcd4-4592-a646-e92e1a206244",
            "ticker": "KXHIGHMIA-25FEB20-B78.5",
            "count": 13,
            "created_time": "2025-02-20T18:29:54.426799Z",
            "yes_price": 96,
            "no_price": 4,
            "taker_side": "yes"
        },
        {
            "trade_id": "3469c0dd-5578-4f30-b32f-a3f2fb33fe77",
            "ticker": "KXHIGHMIA-25FEB20-B78.5",
            "count": 39,
            "created_time": "2025-02-20T18:29:54.426799Z",
            "yes_price": 97,
            "no_price": 3,
            "taker_side": "yes"
        },
        {
            "trade_id": "5c95d631-d29d-4105-9396-550e47862b30",
            "ticker": "KXHIGHMIA-25FEB20-B78.5",
            "count": 20,
            "created_time": "2025-02-20T18:29:00.708842Z",
            "yes_price": 96,
            "no_price": 4,
            "taker_side": "yes"
        },
        {
            "trade_id": "39453aea-0448-4624-8917-8ff73f42a5d9",
            "ticker": "KXHIGHMIA-25FEB20-B78.5",
            "count": 20,
            "created_time": "2025-02-20T18:21:17.376946Z",
            "yes_price": 93,
            "no_price": 7,
            "taker_side": "yes"
        },
        {
            "trade_id": "fb5672f7-7de5-4557-a110-7404d80cbb8d",
            "ticker": "KXHIGHMIA-25FEB20-B78.5",
            "count": 10,
            "created_time": "2025-02-20T18:19:31.629116Z",
            "yes_price": 90,
            "no_price": 10,
            "taker_side": "no"
        },
        {
            "trade_id": "b45f9020-155d-40a5-964d-3c5bca143248",
            "ticker": "KXHIGHMIA-25FEB20-B78.5",
            "count": 5,
            "created_time": "2025-02-20T18:19:31.629116Z",
            "yes_price": 91,
            "no_price": 9,
            "taker_side": "no"
        },
        {
            "trade_id": "61203696-92c6-4a2f-9389-e1e812a86125",
            "ticker": "KXHIGHMIA-25FEB20-B78.5",
            "count": 50,
            "created_time": "2025-02-20T18:19:31.629116Z",
            "yes_price": 91,
            "no_price": 9,
            "taker_side": "no"
        },
        {
            "trade_id": "bd691acc-4cff-470b-8cd2-70447e55c6b0",
            "ticker": "KXHIGHMIA-25FEB20-B78.5",
            "count": 1,
            "created_time": "2025-02-20T18:19:15.546954Z",
            "yes_price": 92,
            "no_price": 8,
            "taker_side": "yes"
        },
        {
            "trade_id": "17bdd6e3-c525-4305-9226-a6ca80b90346",
            "ticker": "KXHIGHMIA-25FEB20-B78.5",
            "count": 10,
            "created_time": "2025-02-20T18:18:01.93753Z",
            "yes_price": 92,
            "no_price": 8,
            "taker_side": "yes"
        },
        {
            "trade_id": "fa43baf6-c7fb-4129-97c8-ebcca9ad16aa",
            "ticker": "KXHIGHMIA-25FEB20-B78.5",
            "count": 1,
            "created_time": "2025-02-20T18:17:50.529108Z",
            "yes_price": 92,
            "no_price": 8,
            "taker_side": "no"
        },
        {
            "trade_id": "eb6b8528-cee5-48b2-9ff5-1fb1d661dcbf",
            "ticker": "KXHIGHMIA-25FEB20-B78.5",
            "count": 50,
            "created_time": "2025-02-20T18:17:50.529108Z",
            "yes_price": 92,
            "no_price": 8,
            "taker_side": "no"
        },
        {
            "trade_id": "cdbf3593-49f1-4b2e-8298-c2bb2053675e",
            "ticker": "KXHIGHMIA-25FEB20-B78.5",
            "count": 20,
            "created_time": "2025-02-20T18:13:12.567116Z",
            "yes_price": 93,
            "no_price": 7,
            "taker_side": "no"
        },
        {
            "trade_id": "aa91b9b1-395d-4556-8f9e-8c384490a5dc",
            "ticker": "KXHIGHMIA-25FEB20-B78.5",
            "count": 50,
            "created_time": "2025-02-20T18:13:12.567116Z",
            "yes_price": 94,
            "no_price": 6,
            "taker_side": "no"
        },
        {
            "trade_id": "a48ba572-ea5a-43c8-9e25-0ef9fcfea1a1",
            "ticker": "KXHIGHMIA-25FEB20-B78.5",
            "count": 15,
            "created_time": "2025-02-20T18:13:12.567116Z",
            "yes_price": 91,
            "no_price": 9,
            "taker_side": "no"
        },
        {
            "trade_id": "62e34d66-dfe8-498f-99e3-d19229a2a6d4",
            "ticker": "KXHIGHMIA-25FEB20-B78.5",
            "count": 20,
            "created_time": "2025-02-20T18:13:12.567116Z",
            "yes_price": 92,
            "no_price": 8,
            "taker_side": "no"
        },
        {
            "trade_id": "427fa3af-34e7-4515-870f-6fc9390689fa",
            "ticker": "KXHIGHMIA-25FEB20-B78.5",
            "count": 20,
            "created_time": "2025-02-20T18:13:12.567116Z",
            "yes_price": 94,
            "no_price": 6,
            "taker_side": "no"
        },
        {
            "trade_id": "1c40b75b-eec4-4c5f-bb62-b98dd6cfb1f1",
            "ticker": "KXHIGHMIA-25FEB20-B78.5",
            "count": 20,
            "created_time": "2025-02-20T18:13:04.282978Z",
            "yes_price": 95,
            "no_price": 5,
            "taker_side": "yes"
        },
        {
            "trade_id": "732d247e-a560-4695-8aa9-6f030da24405",
            "ticker": "KXHIGHMIA-25FEB20-B78.5",
            "count": 3,
            "created_time": "2025-02-20T18:12:20.838985Z",
            "yes_price": 94,
            "no_price": 6,
            "taker_side": "no"
        },
        {
            "trade_id": "5ff5c02e-ad58-4a9f-84fd-06b54697075f",
            "ticker": "KXHIGHMIA-25FEB20-B78.5",
            "count": 17,
            "created_time": "2025-02-20T18:10:55.399941Z",
            "yes_price": 94,
            "no_price": 6,
            "taker_side": "no"
        },
        {
            "trade_id": "69440b52-be72-4959-8b10-f15029c3ee30",
            "ticker": "KXHIGHMIA-25FEB20-B78.5",
            "count": 12,
            "created_time": "2025-02-20T18:10:43.023339Z",
            "yes_price": 94,
            "no_price": 6,
            "taker_side": "no"
        },
        {
            "trade_id": "dfa699dd-8b1b-4360-95c3-3a3cb6c45faa",
            "ticker": "KXHIGHMIA-25FEB20-B78.5",
            "count": 20,
