{
    "KXHIGHMIA-25MAR03-T72": [
        {
            "trade_id": "40fc35a4-5d40-4a6c-a636-42bc5eb8c51e",
            "ticker": "KXHIGHMIA-25MAR03-T72",
            "count": 102,
            "created_time": "2025-03-03T13:56:49.118535Z",
            "yes_price": 1,
            "no_price": 99,
            "taker_side": "yes"
        },
        {
            "trade_id": "ff668a7a-8ae0-46c1-a9a6-1de73530cbc0",
            "ticker": "KXHIGHMIA-25MAR03-T72",
            "count": 5,
            "created_time": "2025-03-03T13:47:12.9448Z",
            "yes_price": 1,
            "no_price": 99,
            "taker_side": "yes"
        },
        {
            "trade_id": "6709634f-8129-4a76-b252-ac788ed676bf",
            "ticker": "KXHIGHMIA-25MAR03-T72",
            "count": 4,
            "created_time": "2025-03-03T13:47:12.9448Z",
            "yes_price": 1,
            "no_price": 99,
            "taker_side": "yes"
        },
        {
            "trade_id": "5dc7e195-c9e8-430c-a30e-18f80f8f5e33",
            "ticker": "KXHIGHMIA-25MAR03-T72",
            "count": 1,
            "created_time": "2025-03-03T13:47:12.9448Z",
            "yes_price": 1,
            "no_price": 99,
            "taker_side": "yes"
        },
        {
            "trade_id": "023be497-4b09-4ce5-9ca7-f10e5c405f0e",
            "ticker": "KXHIGHMIA-25MAR03-T72",
            "count": 5,
            "created_time": "2025-03-03T13:47:12.9448Z",
            "yes_price": 1,
            "no_price": 99,
            "taker_side": "yes"
        },
        {
            "trade_id": "82af0cd1-c839-485a-bebe-76d24aaed7fb",
            "ticker": "KXHIGHMIA-25MAR03-T72",
            "count": 200,
            "created_time": "2025-03-03T04:01:40.510367Z",
            "yes_price": 1,
            "no_price": 99,
            "taker_side": "yes"
        }
    ],
    "KXHIGHMIA-25MAR03-B72.5": [
        {
            "trade_id": "c409563f-632b-454a-a6c8-4d32a1550d51",
            "ticker": "KXHIGHMIA-25MAR03-B72.5",
            "count": 102,
            "created_time": "2025-03-03T14:18:42.873165Z",
            "yes_price": 1,
            "no_price": 99,
            "taker_side": "yes"
        },
        {
            "trade_id": "f041071c-a472-4821-8a56-512224968133",
            "ticker": "KXHIGHMIA-25MAR03-B72.5",
            "count": 16,
            "created_time": "2025-03-03T13:46:55.944022Z",
            "yes_price": 2,
            "no_price": 98,
            "taker_side": "yes"
        },
        {
            "trade_id": "84c56e74-40d6-44b9-a4a3-27bc476f096f",
            "ticker": "KXHIGHMIA-25MAR03-B72.5",
            "count": 69,
            "created_time": "2025-03-03T13:46:55.944022Z",
            "yes_price": 1,
            "no_price": 99,
            "taker_side": "yes"
        },
        {
            "trade_id": "e9a96e5e-7ca3-4cc8-acf2-1360e0c80515",
            "ticker": "KXHIGHMIA-25MAR03-B72.5",
            "count": 309,
            "created_time": "2025-03-03T13:30:11.734063Z",
            "yes_price": 1,
            "no_price": 99,
            "taker_side": "yes"
        },
        {
            "trade_id": "85ec4c59-6f47-46a9-9b27-042766b8a915",
            "ticker": "KXHIGHMIA-25MAR03-B72.5",
            "count": 50,
            "created_time": "2025-03-03T13:30:11.734063Z",
            "yes_price": 1,
            "no_price": 99,
            "taker_side": "yes"
        },
        {
            "trade_id": "f7d4bd1c-1303-47d5-a12f-10b01150c4dd",
            "ticker": "KXHIGHMIA-25MAR03-B72.5",
            "count": 690,
            "created_time": "2025-03-03T13:08:35.420285Z",
            "yes_price": 1,
            "no_price": 99,
            "taker_side": "yes"
        },
        {
            "trade_id": "bddbf26a-99c1-4a25-b522-41bc3732d282",
            "ticker": "KXHIGHMIA-25MAR03-B72.5",
            "count": 1,
            "created_time": "2025-03-03T13:00:47.118016Z",
            "yes_price": 1,
            "no_price": 99,
            "taker_side": "no"
        },
        {
            "trade_id": "8da6173d-4ff9-4c65-9776-b84d93245838",
            "ticker": "KXHIGHMIA-25MAR03-B72.5",
            "count": 81,
            "created_time": "2025-03-03T13:00:40.389162Z",
            "yes_price": 1,
            "no_price": 99,
            "taker_side": "no"
        },
        {
            "trade_id": "bb37ebe2-21d1-4512-9184-e89d900f2020",
            "ticker": "KXHIGHMIA-25MAR03-B72.5",
            "count": 5,
            "created_time": "2025-03-03T04:41:02.995173Z",
            "yes_price": 1,
            "no_price": 99,
            "taker_side": "no"
        },
        {
            "trade_id": "79103ed7-de5e-408b-97f0-c7c1774b00a5",
            "ticker": "KXHIGHMIA-25MAR03-B72.5",
            "count": 108,
            "created_time": "2025-03-03T04:39:47.103128Z",
            "yes_price": 1,
            "no_price": 99,
            "taker_side": "no"
        },
        {
            "trade_id": "6c509c5d-a35b-4c37-808c-471c50889ec9",
            "ticker": "KXHIGHMIA-25MAR03-B72.5",
            "count": 5,
            "created_time": "2025-03-03T04:15:11.930962Z",
            "yes_price": 1,
            "no_price": 99,
            "taker_side": "no"
        },
        {
            "trade_id": "e8b6b3f5-c51c-495d-90b8-e6091336589f",
            "ticker": "KXHIGHMIA-25MAR03-B72.5",
            "count": 2,
            "created_time": "2025-03-03T04:01:27.887324Z",
            "yes_price": 5,
            "no_price": 95,
            "taker_side": "yes"
        },
        {
            "trade_id": "fb3a51f7-cfbe-4c8f-b4bf-2c83ed6a997a",
            "ticker": "KXHIGHMIA-25MAR03-B72.5",
            "count": 70,
            "created_time": "2025-03-03T03:31:32.202308Z",
            "yes_price": 3,
            "no_price": 97,
            "taker_side": "yes"
        },
        {
            "trade_id": "e91f94ec-9bb9-4b2e-8cfc-c21e0b704947",
            "ticker": "KXHIGHMIA-25MAR03-B72.5",
            "count": 1,
            "created_time": "2025-03-03T03:31:32.202308Z",
            "yes_price": 5,
            "no_price": 95,
            "taker_side": "yes"
        },
        {
            "trade_id": "96b90a4c-b3cf-4dbb-b9a8-fdb8a7ef51e8",
            "ticker": "KXHIGHMIA-25MAR03-B72.5",
            "count": 239,
            "created_time": "2025-03-03T03:31:32.202308Z",
            "yes_price": 5,
            "no_price": 95,
            "taker_side": "yes"
        },
        {
            "trade_id": "8eec64f2-b686-4904-8cc9-59c3abd8d70b",
            "ticker": "KXHIGHMIA-25MAR03-B72.5",
            "count": 100,
            "created_time": "2025-03-03T03:31:32.202308Z",
            "yes_price": 4,
            "no_price": 96,
            "taker_side": "yes"
        },
        {
            "trade_id": "10a22fbc-4f39-4381-afc9-451f7a62ce81",
            "ticker": "KXHIGHMIA-25MAR03-B72.5",
            "count": 90,
            "created_time": "2025-03-03T03:31:32.202308Z",
            "yes_price": 5,
            "no_price": 95,
            "taker_side": "yes"
        },
        {
            "trade_id": "6b763263-5290-4209-b6d0-b6e410d50735",
            "ticker": "KXHIGHMIA-25MAR03-B72.5",
            "count": 200,
            "created_time": "2025-03-03T03:24:01.241334Z",
            "yes_price": 2,
            "no_price": 98,
            "taker_side": "yes"
        },
        {
            "trade_id": "58019ac8-86f2-404b-a8e0-02f87934f107",
            "ticker": "KXHIGHMIA-25MAR03-B72.5",
            "count": 100,
            "created_time": "2025-03-03T03:24:01.241334Z",
            "yes_price": 2,
            "no_price": 98,
            "taker_side": "yes"
        },
        {
            "trade_id": "51d4b888-3d6b-4e53-afc3-62dba4b6a557",
            "ticker": "KXHIGHMIA-25MAR03-B72.5",
            "count": 30,
            "created_time": "2025-03-02T22:26:41.459129Z",
            "yes_price": 3,
            "no_price": 97,
            "taker_side": "yes"
        }
    ],
    "KXHIGHMIA-25MAR03-B74.5": [
        {
            "trade_id": "b01e0b99-c8f3-4838-a6f1-50d90bc63d56",
            "ticker": "KXHIGHMIA-25MAR03-B74.5",
            "count": 50,
            "created_time": "2025-03-03T13:51:04.747426Z",
            "yes_price": 3,
            "no_price": 97,
            "taker_side": "yes"
        },
        {
            "trade_id": "8d90b806-7050-4732-87b9-1e086eaa9514",
            "ticker": "KXHIGHMIA-25MAR03-B74.5",
            "count": 219,
            "created_time": "2025-03-03T13:51:04.747426Z",
            "yes_price": 3,
            "no_price": 97,
            "taker_side": "yes"
        },
        {
            "trade_id": "035336b7-f5f0-49cd-b05f-d2879f6d7655",
            "ticker": "KXHIGHMIA-25MAR03-B74.5",
            "count": 50,
            "created_time": "2025-03-03T13:32:26.78926Z",
            "yes_price": 2,
            "no_price": 98,
            "taker_side": "yes"
        },
        {
            "trade_id": "65dbc6cf-f03f-49e4-b319-ebb2c77c3b25",
            "ticker": "KXHIGHMIA-25MAR03-B74.5",
            "count": 50,
            "created_time": "2025-03-03T13:31:59.992997Z",
            "yes_price": 3,
            "no_price": 97,
            "taker_side": "yes"
        },
        {
            "trade_id": "dcb4b33e-9f95-46ed-8ec6-7e19144ac2be",
            "ticker": "KXHIGHMIA-25MAR03-B74.5",
            "count": 50,
            "created_time": "2025-03-03T13:30:42.741095Z",
            "yes_price": 3,
            "no_price": 97,
            "taker_side": "yes"
        },
        {
            "trade_id": "a02c71ff-7744-4268-9759-813c7b5aa880",
            "ticker": "KXHIGHMIA-25MAR03-B74.5",
            "count": 50,
            "created_time": "2025-03-03T13:29:17.489065Z",
            "yes_price": 3,
            "no_price": 97,
            "taker_side": "yes"
        },
        {
            "trade_id": "3ff116d5-5551-46fe-a501-eabb3df091aa",
            "ticker": "KXHIGHMIA-25MAR03-B74.5",
            "count": 50,
            "created_time": "2025-03-03T13:27:40.540845Z",
            "yes_price": 3,
            "no_price": 97,
            "taker_side": "yes"
        },
        {
            "trade_id": "d680406b-c8eb-4699-bfe7-3b1451158e7b",
            "ticker": "KXHIGHMIA-25MAR03-B74.5",
            "count": 257,
            "created_time": "2025-03-03T13:05:45.065683Z",
            "yes_price": 1,
            "no_price": 99,
            "taker_side": "yes"
        },
        {
            "trade_id": "73b23182-6f91-4fed-90ee-a0291ae24c02",
            "ticker": "KXHIGHMIA-25MAR03-B74.5",
            "count": 700,
            "created_time": "2025-03-03T13:05:45.065683Z",
            "yes_price": 1,
            "no_price": 99,
            "taker_side": "yes"
        },
        {
            "trade_id": "ac0c95e3-de81-4f3c-beae-720bb72abdd3",
            "ticker": "KXHIGHMIA-25MAR03-B74.5",
            "count": 300,
            "created_time": "2025-03-03T13:00:48.260981Z",
            "yes_price": 1,
            "no_price": 99,
            "taker_side": "no"
        },
        {
            "trade_id": "54edfe31-afb5-4543-a908-fa1578535664",
            "ticker": "KXHIGHMIA-25MAR03-B74.5",
            "count": 190,
            "created_time": "2025-03-03T13:00:48.260981Z",
            "yes_price": 2,
            "no_price": 98,
            "taker_side": "no"
        },
        {
            "trade_id": "53bdef83-2167-4e46-a0e4-e6021315cf73",
            "ticker": "KXHIGHMIA-25MAR03-B74.5",
            "count": 253,
            "created_time": "2025-03-03T13:00:48.260981Z",
            "yes_price": 1,
            "no_price": 99,
            "taker_side": "no"
        },
        {
            "trade_id": "c3243a80-69b9-48b1-b47c-d03424edcaa2",
            "ticker": "KXHIGHMIA-25MAR03-B74.5",
            "count": 1,
            "created_time": "2025-03-03T05:14:31.446324Z",
            "yes_price": 4,
            "no_price": 96,
            "taker_side": "yes"
        },
        {
            "trade_id": "2ccde778-156e-4f7e-83a5-a1910dac5d7b",
            "ticker": "KXHIGHMIA-25MAR03-B74.5",
            "count": 34,
            "created_time": "2025-03-03T05:14:31.446324Z",
            "yes_price": 6,
            "no_price": 94,
            "taker_side": "yes"
        },
        {
            "trade_id": "27b5f8a3-d143-412e-9157-506342e06957",
            "ticker": "KXHIGHMIA-25MAR03-B74.5",
            "count": 5,
            "created_time": "2025-03-03T05:14:31.446324Z",
            "yes_price": 4,
            "no_price": 96,
            "taker_side": "yes"
        },
        {
            "trade_id": "84211763-298f-48c9-b68f-2a48efa35515",
            "ticker": "KXHIGHMIA-25MAR03-B74.5",
            "count": 5,
            "created_time": "2025-03-03T04:41:02.983476Z",
            "yes_price": 2,
            "no_price": 98,
            "taker_side": "no"
        },
        {
            "trade_id": "4fee0248-cc3a-41eb-85e2-794d10634da0",
            "ticker": "KXHIGHMIA-25MAR03-B74.5",
            "count": 5,
            "created_time": "2025-03-03T04:15:11.92437Z",
            "yes_price": 2,
            "no_price": 98,
            "taker_side": "no"
        },
        {
            "trade_id": "fe107571-a724-40c8-bdd2-d83a2b3a09f2",
            "ticker": "KXHIGHMIA-25MAR03-B74.5",
            "count": 167,
            "created_time": "2025-03-03T04:13:27.985181Z",
            "yes_price": 5,
            "no_price": 95,
            "taker_side": "yes"
        },
        {
            "trade_id": "ce02794f-9069-46cd-ab50-39f9af7856ae",
            "ticker": "KXHIGHMIA-25MAR03-B74.5",
            "count": 1,
            "created_time": "2025-03-03T04:13:27.985181Z",
            "yes_price": 4,
            "no_price": 96,
            "taker_side": "yes"
        },
        {
            "trade_id": "6f964f1f-1934-442f-8493-edab707197d5",
            "ticker": "KXHIGHMIA-25MAR03-B74.5",
            "count": 5,
            "created_time": "2025-03-03T04:13:27.985181Z",
            "yes_price": 4,
            "no_price": 96,
            "taker_side": "yes"
        },
        {
            "trade_id": "276726fc-f2a9-48ed-bace-7c10247aa0cc",
            "ticker": "KXHIGHMIA-25MAR03-B74.5",
            "count": 12,
            "created_time": "2025-03-03T04:13:27.985181Z",
            "yes_price": 6,
            "no_price": 94,
            "taker_side": "yes"
        },
        {
            "trade_id": "c2ff6c85-03a4-427f-9164-5f07c5758e2b",
            "ticker": "KXHIGHMIA-25MAR03-B74.5",
            "count": 2,
            "created_time": "2025-03-03T03:25:25.88975Z",
            "yes_price": 5,
            "no_price": 95,
            "taker_side": "yes"
        },
        {
            "trade_id": "ec0d3ab5-a115-41e6-817a-e8a07bd99d45",
            "ticker": "KXHIGHMIA-25MAR03-B74.5",
            "count": 3,
            "created_time": "2025-03-03T03:25:14.266767Z",
            "yes_price": 4,
            "no_price": 96,
            "taker_side": "yes"
        },
        {
            "trade_id": "96f6d4c2-04cc-40bc-8f75-e53773551cfc",
            "ticker": "KXHIGHMIA-25MAR03-B74.5",
            "count": 5,
            "created_time": "2025-03-03T03:25:14.266767Z",
            "yes_price": 4,
            "no_price": 96,
            "taker_side": "yes"
        },
        {
            "trade_id": "957c3964-8190-4fb3-9983-4321d14c8a88",
            "ticker": "KXHIGHMIA-25MAR03-B74.5",
            "count": 251,
            "created_time": "2025-03-03T03:25:14.266767Z",
            "yes_price": 5,
            "no_price": 95,
            "taker_side": "yes"
        },
        {
            "trade_id": "14b8c577-5fcd-4bbe-bef7-826002e298f8",
            "ticker": "KXHIGHMIA-25MAR03-B74.5",
            "count": 10,
            "created_time": "2025-03-03T03:25:14.266767Z",
            "yes_price": 5,
            "no_price": 95,
            "taker_side": "yes"
        },
        {
            "trade_id": "e8a5ff1e-4744-4f84-b981-95f08c8a19bd",
            "ticker": "KXHIGHMIA-25MAR03-B74.5",
            "count": 160,
            "created_time": "2025-03-03T02:06:08.025931Z",
            "yes_price": 4,
            "no_price": 96,
            "taker_side": "yes"
        },
        {
            "trade_id": "e45e2ad4-f24a-4eda-b2a2-7dab0db39603",
            "ticker": "KXHIGHMIA-25MAR03-B74.5",
            "count": 112,
            "created_time": "2025-03-03T02:06:08.025931Z",
            "yes_price": 5,
            "no_price": 95,
            "taker_side": "yes"
        },
        {
            "trade_id": "b17ef0b3-2fd4-43c4-873f-cb65ec673bb9",
            "ticker": "KXHIGHMIA-25MAR03-B74.5",
            "count": 2,
            "created_time": "2025-03-03T02:06:08.025931Z",
            "yes_price": 4,
            "no_price": 96,
            "taker_side": "yes"
        },
        {
            "trade_id": "708ba2a1-afaf-438c-894f-d3f333748831",
            "ticker": "KXHIGHMIA-25MAR03-B74.5",
            "count": 1,
            "created_time": "2025-03-03T02:06:08.025931Z",
            "yes_price": 4,
            "no_price": 96,
            "taker_side": "yes"
        },
        {
            "trade_id": "27d48797-a0b7-49d4-8cbe-56a3081f8a24",
            "ticker": "KXHIGHMIA-25MAR03-B74.5",
            "count": 50,
            "created_time": "2025-03-03T02:06:08.025931Z",
            "yes_price": 3,
            "no_price": 97,
            "taker_side": "yes"
        },
        {
            "trade_id": "15903888-4a9f-489e-b4c1-a2cdb2ee16eb",
            "ticker": "KXHIGHMIA-25MAR03-B74.5",
            "count": 9,
            "created_time": "2025-03-03T02:06:08.025931Z",
            "yes_price": 4,
            "no_price": 96,
            "taker_side": "yes"
        },
        {
            "trade_id": "e4bae69d-a0c6-4453-aef2-38cce6e24a5d",
            "ticker": "KXHIGHMIA-25MAR03-B74.5",
            "count": 50,
            "created_time": "2025-03-03T01:33:57.360219Z",
            "yes_price": 2,
            "no_price": 98,
            "taker_side": "yes"
        },
        {
            "trade_id": "0ac71946-a674-4ef1-9681-9afd16d008e5",
            "ticker": "KXHIGHMIA-25MAR03-B74.5",
            "count": 50,
            "created_time": "2025-03-03T01:33:57.360219Z",
            "yes_price": 3,
            "no_price": 97,
            "taker_side": "yes"
        },
        {
            "trade_id": "bf33b951-c4e8-4001-b054-7dc08e34c289",
            "ticker": "KXHIGHMIA-25MAR03-B74.5",
            "count": 40,
            "created_time": "2025-03-02T22:26:23.489567Z",
            "yes_price": 4,
            "no_price": 96,
            "taker_side": "yes"
        }
    ],
    "KXHIGHMIA-25MAR03-B76.5": [
        {
            "trade_id": "0e01193f-a0f4-4b12-b36b-eb7630edf9fc",
            "ticker": "KXHIGHMIA-25MAR03-B76.5",
            "count": 11,
            "created_time": "2025-03-04T01:28:11.306852Z",
            "yes_price": 1,
            "no_price": 99,
            "taker_side": "yes"
        },
        {
            "trade_id": "2c170408-0924-438c-823d-7845b170883b",
            "ticker": "KXHIGHMIA-25MAR03-B76.5",
            "count": 300,
            "created_time": "2025-03-03T22:00:29.919579Z",
            "yes_price": 1,
            "no_price": 99,
            "taker_side": "yes"
        },
        {
            "trade_id": "ff4d27d9-3284-4b3a-b4d9-da408ea02ea5",
            "ticker": "KXHIGHMIA-25MAR03-B76.5",
            "count": 841,
            "created_time": "2025-03-03T18:44:16.529467Z",
            "yes_price": 1,
            "no_price": 99,
            "taker_side": "yes"
        },
        {
            "trade_id": "50d92075-2189-4bab-9a3e-2707eda02b16",
            "ticker": "KXHIGHMIA-25MAR03-B76.5",
            "count": 59,
            "created_time": "2025-03-03T18:44:16.529467Z",
            "yes_price": 1,
            "no_price": 99,
            "taker_side": "yes"
        },
        {
            "trade_id": "39d06217-e324-4e00-b7b3-730cacff0c8a",
            "ticker": "KXHIGHMIA-25MAR03-B76.5",
            "count": 100,
            "created_time": "2025-03-03T18:43:54.142316Z",
            "yes_price": 1,
            "no_price": 99,
            "taker_side": "yes"
        },
        {
            "trade_id": "e4731d7d-e800-4559-9a41-83b6c94ac164",
            "ticker": "KXHIGHMIA-25MAR03-B76.5",
            "count": 9164,
            "created_time": "2025-03-03T18:23:43.544407Z",
            "yes_price": 1,
            "no_price": 99,
            "taker_side": "yes"
        },
        {
            "trade_id": "82ae97f5-1e9b-4f62-8333-f4ef0353e7f7",
            "ticker": "KXHIGHMIA-25MAR03-B76.5",
            "count": 1870,
            "created_time": "2025-03-03T18:22:37.908048Z",
            "yes_price": 1,
            "no_price": 99,
            "taker_side": "yes"
        },
        {
            "trade_id": "08eb7305-e392-4999-ab2a-723ce3a80dcb",
            "ticker": "KXHIGHMIA-25MAR03-B76.5",
            "count": 916,
            "created_time": "2025-03-03T18:14:33.403237Z",
            "yes_price": 1,
            "no_price": 99,
            "taker_side": "yes"
        },
        {
            "trade_id": "da577ddc-faf2-4d69-b49a-1d4522e2d202",
            "ticker": "KXHIGHMIA-25MAR03-B76.5",
            "count": 1100,
            "created_time": "2025-03-03T17:27:11.631513Z",
            "yes_price": 1,
            "no_price": 99,
            "taker_side": "yes"
        },
        {
            "trade_id": "cc190d8f-8117-459e-9e28-98f8ace4df13",
            "ticker": "KXHIGHMIA-25MAR03-B76.5",
            "count": 12916,
            "created_time": "2025-03-03T17:27:11.631513Z",
            "yes_price": 1,
            "no_price": 99,
            "taker_side": "yes"
        },
        {
            "trade_id": "98808da9-164e-4ed3-b72a-12de48d21d9f",
            "ticker": "KXHIGHMIA-25MAR03-B76.5",
            "count": 1,
            "created_time": "2025-03-03T17:27:11.631513Z",
            "yes_price": 1,
            "no_price": 99,
            "taker_side": "yes"
        },
        {
            "trade_id": "b4b665e4-c47b-41e4-bf3c-b8ec8c3a72fc",
            "ticker": "KXHIGHMIA-25MAR03-B76.5",
            "count": 409,
            "created_time": "2025-03-03T17:21:11.84633Z",
            "yes_price": 1,
            "no_price": 99,
            "taker_side": "yes"
        },
        {
            "trade_id": "6ec6cd2f-0d63-47e1-bedd-d980676af865",
            "ticker": "KXHIGHMIA-25MAR03-B76.5",
            "count": 600,
            "created_time": "2025-03-03T17:19:32.341517Z",
            "yes_price": 1,
            "no_price": 99,
            "taker_side": "yes"
        },
        {
            "trade_id": "87c79238-485c-40e0-98c1-de95c403c124",
            "ticker": "KXHIGHMIA-25MAR03-B76.5",
            "count": 500,
            "created_time": "2025-03-03T17:17:53.955254Z",
            "yes_price": 1,
            "no_price": 99,
            "taker_side": "yes"
        },
        {
            "trade_id": "1218bcaa-e16c-4bb9-8fe5-a8a68b577551",
            "ticker": "KXHIGHMIA-25MAR03-B76.5",
            "count": 187,
            "created_time": "2025-03-03T16:27:23.686337Z",
            "yes_price": 1,
            "no_price": 99,
            "taker_side": "yes"
        },
        {
            "trade_id": "97556bc1-2b79-40a8-aa6a-9546e1485c1c",
            "ticker": "KXHIGHMIA-25MAR03-B76.5",
            "count": 935,
            "created_time": "2025-03-03T16:26:09.78238Z",
            "yes_price": 1,
            "no_price": 99,
            "taker_side": "yes"
        },
        {
            "trade_id": "b5a02a09-7839-46a1-813d-84a7e758a4e2",
            "ticker": "KXHIGHMIA-25MAR03-B76.5",
            "count": 3666,
            "created_time": "2025-03-03T16:04:23.376742Z",
            "yes_price": 1,
            "no_price": 99,
            "taker_side": "yes"
        },
        {
            "trade_id": "9e336586-081d-43c6-a750-e720d56ac4b5",
            "ticker": "KXHIGHMIA-25MAR03-B76.5",
            "count": 1334,
            "created_time": "2025-03-03T16:04:23.376742Z",
            "yes_price": 1,
            "no_price": 99,
            "taker_side": "yes"
        },
        {
            "trade_id": "c0bd7e79-033e-46ea-9aa0-2da5719d6884",
            "ticker": "KXHIGHMIA-25MAR03-B76.5",
            "count": 1000,
            "created_time": "2025-03-03T16:03:38.333579Z",
            "yes_price": 1,
            "no_price": 99,
            "taker_side": "yes"
        },
        {
            "trade_id": "a1820545-200f-48f8-ac4c-c7495abd6764",
            "ticker": "KXHIGHMIA-25MAR03-B76.5",
            "count": 11,
            "created_time": "2025-03-03T15:50:07.813153Z",
            "yes_price": 1,
            "no_price": 99,
            "taker_side": "yes"
        },
        {
            "trade_id": "1c12a661-5569-4e68-8d8c-9b2af99d912f",
            "ticker": "KXHIGHMIA-25MAR03-B76.5",
            "count": 1402,
            "created_time": "2025-03-03T15:45:41.718452Z",
            "yes_price": 1,
            "no_price": 99,
            "taker_side": "yes"
        },
        {
            "trade_id": "b65e48d4-bcab-4be0-bb8d-caf14af1cb2d",
            "ticker": "KXHIGHMIA-25MAR03-B76.5",
            "count": 3086,
            "created_time": "2025-03-03T15:31:00.005236Z",
            "yes_price": 1,
            "no_price": 99,
            "taker_side": "yes"
        },
        {
            "trade_id": "55191f24-0e9b-4de3-a8d8-67d787fb033e",
            "ticker": "KXHIGHMIA-25MAR03-B76.5",
            "count": 94,
            "created_time": "2025-03-03T15:29:11.408736Z",
            "yes_price": 1,
            "no_price": 99,
            "taker_side": "yes"
        },
        {
            "trade_id": "f85f45fa-ca2b-4be6-9168-0917342770b8",
            "ticker": "KXHIGHMIA-25MAR03-B76.5",
            "count": 134,
            "created_time": "2025-03-03T15:19:25.237765Z",
            "yes_price": 1,
            "no_price": 99,
            "taker_side": "yes"
        },
        {
            "trade_id": "086e9167-e2cf-4af9-ba55-8122b3f1a8c6",
            "ticker": "KXHIGHMIA-25MAR03-B76.5",
            "count": 93,
            "created_time": "2025-03-03T14:55:50.777471Z",
            "yes_price": 1,
            "no_price": 99,
            "taker_side": "yes"
        },
        {
            "trade_id": "67b65005-1f37-4223-8987-42e7b140fabb",
            "ticker": "KXHIGHMIA-25MAR03-B76.5",
            "count": 1,
            "created_time": "2025-03-03T14:54:18.113582Z",
            "yes_price": 1,
            "no_price": 99,
            "taker_side": "yes"
        },
        {
            "trade_id": "4de448c2-d310-42e9-83f9-458c704447b0",
            "ticker": "KXHIGHMIA-25MAR03-B76.5",
            "count": 14,
            "created_time": "2025-03-03T14:54:18.113582Z",
            "yes_price": 1,
            "no_price": 99,
            "taker_side": "yes"
        },
        {
            "trade_id": "291cd2a9-85a6-4414-9103-fcacc337b03e",
            "ticker": "KXHIGHMIA-25MAR03-B76.5",
            "count": 26,
            "created_time": "2025-03-03T14:54:18.113582Z",
            "yes_price": 1,
            "no_price": 99,
            "taker_side": "yes"
        },
        {
            "trade_id": "dc892b7a-c422-4387-9e10-fa96d3ff0355",
            "ticker": "KXHIGHMIA-25MAR03-B76.5",
            "count": 109,
            "created_time": "2025-03-03T14:43:55.167551Z",
            "yes_price": 1,
            "no_price": 99,
            "taker_side": "yes"
        },
        {
            "trade_id": "923f8445-d3c1-4ac4-89a2-f5efda41fd4f",
            "ticker": "KXHIGHMIA-25MAR03-B76.5",
            "count": 916,
            "created_time": "2025-03-03T14:43:30.100324Z",
            "yes_price": 1,
            "no_price": 99,
            "taker_side": "yes"
        },
        {
            "trade_id": "5361ec2b-e56d-46d8-b389-cf6a84eb5c6d",
            "ticker": "KXHIGHMIA-25MAR03-B76.5",
            "count": 4673,
            "created_time": "2025-03-03T14:37:32.017831Z",
            "yes_price": 1,
            "no_price": 99,
            "taker_side": "yes"
        },
        {
            "trade_id": "effe3cfd-1fe7-4615-a8b3-8c48e47115d4",
            "ticker": "KXHIGHMIA-25MAR03-B76.5",
            "count": 9,
            "created_time": "2025-03-03T14:36:19.59248Z",
            "yes_price": 1,
            "no_price": 99,
            "taker_side": "no"
        },
        {
            "trade_id": "df745dfa-74d1-40d4-9f98-104cae5af575",
            "ticker": "KXHIGHMIA-25MAR03-B76.5",
            "count": 50,
            "created_time": "2025-03-03T14:36:19.59248Z",
            "yes_price": 2,
            "no_price": 98,
            "taker_side": "no"
        },
        {
            "trade_id": "ad69ddd9-3c4d-4407-a6ab-0c32c0b98633",
            "ticker": "KXHIGHMIA-25MAR03-B76.5",
            "count": 100,
            "created_time": "2025-03-03T14:36:19.59248Z",
            "yes_price": 1,
            "no_price": 99,
            "taker_side": "no"
        },
        {
            "trade_id": "98cc8284-3b64-46bb-b4fd-ab5df334b136",
            "ticker": "KXHIGHMIA-25MAR03-B76.5",
            "count": 150,
            "created_time": "2025-03-03T14:36:19.59248Z",
            "yes_price": 1,
            "no_price": 99,
            "taker_side": "no"
        },
        {
            "trade_id": "4ff55cde-20f3-4ffb-ae7a-c5a1b210e308",
            "ticker": "KXHIGHMIA-25MAR03-B76.5",
            "count": 47,
            "created_time": "2025-03-03T14:36:19.59248Z",
            "yes_price": 1,
            "no_price": 99,
            "taker_side": "no"
        },
        {
            "trade_id": "3f00cc76-ab0d-4c22-be61-9ff77928eee8",
            "ticker": "KXHIGHMIA-25MAR03-B76.5",
            "count": 420,
            "created_time": "2025-03-03T14:36:19.59248Z",
            "yes_price": 1,
            "no_price": 99,
            "taker_side": "no"
        },
        {
            "trade_id": "c2c0ae4e-db5b-4b9c-a655-0b4d8d5bb36f",
            "ticker": "KXHIGHMIA-25MAR03-B76.5",
            "count": 20,
            "created_time": "2025-03-03T14:34:29.302954Z",
            "yes_price": 23,
            "no_price": 77,
            "taker_side": "yes"
        },
        {
            "trade_id": "a14d4901-cc33-4d55-a838-177beadea33e",
            "ticker": "KXHIGHMIA-25MAR03-B76.5",
            "count": 1,
            "created_time": "2025-03-03T14:34:21.971505Z",
            "yes_price": 4,
            "no_price": 96,
            "taker_side": "no"
        },
        {
            "trade_id": "409903f4-1511-4366-9a5b-db0e6c48c770",
            "ticker": "KXHIGHMIA-25MAR03-B76.5",
            "count": 45,
            "created_time": "2025-03-03T14:34:21.971505Z",
            "yes_price": 6,
            "no_price": 94,
            "taker_side": "no"
        },
        {
            "trade_id": "3f4467d4-7068-4eee-9ddf-51d932839c07",
            "ticker": "KXHIGHMIA-25MAR03-B76.5",
            "count": 4,
            "created_time": "2025-03-03T14:34:21.971505Z",
            "yes_price": 7,
            "no_price": 93,
            "taker_side": "no"
        },
        {
            "trade_id": "3b554a7e-7cb0-4226-a1e7-1838408ab850",
            "ticker": "KXHIGHMIA-25MAR03-B76.5",
            "count": 50,
            "created_time": "2025-03-03T14:33:56.719534Z",
            "yes_price": 7,
            "no_price": 93,
            "taker_side": "no"
        },
        {
            "trade_id": "db4563e6-db8a-4e9c-a471-5019a12520e0",
            "ticker": "KXHIGHMIA-25MAR03-B76.5",
            "count": 24,
            "created_time": "2025-03-03T14:33:33.462209Z",
            "yes_price": 8,
            "no_price": 92,
            "taker_side": "no"
        },
        {
            "trade_id": "ccf882e2-bed3-461e-a592-2eee6c421507",
            "ticker": "KXHIGHMIA-25MAR03-B76.5",
            "count": 5,
            "created_time": "2025-03-03T14:33:33.462209Z",
            "yes_price": 6,
            "no_price": 94,
            "taker_side": "no"
        },
        {
            "trade_id": "ff7c877f-e0a3-4aa3-87f3-ee92f1b2b2ff",
            "ticker": "KXHIGHMIA-25MAR03-B76.5",
            "count": 11,
            "created_time": "2025-03-03T14:33:24.183073Z",
            "yes_price": 7,
            "no_price": 93,
            "taker_side": "no"
        },
        {
            "trade_id": "2815b090-9055-4a97-a264-028e452b312b",
            "ticker": "KXHIGHMIA-25MAR03-B76.5",
            "count": 18,
            "created_time": "2025-03-03T14:33:24.183073Z",
            "yes_price": 7,
            "no_price": 93,
            "taker_side": "no"
        },
        {
            "trade_id": "e27268b4-57fb-4c87-94ce-5125816479e2",
            "ticker": "KXHIGHMIA-25MAR03-B76.5",
            "count": 20,
            "created_time": "2025-03-03T14:32:21.852485Z",
            "yes_price": 26,
            "no_price": 74,
            "taker_side": "yes"
        },
        {
            "trade_id": "d9a0f6d9-2fe9-46d3-a348-5f0bd9170c11",
            "ticker": "KXHIGHMIA-25MAR03-B76.5",
            "count": 11,
            "created_time": "2025-03-03T14:32:21.852485Z",
            "yes_price": 25,
            "no_price": 75,
            "taker_side": "yes"
        },
        {
            "trade_id": "6f8055f2-85f5-4e5e-ae8d-10b90c7dbbdc",
            "ticker": "KXHIGHMIA-25MAR03-B76.5",
            "count": 12,
            "created_time": "2025-03-03T14:32:21.852485Z",
            "yes_price": 18,
            "no_price": 82,
            "taker_side": "yes"
        },
        {
            "trade_id": "56ddf750-a7ac-494f-8fb8-b57645fa4d41",
            "ticker": "KXHIGHMIA-25MAR03-B76.5",
            "count": 33,
            "created_time": "2025-03-03T14:32:21.852485Z",
            "yes_price": 17,
            "no_price": 83,
            "taker_side": "yes"
        },
        {
            "trade_id": "166a58f8-3847-4694-b07d-f7c2cfccfcba",
            "ticker": "KXHIGHMIA-25MAR03-B76.5",
            "count": 124,
            "created_time": "2025-03-03T14:32:21.852485Z",
            "yes_price": 20,
            "no_price": 80,
            "taker_side": "yes"
        },
        {
            "trade_id": "ab81397e-f484-4ed8-8504-0b1ca8c368e1",
            "ticker": "KXHIGHMIA-25MAR03-B76.5",
            "count": 8,
            "created_time": "2025-03-03T14:31:26.198679Z",
            "yes_price": 10,
            "no_price": 90,
            "taker_side": "no"
        },
        {
            "trade_id": "c12bc1a5-7ad8-4a94-a9e3-58aae5d40e83",
            "ticker": "KXHIGHMIA-25MAR03-B76.5",
            "count": 47,
            "created_time": "2025-03-03T14:19:05.114054Z",
            "yes_price": 10,
            "no_price": 90,
            "taker_side": "no"
        },
        {
            "trade_id": "8389a94b-f79a-4ca6-a2f6-de56495d8ee6",
            "ticker": "KXHIGHMIA-25MAR03-B76.5",
            "count": 57,
            "created_time": "2025-03-03T14:19:05.114054Z",
            "yes_price": 9,
            "no_price": 91,
            "taker_side": "no"
        },
        {
            "trade_id": "48b8b5fc-1cbd-4649-bc22-f1811a3cf55c",
            "ticker": "KXHIGHMIA-25MAR03-B76.5",
            "count": 5,
            "created_time": "2025-03-03T14:19:05.114054Z",
            "yes_price": 11,
            "no_price": 89,
            "taker_side": "no"
        },
        {
            "trade_id": "5f65e77e-26a6-434f-b231-98668cd129b3",
            "ticker": "KXHIGHMIA-25MAR03-B76.5",
            "count": 45,
            "created_time": "2025-03-03T14:16:31.89069Z",
            "yes_price": 11,
            "no_price": 89,
            "taker_side": "no"
        },
        {
            "trade_id": "3fdb2d09-1191-4d03-a25c-89379c253085",
            "ticker": "KXHIGHMIA-25MAR03-B76.5",
            "count": 20,
            "created_time": "2025-03-03T14:16:18.46682Z",
            "yes_price": 15,
            "no_price": 85,
            "taker_side": "no"
        },
        {
            "trade_id": "cd32dac2-83c6-4c77-971b-af225e455c52",
            "ticker": "KXHIGHMIA-25MAR03-B76.5",
            "count": 26,
            "created_time": "2025-03-03T14:14:41.368255Z",
            "yes_price": 20,
            "no_price": 80,
            "taker_side": "yes"
        },
        {
            "trade_id": "6da9d636-edc9-4e50-a259-05edc406ff44",
            "ticker": "KXHIGHMIA-25MAR03-B76.5",
            "count": 150,
            "created_time": "2025-03-03T14:12:23.66638Z",
            "yes_price": 20,
            "no_price": 80,
            "taker_side": "no"
        },
        {
            "trade_id": "ce78c827-fcd9-4a99-beeb-df8fca202dd9",
            "ticker": "KXHIGHMIA-25MAR03-B76.5",
            "count": 21,
            "created_time": "2025-03-03T13:22:25.11206Z",
            "yes_price": 29,
            "no_price": 71,
            "taker_side": "yes"
        },
        {
            "trade_id": "9ed6a009-1ee0-41a2-9242-6366cf401bfa",
            "ticker": "KXHIGHMIA-25MAR03-B76.5",
            "count": 26,
            "created_time": "2025-03-03T13:22:25.11206Z",
            "yes_price": 30,
            "no_price": 70,
            "taker_side": "yes"
        },
        {
            "trade_id": "64a2a330-4ae7-40ec-971d-90957508d2a6",
            "ticker": "KXHIGHMIA-25MAR03-B76.5",
            "count": 37,
            "created_time": "2025-03-03T13:22:25.11206Z",
            "yes_price": 29,
            "no_price": 71,
            "taker_side": "yes"
        },
        {
            "trade_id": "4ffd9bba-6c4b-473b-a70c-eb9fa0b192fa",
            "ticker": "KXHIGHMIA-25MAR03-B76.5",
            "count": 4,
            "created_time": "2025-03-03T13:22:25.11206Z",
            "yes_price": 29,
            "no_price": 71,
            "taker_side": "yes"
        },
        {
            "trade_id": "343ecba6-18c2-48f6-abb0-6e063044acb1",
            "ticker": "KXHIGHMIA-25MAR03-B76.5",
            "count": 20,
            "created_time": "2025-03-03T13:22:25.11206Z",
            "yes_price": 28,
            "no_price": 72,
            "taker_side": "yes"
        },
        {
            "trade_id": "fd5a9264-0579-4665-a0ae-4deb0f66cd1e",
            "ticker": "KXHIGHMIA-25MAR03-B76.5",
            "count": 65,
            "created_time": "2025-03-03T13:22:10.127226Z",
            "yes_price": 12,
            "no_price": 88,
            "taker_side": "no"
        },
        {
            "trade_id": "a8ef16c5-6f07-4fe9-b74b-3c822dc4ae14",
            "ticker": "KXHIGHMIA-25MAR03-B76.5",
            "count": 183,
            "created_time": "2025-03-03T13:22:10.127226Z",
            "yes_price": 13,
            "no_price": 87,
            "taker_side": "no"
        },
        {
            "trade_id": "c5da9c95-c9d1-4588-9d78-c13fed4137ca",
            "ticker": "KXHIGHMIA-25MAR03-B76.5",
            "count": 26,
            "created_time": "2025-03-03T13:20:19.412227Z",
            "yes_price": 14,
            "no_price": 86,
            "taker_side": "yes"
        },
        {
            "trade_id": "abe3d909-69d2-413d-ad56-c0a26ac6a3b9",
            "ticker": "KXHIGHMIA-25MAR03-B76.5",
            "count": 131,
            "created_time": "2025-03-03T13:09:37.759282Z",
            "yes_price": 25,
            "no_price": 75,
            "taker_side": "no"
        },
        {
            "trade_id": "6375447e-5c17-4752-ade2-1140dc1e0436",
            "ticker": "KXHIGHMIA-25MAR03-B76.5",
            "count": 6,
            "created_time": "2025-03-03T13:08:55.487488Z",
            "yes_price": 25,
            "no_price": 75,
            "taker_side": "no"
        },
        {
            "trade_id": "4d91d7b8-5599-4b64-80ca-9e4145f67e25",
            "ticker": "KXHIGHMIA-25MAR03-B76.5",
            "count": 20,
            "created_time": "2025-03-03T13:08:55.487488Z",
            "yes_price": 26,
            "no_price": 74,
            "taker_side": "no"
        },
        {
            "trade_id": "b6d56025-0ae9-4230-a1c0-12118f1cf19a",
            "ticker": "KXHIGHMIA-25MAR03-B76.5",
            "count": 13,
            "created_time": "2025-03-03T13:02:04.57606Z",
            "yes_price": 30,
            "no_price": 70,
            "taker_side": "yes"
        },
        {
            "trade_id": "fec4e493-13fc-429a-9ca9-07e4b3e0f79f",
            "ticker": "KXHIGHMIA-25MAR03-B76.5",
            "count": 300,
            "created_time": "2025-03-03T13:00:49.41907Z",
            "yes_price": 5,
            "no_price": 95,
            "taker_side": "no"
        },
        {
            "trade_id": "ed5e095a-4ef5-4206-8a81-1257e55d44df",
            "ticker": "KXHIGHMIA-25MAR03-B76.5",
            "count": 10,
            "created_time": "2025-03-03T13:00:49.41907Z",
            "yes_price": 13,
            "no_price": 87,
            "taker_side": "no"
        },
        {
            "trade_id": "cf8d6595-6eb7-416f-a17e-70cfaec97c5f",
            "ticker": "KXHIGHMIA-25MAR03-B76.5",
            "count": 20,
            "created_time": "2025-03-03T13:00:49.41907Z",
            "yes_price": 17,
            "no_price": 83,
            "taker_side": "no"
        },
        {
            "trade_id": "a9a04126-8434-4063-9cb1-37af145fc2ec",
            "ticker": "KXHIGHMIA-25MAR03-B76.5",
            "count": 50,
            "created_time": "2025-03-03T13:00:49.41907Z",
            "yes_price": 16,
            "no_price": 84,
            "taker_side": "no"
        },
        {
            "trade_id": "a54139fe-3249-49bc-bf74-6906ba9c6949",
            "ticker": "KXHIGHMIA-25MAR03-B76.5",
            "count": 30,
            "created_time": "2025-03-03T13:00:49.41907Z",
            "yes_price": 17,
            "no_price": 83,
            "taker_side": "no"
        },
        {
            "trade_id": "984a38f4-098b-4512-8cb7-c48b864ea717",
            "ticker": "KXHIGHMIA-25MAR03-B76.5",
            "count": 200,
            "created_time": "2025-03-03T13:00:49.41907Z",
            "yes_price": 12,
            "no_price": 88,
            "taker_side": "no"
        },
        {
            "trade_id": "5b6df931-9ea2-4863-95d6-ecb9a8594e72",
            "ticker": "KXHIGHMIA-25MAR03-B76.5",
            "count": 379,
            "created_time": "2025-03-03T13:00:49.41907Z",
            "yes_price": 5,
            "no_price": 95,
            "taker_side": "no"
        },
        {
            "trade_id": "4ef688b0-87bc-4b8a-baab-9c94c59f5804",
            "ticker": "KXHIGHMIA-25MAR03-B76.5",
            "count": 11,
            "created_time": "2025-03-03T13:00:49.41907Z",
            "yes_price": 6,
            "no_price": 94,
            "taker_side": "no"
        },
        {
            "trade_id": "850bce43-5095-4f01-9f8b-4fdb8449d22a",
            "ticker": "KXHIGHMIA-25MAR03-B76.5",
            "count": 3,
            "created_time": "2025-03-03T07:58:14.574066Z",
            "yes_price": 22,
            "no_price": 78,
            "taker_side": "yes"
        },
        {
            "trade_id": "82800889-8b6e-42cc-bb15-bd38ba0ad721",
            "ticker": "KXHIGHMIA-25MAR03-B76.5",
            "count": 7,
            "created_time": "2025-03-03T07:06:46.601072Z",
            "yes_price": 29,
            "no_price": 71,
            "taker_side": "yes"
        },
        {
            "trade_id": "71236e87-b3a7-4899-8fe1-e3ce4ca2a637",
            "ticker": "KXHIGHMIA-25MAR03-B76.5",
            "count": 4,
            "created_time": "2025-03-03T07:06:46.601072Z",
            "yes_price": 29,
            "no_price": 71,
            "taker_side": "yes"
        },
        {
            "trade_id": "01871c94-02dc-4ac5-a06e-e526dac4bc7f",
            "ticker": "KXHIGHMIA-25MAR03-B76.5",
            "count": 5,
            "created_time": "2025-03-03T07:06:46.601072Z",
            "yes_price": 29,
            "no_price": 71,
            "taker_side": "yes"
        },
        {
            "trade_id": "9541cc61-5b9b-4ca6-bfea-ec8f91f70c2c",
            "ticker": "KXHIGHMIA-25MAR03-B76.5",
            "count": 4,
            "created_time": "2025-03-03T06:12:19.173033Z",
            "yes_price": 23,
            "no_price": 77,
            "taker_side": "yes"
        },
        {
            "trade_id": "540bbe89-c0d7-47f7-8183-a2363f90216c",
            "ticker": "KXHIGHMIA-25MAR03-B76.5",
            "count": 2,
            "created_time": "2025-03-03T06:11:39.711277Z",
            "yes_price": 19,
            "no_price": 81,
            "taker_side": "no"
        },
        {
            "trade_id": "0ef9bc36-2d3d-4647-9b43-648ae734244a",
            "ticker": "KXHIGHMIA-25MAR03-B76.5",
            "count": 9,
            "created_time": "2025-03-03T06:11:39.711277Z",
            "yes_price": 18,
            "no_price": 82,
            "taker_side": "no"
        },
        {
            "trade_id": "e6482eaa-2dc0-46aa-91a9-b2b6c3c62d41",
            "ticker": "KXHIGHMIA-25MAR03-B76.5",
            "count": 14,
            "created_time": "2025-03-03T05:08:04.983047Z",
            "yes_price": 23,
            "no_price": 77,
            "taker_side": "yes"
        },
        {
            "trade_id": "e3849f57-ff93-4032-b04c-c9dc87fe74b5",
            "ticker": "KXHIGHMIA-25MAR03-B76.5",
            "count": 77,
            "created_time": "2025-03-03T05:08:04.983047Z",
            "yes_price": 23,
            "no_price": 77,
            "taker_side": "yes"
        },
        {
            "trade_id": "a6f61fe1-e715-4747-8bd3-963098a2a167",
            "ticker": "KXHIGHMIA-25MAR03-B76.5",
            "count": 16,
            "created_time": "2025-03-03T05:08:04.983047Z",
            "yes_price": 23,
            "no_price": 77,
            "taker_side": "yes"
        },
        {
            "trade_id": "23f4e7f9-b6a6-403e-8cfa-450d1e8539bc",
            "ticker": "KXHIGHMIA-25MAR03-B76.5",
            "count": 92,
            "created_time": "2025-03-03T05:08:04.983047Z",
            "yes_price": 25,
            "no_price": 75,
            "taker_side": "yes"
        },
        {
            "trade_id": "14d06184-4b98-4742-aacf-98f10495a037",
            "ticker": "KXHIGHMIA-25MAR03-B76.5",
            "count": 140,
            "created_time": "2025-03-03T05:08:04.983047Z",
            "yes_price": 25,
            "no_price": 75,
            "taker_side": "yes"
        },
        {
            "trade_id": "bb9f7c8d-4ba8-4be6-972d-e03ce554f375",
            "ticker": "KXHIGHMIA-25MAR03-B76.5",
            "count": 8,
            "created_time": "2025-03-03T04:50:49.949879Z",
            "yes_price": 23,
            "no_price": 77,
            "taker_side": "yes"
        },
        {
            "trade_id": "f688e28f-0b67-40ca-b053-23585a3f9d45",
            "ticker": "KXHIGHMIA-25MAR03-B76.5",
            "count": 2,
            "created_time": "2025-03-03T04:41:02.215475Z",
            "yes_price": 21,
            "no_price": 79,
            "taker_side": "yes"
        },
        {
            "trade_id": "e6b02732-874b-404c-a8dc-b33c56293907",
            "ticker": "KXHIGHMIA-25MAR03-B76.5",
            "count": 240,
            "created_time": "2025-03-03T04:41:02.215475Z",
            "yes_price": 24,
            "no_price": 76,
            "taker_side": "yes"
        },
        {
            "trade_id": "b94cf42d-9c4e-4e55-b2df-544c0bf26191",
            "ticker": "KXHIGHMIA-25MAR03-B76.5",
            "count": 12,
            "created_time": "2025-03-03T04:41:02.215475Z",
            "yes_price": 23,
            "no_price": 77,
            "taker_side": "yes"
        },
        {
            "trade_id": "8b83ca28-3b2d-435f-9cf0-49c8668e3b15",
            "ticker": "KXHIGHMIA-25MAR03-B76.5",
            "count": 280,
            "created_time": "2025-03-03T04:41:02.215475Z",
            "yes_price": 25,
            "no_price": 75,
            "taker_side": "yes"
        },
        {
            "trade_id": "729eeb85-ec99-469b-a8e8-f0fa5304ea37",
            "ticker": "KXHIGHMIA-25MAR03-B76.5",
            "count": 5,
            "created_time": "2025-03-03T04:41:02.215475Z",
            "yes_price": 24,
            "no_price": 76,
            "taker_side": "yes"
        },
        {
            "trade_id": "6d790003-bca3-4bfb-bfd7-05f02ae2f126",
            "ticker": "KXHIGHMIA-25MAR03-B76.5",
            "count": 4,
            "created_time": "2025-03-03T04:41:02.215475Z",
            "yes_price": 20,
            "no_price": 80,
            "taker_side": "yes"
        },
        {
            "trade_id": "50ffc1d4-314e-4f69-afeb-d1df9e012b38",
            "ticker": "KXHIGHMIA-25MAR03-B76.5",
            "count": 10,
            "created_time": "2025-03-03T04:41:02.215475Z",
            "yes_price": 19,
            "no_price": 81,
            "taker_side": "yes"
        },
        {
            "trade_id": "240388cd-dc44-4be8-810f-9874480f1262",
            "ticker": "KXHIGHMIA-25MAR03-B76.5",
            "count": 9,
            "created_time": "2025-03-03T04:41:02.215475Z",
            "yes_price": 24,
            "no_price": 76,
            "taker_side": "yes"
        },
        {
            "trade_id": "16b08765-9f56-420c-ae7c-e622c6337339",
            "ticker": "KXHIGHMIA-25MAR03-B76.5",
            "count": 240,
            "created_time": "2025-03-03T04:41:02.215475Z",
            "yes_price": 22,
            "no_price": 78,
            "taker_side": "yes"
        },
        {
            "trade_id": "39565127-8b3a-4060-8f1e-1c1ce8464216",
            "ticker": "KXHIGHMIA-25MAR03-B76.5",
            "count": 2,
            "created_time": "2025-03-03T04:30:56.269882Z",
            "yes_price": 20,
            "no_price": 80,
            "taker_side": "yes"
        },
        {
            "trade_id": "28d4e651-6db9-45ac-8fa3-77b5201755e2",
            "ticker": "KXHIGHMIA-25MAR03-B76.5",
            "count": 44,
            "created_time": "2025-03-03T04:30:56.269882Z",
            "yes_price": 21,
            "no_price": 79,
            "taker_side": "yes"
        },
        {
            "trade_id": "1e7f0fdf-ba6a-4806-aecf-ff585073d6e4",
            "ticker": "KXHIGHMIA-25MAR03-B76.5",
            "count": 22,
            "created_time": "2025-03-03T04:30:56.269882Z",
            "yes_price": 20,
            "no_price": 80,
            "taker_side": "yes"
        },
        {
            "trade_id": "f4f7f07f-76ff-43db-8204-ca19d8b0c951",
            "ticker": "KXHIGHMIA-25MAR03-B76.5",
            "count": 9,
            "created_time": "2025-03-03T04:26:52.400706Z",
            "yes_price": 21,
            "no_price": 79,
            "taker_side": "yes"
        },
        {
            "trade_id": "df32a054-de54-43d1-801f-4c97cc8f80de",
            "ticker": "KXHIGHMIA-25MAR03-B76.5",
            "count": 1,
            "created_time": "2025-03-03T04:26:52.400706Z",
            "yes_price": 20,
            "no_price": 80,
            "taker_side": "yes"
        },
        {
            "trade_id": "57a74563-490f-4e56-9334-a9a9a0dc0f0e",
            "ticker": "KXHIGHMIA-25MAR03-B76.5",
            "count": 4,
            "created_time": "2025-03-03T04:26:52.400706Z",
            "yes_price": 20,
            "no_price": 80,
            "taker_side": "yes"
        },
        {
            "trade_id": "115cf0a2-d6da-4470-b868-ee6400b1399f",
            "ticker": "KXHIGHMIA-25MAR03-B76.5",
            "count": 5,
            "created_time": "2025-03-03T04:26:52.400706Z",
            "yes_price": 20,
            "no_price": 80,
            "taker_side": "yes"
        },
        {
            "trade_id": "0a7aff5d-bba2-4986-a96e-677bb09fbb46",
            "ticker": "KXHIGHMIA-25MAR03-B76.5",
            "count": 4,
            "created_time": "2025-03-03T04:26:52.400706Z",
            "yes_price": 20,
            "no_price": 80,
            "taker_side": "yes"
        },
        {
            "trade_id": "cf7a1c1b-ab88-4a41-b078-61588dfc399d",
            "ticker": "KXHIGHMIA-25MAR03-B76.5",
            "count": 5,
            "created_time": "2025-03-03T04:15:11.932532Z",
            "yes_price": 17,
            "no_price": 83,
            "taker_side": "no"
        },
        {
            "trade_id": "c518f9ce-7783-4266-91c2-f090b0c9183e",
            "ticker": "KXHIGHMIA-25MAR03-B76.5",
            "count": 31,
            "created_time": "2025-03-03T04:12:52.982124Z",
            "yes_price": 21,
            "no_price": 79,
            "taker_side": "yes"
        },
        {
            "trade_id": "6995fa9f-6080-4441-964d-f8cc23e5e76c",
            "ticker": "KXHIGHMIA-25MAR03-B76.5",
            "count": 13,
            "created_time": "2025-03-03T04:12:52.982124Z",
            "yes_price": 22,
            "no_price": 78,
            "taker_side": "yes"
        },
        {
            "trade_id": "1114c3af-17b4-49bb-8b8c-9cb06e8754f2",
            "ticker": "KXHIGHMIA-25MAR03-B76.5",
            "count": 13,
            "created_time": "2025-03-03T04:12:26.524891Z",
            "yes_price": 21,
            "no_price": 79,
            "taker_side": "yes"
        },
        {
            "trade_id": "fa43ff1f-04f3-42d2-a0dc-887e1ee0b27b",
            "ticker": "KXHIGHMIA-25MAR03-B76.5",
            "count": 240,
            "created_time": "2025-03-03T04:06:52.81907Z",
            "yes_price": 21,
            "no_price": 79,
            "taker_side": "yes"
        },
        {
            "trade_id": "95286b44-8c4a-4d59-b16d-4dc64b9cff1f",
            "ticker": "KXHIGHMIA-25MAR03-B76.5",
            "count": 29,
            "created_time": "2025-03-03T04:06:52.81907Z",
            "yes_price": 19,
            "no_price": 81,
            "taker_side": "yes"
        },
        {
            "trade_id": "8b3eded7-1dfd-420b-9e4d-d3afe3aa9459",
            "ticker": "KXHIGHMIA-25MAR03-B76.5",
            "count": 2,
            "created_time": "2025-03-03T04:06:52.81907Z",
            "yes_price": 19,
            "no_price": 81,
            "taker_side": "yes"
        },
        {
            "trade_id": "7d297559-17a3-44d5-9e67-532bba30d73f",
            "ticker": "KXHIGHMIA-25MAR03-B76.5",
            "count": 11,
            "created_time": "2025-03-03T04:06:52.81907Z",
            "yes_price": 23,
            "no_price": 77,
            "taker_side": "yes"
        },
        {
            "trade_id": "6b5e8fd2-8e72-4621-a8a4-22dfd185b35b",
            "ticker": "KXHIGHMIA-25MAR03-B76.5",
            "count": 99,
            "created_time": "2025-03-03T04:06:52.81907Z",
            "yes_price": 21,
            "no_price": 79,
            "taker_side": "yes"
        },
        {
            "trade_id": "2c0660b3-376e-481a-ba6c-32022738013c",
            "ticker": "KXHIGHMIA-25MAR03-B76.5",
            "count": 16,
            "created_time": "2025-03-03T04:06:52.81907Z",
            "yes_price": 19,
            "no_price": 81,
            "taker_side": "yes"
        },
        {
            "trade_id": "2be6277e-c8b3-48ea-afb3-9c5626e51aef",
            "ticker": "KXHIGHMIA-25MAR03-B76.5",
            "count": 50,
            "created_time": "2025-03-03T04:06:52.81907Z",
            "yes_price": 22,
            "no_price": 78,
            "taker_side": "yes"
        },
        {
            "trade_id": "d4098c37-9217-413a-bc6d-fee80eb6c487",
            "ticker": "KXHIGHMIA-25MAR03-B76.5",
            "count": 49,
            "created_time": "2025-03-03T03:59:13.851098Z",
            "yes_price": 19,
            "no_price": 81,
            "taker_side": "yes"
        },
        {
            "trade_id": "66444ebd-bbc4-49f0-8646-9c7ba3f92650",
            "ticker": "KXHIGHMIA-25MAR03-B76.5",
            "count": 219,
            "created_time": "2025-03-03T03:37:41.098049Z",
            "yes_price": 19,
            "no_price": 81,
            "taker_side": "yes"
        },
        {
            "trade_id": "624fd66c-af23-4b06-96f8-c5c12138c39d",
            "ticker": "KXHIGHMIA-25MAR03-B76.5",
            "count": 12,
            "created_time": "2025-03-03T03:37:41.098049Z",
            "yes_price": 18,
            "no_price": 82,
            "taker_side": "yes"
        },
        {
            "trade_id": "3d15fc5c-5af0-4916-bdac-abee9626bf35",
            "ticker": "KXHIGHMIA-25MAR03-B76.5",
            "count": 1,
            "created_time": "2025-03-03T03:37:41.098049Z",
            "yes_price": 18,
            "no_price": 82,
            "taker_side": "yes"
        },
        {
            "trade_id": "1124829d-a587-4721-b299-e1fa70fe16fa",
            "ticker": "KXHIGHMIA-25MAR03-B76.5",
            "count": 19,
            "created_time": "2025-03-03T03:37:41.098049Z",
            "yes_price": 17,
            "no_price": 83,
            "taker_side": "yes"
        },
        {
            "trade_id": "3f4f4901-1234-44ae-9f2b-c84c34cd97f9",
            "ticker": "KXHIGHMIA-25MAR03-B76.5",
            "count": 1,
            "created_time": "2025-03-03T03:35:04.072247Z",
            "yes_price": 12,
            "no_price": 88,
            "taker_side": "no"
        },
        {
            "trade_id": "2d55183d-05c9-42da-9c35-7b56106ca411",
            "ticker": "KXHIGHMIA-25MAR03-B76.5",
            "count": 10,
            "created_time": "2025-03-03T03:35:04.072247Z",
            "yes_price": 12,
            "no_price": 88,
            "taker_side": "no"
        },
        {
            "trade_id": "34bdbcfb-fca4-41d4-9867-59ba81132d25",
            "ticker": "KXHIGHMIA-25MAR03-B76.5",
            "count": 48,
            "created_time": "2025-03-03T03:33:15.746346Z",
            "yes_price": 12,
            "no_price": 88,
            "taker_side": "no"
        },
        {
            "trade_id": "24d2c7b0-cb41-4a43-9e8d-485943a841cd",
            "ticker": "KXHIGHMIA-25MAR03-B76.5",
            "count": 2,
            "created_time": "2025-03-03T03:28:09.963812Z",
            "yes_price": 13,
            "no_price": 87,
            "taker_side": "no"
        },
        {
            "trade_id": "18ddaf39-f3bc-43f6-b362-552f754a909c",
            "ticker": "KXHIGHMIA-25MAR03-B76.5",
            "count": 15,
            "created_time": "2025-03-03T03:22:57.373446Z",
            "yes_price": 13,
            "no_price": 87,
            "taker_side": "no"
        },
        {
            "trade_id": "f0d5cc46-3048-4cdb-9ec1-10db2b791227",
            "ticker": "KXHIGHMIA-25MAR03-B76.5",
            "count": 11,
            "created_time": "2025-03-03T03:20:27.790346Z",
            "yes_price": 13,
            "no_price": 87,
            "taker_side": "no"
        },
        {
            "trade_id": "cc409d03-f5f6-44ed-a0fd-7a9c7a92d50e",
            "ticker": "KXHIGHMIA-25MAR03-B76.5",
            "count": 86,
            "created_time": "2025-03-03T03:20:27.790346Z",
            "yes_price": 13,
            "no_price": 87,
            "taker_side": "no"
        },
        {
            "trade_id": "f64a7fd6-3c8a-4324-8cb0-b4c23e33acc6",
            "ticker": "KXHIGHMIA-25MAR03-B76.5",
            "count": 10,
            "created_time": "2025-03-03T03:09:28.379121Z",
            "yes_price": 15,
            "no_price": 85,
            "taker_side": "yes"
        },
        {
            "trade_id": "9d3ab220-a80f-4154-8547-8b2314a87428",
            "ticker": "KXHIGHMIA-25MAR03-B76.5",
            "count": 25,
            "created_time": "2025-03-03T03:07:31.964225Z",
            "yes_price": 15,
            "no_price": 85,
            "taker_side": "yes"
        },
        {
            "trade_id": "99cef33d-760b-405c-872b-12d78ee39282",
            "ticker": "KXHIGHMIA-25MAR03-B76.5",
            "count": 12,
            "created_time": "2025-03-03T02:32:33.245249Z",
            "yes_price": 18,
            "no_price": 82,
            "taker_side": "yes"
        },
        {
            "trade_id": "98cd33ef-6873-4213-a77d-62c81b59a0da",
            "ticker": "KXHIGHMIA-25MAR03-B76.5",
            "count": 34,
            "created_time": "2025-03-03T02:32:33.245249Z",
            "yes_price": 19,
            "no_price": 81,
            "taker_side": "yes"
        },
        {
            "trade_id": "8a9dfc4c-4850-44cf-b1f3-81ab28cb5bdc",
            "ticker": "KXHIGHMIA-25MAR03-B76.5",
            "count": 4,
            "created_time": "2025-03-03T02:32:33.245249Z",
            "yes_price": 17,
            "no_price": 83,
            "taker_side": "yes"
        },
        {
            "trade_id": "fbcfbd7a-a731-4dd5-897d-da826bebc5a2",
            "ticker": "KXHIGHMIA-25MAR03-B76.5",
            "count": 25,
            "created_time": "2025-03-03T02:31:29.127227Z",
            "yes_price": 10,
            "no_price": 90,
            "taker_side": "no"
        },
        {
            "trade_id": "e76ea4b7-b817-4bfc-b439-ec6e3309b2e0",
            "ticker": "KXHIGHMIA-25MAR03-B76.5",
            "count": 21,
            "created_time": "2025-03-03T02:31:29.127227Z",
            "yes_price": 10,
            "no_price": 90,
            "taker_side": "no"
        },
        {
            "trade_id": "2f61a659-e528-4813-a5ed-5298cd35596b",
            "ticker": "KXHIGHMIA-25MAR03-B76.5",
            "count": 1,
            "created_time": "2025-03-03T02:31:29.127227Z",
            "yes_price": 10,
            "no_price": 90,
            "taker_side": "no"
        },
        {
            "trade_id": "09f0dc4f-3856-4249-91ca-7f854b66c898",
            "ticker": "KXHIGHMIA-25MAR03-B76.5",
            "count": 38,
            "created_time": "2025-03-03T02:27:47.194036Z",
            "yes_price": 12,
            "no_price": 88,
            "taker_side": "no"
        },
        {
            "trade_id": "0292e96b-74b6-482f-898c-29ccfb406125",
            "ticker": "KXHIGHMIA-25MAR03-B76.5",
            "count": 9,
            "created_time": "2025-03-03T02:27:47.194036Z",
            "yes_price": 14,
            "no_price": 86,
            "taker_side": "no"
        },
        {
            "trade_id": "082e5c70-3c77-409c-8d50-e4f6d3ef1328",
            "ticker": "KXHIGHMIA-25MAR03-B76.5",
            "count": 50,
            "created_time": "2025-03-03T02:27:36.519524Z",
            "yes_price": 14,
            "no_price": 86,
            "taker_side": "no"
        },
        {
            "trade_id": "c46052be-6c1e-4260-9cbb-95364d03f5f5",
            "ticker": "KXHIGHMIA-25MAR03-B76.5",
            "count": 1,
            "created_time": "2025-03-03T02:27:25.711303Z",
            "yes_price": 14,
            "no_price": 86,
            "taker_side": "no"
        },
        {
            "trade_id": "6c2900df-9dd9-4939-a68d-b3dba4697c41",
            "ticker": "KXHIGHMIA-25MAR03-B76.5",
            "count": 40,
            "created_time": "2025-03-03T02:27:25.711303Z",
            "yes_price": 15,
            "no_price": 85,
            "taker_side": "no"
        },
        {
            "trade_id": "661d3d0c-9708-4813-80f5-67cd07fe56c9",
            "ticker": "KXHIGHMIA-25MAR03-B76.5",
            "count": 9,
            "created_time": "2025-03-03T02:27:25.711303Z",
            "yes_price": 13,
            "no_price": 87,
            "taker_side": "no"
        },
        {
            "trade_id": "95805746-9d6d-427e-bcb0-b5ced1d1eecc",
            "ticker": "KXHIGHMIA-25MAR03-B76.5",
            "count": 50,
            "created_time": "2025-03-03T02:27:13.772456Z",
            "yes_price": 14,
            "no_price": 86,
            "taker_side": "no"
        },
        {
            "trade_id": "89e0731d-6f9a-499d-b96e-e5ef03ae4dcc",
            "ticker": "KXHIGHMIA-25MAR03-B76.5",
            "count": 41,
            "created_time": "2025-03-03T02:26:59.996772Z",
            "yes_price": 15,
            "no_price": 85,
            "taker_side": "no"
        },
        {
            "trade_id": "315a0233-b2b2-4b8e-afa6-b12c88ab15ee",
            "ticker": "KXHIGHMIA-25MAR03-B76.5",
            "count": 9,
            "created_time": "2025-03-03T02:26:59.996772Z",
            "yes_price": 14,
            "no_price": 86,
            "taker_side": "no"
        },
        {
            "trade_id": "631045c3-1c66-4187-8b3d-21d1daf21dee",
            "ticker": "KXHIGHMIA-25MAR03-B76.5",
            "count": 40,
            "created_time": "2025-03-03T02:26:48.374207Z",
            "yes_price": 15,
            "no_price": 85,
            "taker_side": "no"
        },
        {
            "trade_id": "b078ae6b-e6b8-47c1-b612-7948fe4640d5",
            "ticker": "KXHIGHMIA-25MAR03-B76.5",
            "count": 2,
            "created_time": "2025-03-03T02:26:40.22538Z",
            "yes_price": 16,
            "no_price": 84,
            "taker_side": "no"
        },
        {
            "trade_id": "2eb928f7-0e5f-4c5c-99db-9c4b86fc136b",
            "ticker": "KXHIGHMIA-25MAR03-B76.5",
            "count": 38,
            "created_time": "2025-03-03T02:26:40.22538Z",
            "yes_price": 14,
            "no_price": 86,
            "taker_side": "no"
        },
        {
            "trade_id": "d6356d09-f95a-4205-9c3f-e01fdb22d9cf",
            "ticker": "KXHIGHMIA-25MAR03-B76.5",
            "count": 32,
            "created_time": "2025-03-03T02:26:22.598329Z",
            "yes_price": 14,
            "no_price": 86,
            "taker_side": "no"
        },
        {
            "trade_id": "6ae2c0a2-5c23-45d3-a2c5-41da2617e213",
            "ticker": "KXHIGHMIA-25MAR03-B76.5",
            "count": 3,
            "created_time": "2025-03-03T02:26:22.598329Z",
            "yes_price": 16,
            "no_price": 84,
            "taker_side": "no"
        },
        {
            "trade_id": "1e3dbe46-f312-4842-aa82-e40171593f75",
            "ticker": "KXHIGHMIA-25MAR03-B76.5",
            "count": 30,
            "created_time": "2025-03-03T02:26:14.071993Z",
            "yes_price": 16,
            "no_price": 84,
            "taker_side": "no"
        },
        {
            "trade_id": "d562e3d1-37d1-477b-a400-d79dcc46ebe7",
            "ticker": "KXHIGHMIA-25MAR03-B76.5",
            "count": 4,
            "created_time": "2025-03-03T02:26:00.438886Z",
            "yes_price": 16,
            "no_price": 84,
            "taker_side": "no"
        },
        {
            "trade_id": "50e35ef9-5cff-4ea8-bc67-abd666b46583",
            "ticker": "KXHIGHMIA-25MAR03-B76.5",
            "count": 10,
            "created_time": "2025-03-03T02:26:00.438886Z",
            "yes_price": 16,
            "no_price": 84,
            "taker_side": "no"
        },
        {
            "trade_id": "199df7b5-5b9a-432c-8aac-cfe476aa76a3",
            "ticker": "KXHIGHMIA-25MAR03-B76.5",
            "count": 11,
            "created_time": "2025-03-03T02:26:00.438886Z",
            "yes_price": 16,
            "no_price": 84,
            "taker_side": "no"
        },
        {
            "trade_id": "cd4d7270-a076-4c7c-80c7-fc8fd80f8750",
            "ticker": "KXHIGHMIA-25MAR03-B76.5",
            "count": 10,
            "created_time": "2025-03-03T02:20:40.26032Z",
            "yes_price": 21,
            "no_price": 79,
            "taker_side": "yes"
        },
        {
            "trade_id": "c361fa7e-9254-4278-84eb-c4ee8a330563",
            "ticker": "KXHIGHMIA-25MAR03-B76.5",
            "count": 47,
            "created_time": "2025-03-03T02:20:40.26032Z",
            "yes_price": 21,
            "no_price": 79,
            "taker_side": "yes"
        },
        {
            "trade_id": "c2259544-2af6-45cc-8ae4-19e662254b2b",
            "ticker": "KXHIGHMIA-25MAR03-B76.5",
            "count": 28,
            "created_time": "2025-03-03T02:20:40.26032Z",
            "yes_price": 21,
            "no_price": 79,
            "taker_side": "yes"
        },
        {
            "trade_id": "a17f8882-7583-44a5-9bf7-ad12b4147d27",
            "ticker": "KXHIGHMIA-25MAR03-B76.5",
            "count": 35,
            "created_time": "2025-03-03T02:20:40.26032Z",
            "yes_price": 23,
            "no_price": 77,
            "taker_side": "yes"
        },
        {
            "trade_id": "8360acd7-d2f0-45f5-b148-0b693508062e",
            "ticker": "KXHIGHMIA-25MAR03-B76.5",
            "count": 13,
            "created_time": "2025-03-03T02:20:40.26032Z",
            "yes_price": 20,
            "no_price": 80,
            "taker_side": "yes"
        },
        {
            "trade_id": "cf022b98-085a-43bf-af90-7bac22a1abe3",
            "ticker": "KXHIGHMIA-25MAR03-B76.5",
            "count": 23,
            "created_time": "2025-03-03T02:17:23.386684Z",
            "yes_price": 20,
            "no_price": 80,
            "taker_side": "yes"
        },
        {
            "trade_id": "bdd5215e-1f2e-4592-95a7-793b74ff18e1",
            "ticker": "KXHIGHMIA-25MAR03-B76.5",
            "count": 6,
            "created_time": "2025-03-03T02:17:23.386684Z",
            "yes_price": 20,
            "no_price": 80,
            "taker_side": "yes"
        },
        {
            "trade_id": "9af5d043-a15b-40ff-bd98-5a668e0e4c22",
            "ticker": "KXHIGHMIA-25MAR03-B76.5",
            "count": 72,
            "created_time": "2025-03-03T02:17:23.386684Z",
            "yes_price": 22,
            "no_price": 78,
            "taker_side": "yes"
        },
        {
            "trade_id": "612bb9e8-86c0-4824-882d-91a19febe3f3",
            "ticker": "KXHIGHMIA-25MAR03-B76.5",
            "count": 10,
            "created_time": "2025-03-03T02:17:23.386684Z",
            "yes_price": 20,
            "no_price": 80,
            "taker_side": "yes"
        },
        {
            "trade_id": "a4e783dd-47a6-42f1-a783-2736171e0841",
            "ticker": "KXHIGHMIA-25MAR03-B76.5",
            "count": 7,
            "created_time": "2025-03-03T02:00:54.563422Z",
            "yes_price": 21,
            "no_price": 79,
            "taker_side": "yes"
        },
        {
            "trade_id": "5db7db25-8c7f-4279-896b-4e5fdf7721ee",
            "ticker": "KXHIGHMIA-25MAR03-B76.5",
            "count": 13,
            "created_time": "2025-03-03T02:00:54.563422Z",
            "yes_price": 23,
            "no_price": 77,
            "taker_side": "yes"
        },
        {
            "trade_id": "48e8977b-8793-4608-9db6-40e1c6b8eadb",
            "ticker": "KXHIGHMIA-25MAR03-B76.5",
            "count": 1,
            "created_time": "2025-03-03T02:00:54.563422Z",
            "yes_price": 20,
            "no_price": 80,
            "taker_side": "yes"
        },
        {
            "trade_id": "c318769a-5d11-4abd-bfff-00423f329d95",
            "ticker": "KXHIGHMIA-25MAR03-B76.5",
            "count": 2,
            "created_time": "2025-03-03T01:59:54.842628Z",
            "yes_price": 20,
            "no_price": 80,
            "taker_side": "yes"
        },
        {
            "trade_id": "b78af012-20dd-4e79-af60-23847c6ece30",
            "ticker": "KXHIGHMIA-25MAR03-B76.5",
            "count": 114,
            "created_time": "2025-03-03T01:59:54.842628Z",
            "yes_price": 20,
            "no_price": 80,
            "taker_side": "yes"
        },
        {
            "trade_id": "3455fbbb-8c10-4d24-9b61-b8f4ed0c8617",
            "ticker": "KXHIGHMIA-25MAR03-B76.5",
            "count": 99,
            "created_time": "2025-03-03T01:59:54.842628Z",
            "yes_price": 22,
            "no_price": 78,
            "taker_side": "yes"
        },
        {
            "trade_id": "32073c16-9811-4658-aef4-e47d1125921e",
            "ticker": "KXHIGHMIA-25MAR03-B76.5",
            "count": 57,
            "created_time": "2025-03-03T01:59:54.842628Z",
            "yes_price": 21,
            "no_price": 79,
            "taker_side": "yes"
        },
        {
            "trade_id": "2cb2eb70-fb4c-4766-b9dd-47c5a3a9c1bb",
            "ticker": "KXHIGHMIA-25MAR03-B76.5",
            "count": 161,
            "created_time": "2025-03-03T01:59:54.842628Z",
            "yes_price": 22,
            "no_price": 78,
            "taker_side": "yes"
        },
        {
            "trade_id": "172dbe3b-a53e-41e8-97a3-d97548653995",
            "ticker": "KXHIGHMIA-25MAR03-B76.5",
            "count": 11,
            "created_time": "2025-03-03T01:59:54.842628Z",
            "yes_price": 21,
            "no_price": 79,
            "taker_side": "yes"
        },
        {
            "trade_id": "a48a85e1-6584-4dd9-adaa-ea7ecf6be725",
            "ticker": "KXHIGHMIA-25MAR03-B76.5",
            "count": 4,
            "created_time": "2025-03-03T01:56:55.910543Z",
            "yes_price": 19,
            "no_price": 81,
            "taker_side": "yes"
        },
        {
            "trade_id": "8ccc8c22-cfd0-4459-948c-6fe12283c6b3",
            "ticker": "KXHIGHMIA-25MAR03-B76.5",
            "count": 6,
            "created_time": "2025-03-03T01:56:55.910543Z",
            "yes_price": 21,
            "no_price": 79,
            "taker_side": "yes"
        },
        {
            "trade_id": "cdadfa59-8172-4ab8-b14e-08ca883e1a7b",
            "ticker": "KXHIGHMIA-25MAR03-B76.5",
            "count": 5,
            "created_time": "2025-03-03T01:47:00.153107Z",
            "yes_price": 17,
            "no_price": 83,
            "taker_side": "yes"
        },
        {
            "trade_id": "fb66abe9-35ba-4664-8160-6771debcc8d2",
            "ticker": "KXHIGHMIA-25MAR03-B76.5",
            "count": 10,
            "created_time": "2025-03-03T01:34:28.693449Z",
            "yes_price": 13,
            "no_price": 87,
            "taker_side": "yes"
        },
        {
            "trade_id": "3b7f385c-a09d-4070-8345-7e7d89fbfb60",
            "ticker": "KXHIGHMIA-25MAR03-B76.5",
            "count": 87,
            "created_time": "2025-03-03T01:34:28.693449Z",
            "yes_price": 13,
            "no_price": 87,
            "taker_side": "yes"
        },
        {
            "trade_id": "5acf2cf8-ebbb-43a2-93b4-4a1c5620f34e",
            "ticker": "KXHIGHMIA-25MAR03-B76.5",
            "count": 19,
            "created_time": "2025-03-03T01:25:14.089303Z",
            "yes_price": 14,
            "no_price": 86,
            "taker_side": "yes"
        },
        {
            "trade_id": "1dbd960c-300c-47d1-8170-4c435b4453cc",
            "ticker": "KXHIGHMIA-25MAR03-B76.5",
            "count": 15,
            "created_time": "2025-03-03T01:25:14.089303Z",
            "yes_price": 12,
            "no_price": 88,
            "taker_side": "yes"
        },
        {
            "trade_id": "1a4b9dbf-873a-47c7-a3b1-993f8859d397",
            "ticker": "KXHIGHMIA-25MAR03-B76.5",
            "count": 3,
            "created_time": "2025-03-03T01:25:14.089303Z",
            "yes_price": 12,
            "no_price": 88,
            "taker_side": "yes"
        },
        {
            "trade_id": "569bb110-4ae1-4ba5-992e-1953563c7c02",
            "ticker": "KXHIGHMIA-25MAR03-B76.5",
            "count": 23,
            "created_time": "2025-03-03T01:24:02.027027Z",
            "yes_price": 15,
            "no_price": 85,
            "taker_side": "yes"
        },
        {
            "trade_id": "1065ed50-d07b-4a50-af07-eff71b58ef27",
            "ticker": "KXHIGHMIA-25MAR03-B76.5",
            "count": 14,
            "created_time": "2025-03-03T01:24:02.027027Z",
            "yes_price": 13,
            "no_price": 87,
            "taker_side": "yes"
        },
        {
            "trade_id": "fe2582ca-8c89-45f7-b219-caae9e648019",
            "ticker": "KXHIGHMIA-25MAR03-B76.5",
            "count": 5,
            "created_time": "2025-03-03T01:21:41.282379Z",
            "yes_price": 12,
            "no_price": 88,
            "taker_side": "yes"
        },
        {
            "trade_id": "d7e90396-38d5-4f70-8769-052f0908adb1",
            "ticker": "KXHIGHMIA-25MAR03-B76.5",
            "count": 31,
            "created_time": "2025-03-03T01:21:41.282379Z",
            "yes_price": 13,
            "no_price": 87,
            "taker_side": "yes"
        },
        {
            "trade_id": "f04e5c0d-72ca-434d-8b1d-131046a04478",
            "ticker": "KXHIGHMIA-25MAR03-B76.5",
            "count": 12,
            "created_time": "2025-03-03T01:21:23.501144Z",
            "yes_price": 13,
            "no_price": 87,
            "taker_side": "no"
        },
        {
            "trade_id": "7113bf94-8034-4e1d-8762-18682c1f3ff9",
            "ticker": "KXHIGHMIA-25MAR03-B76.5",
            "count": 1,
            "created_time": "2025-03-03T01:21:23.501144Z",
            "yes_price": 13,
            "no_price": 87,
            "taker_side": "no"
        },
        {
            "trade_id": "6f77ac7e-4a04-4523-902d-c5968ceb0147",
            "ticker": "KXHIGHMIA-25MAR03-B76.5",
            "count": 13,
            "created_time": "2025-03-03T01:21:23.501144Z",
            "yes_price": 13,
            "no_price": 87,
            "taker_side": "no"
        },
        {
            "trade_id": "5e0c2aba-e6ab-4123-aa87-b9da229d4ec2",
            "ticker": "KXHIGHMIA-25MAR03-B76.5",
            "count": 30,
            "created_time": "2025-03-03T00:38:11.084216Z",
            "yes_price": 14,
            "no_price": 86,
            "taker_side": "yes"
        },
        {
            "trade_id": "d407095d-ec06-4ec3-bfc3-457958c41756",
            "ticker": "KXHIGHMIA-25MAR03-B76.5",
            "count": 40,
            "created_time": "2025-03-03T00:30:39.380227Z",
            "yes_price": 17,
            "no_price": 83,
            "taker_side": "yes"
        },
        {
            "trade_id": "946a4e78-166f-4a2d-a2fe-841f1f9ae806",
            "ticker": "KXHIGHMIA-25MAR03-B76.5",
            "count": 33,
            "created_time": "2025-03-03T00:30:39.380227Z",
            "yes_price": 18,
            "no_price": 82,
            "taker_side": "yes"
        },
        {
            "trade_id": "785a703b-6e6b-4ac6-9252-d9c958710486",
            "ticker": "KXHIGHMIA-25MAR03-B76.5",
            "count": 2,
            "created_time": "2025-03-03T00:30:39.380227Z",
            "yes_price": 17,
            "no_price": 83,
            "taker_side": "yes"
        },
        {
            "trade_id": "d3737248-3ad0-4894-87ae-15363b5010bc",
            "ticker": "KXHIGHMIA-25MAR03-B76.5",
            "count": 2,
            "created_time": "2025-03-02T23:48:19.465539Z",
            "yes_price": 7,
            "no_price": 93,
            "taker_side": "no"
        },
        {
            "trade_id": "bac6cb5c-7881-48e3-ab6f-b4b49d1bdc6a",
            "ticker": "KXHIGHMIA-25MAR03-B76.5",
            "count": 250,
            "created_time": "2025-03-02T23:48:19.465539Z",
            "yes_price": 6,
            "no_price": 94,
            "taker_side": "no"
        },
        {
            "trade_id": "31873a7d-13c2-415f-bc58-985315045a1d",
            "ticker": "KXHIGHMIA-25MAR03-B76.5",
            "count": 57,
            "created_time": "2025-03-02T23:48:19.465539Z",
            "yes_price": 7,
            "no_price": 93,
            "taker_side": "no"
        },
        {
            "trade_id": "e6c99c67-efc0-4341-ae81-1abd10a31959",
            "ticker": "KXHIGHMIA-25MAR03-B76.5",
            "count": 2,
            "created_time": "2025-03-02T23:47:31.387154Z",
            "yes_price": 8,
            "no_price": 92,
            "taker_side": "no"
        },
        {
            "trade_id": "7ecf5241-6cd7-4697-ac4b-f03e0e0dec46",
            "ticker": "KXHIGHMIA-25MAR03-B76.5",
            "count": 43,
            "created_time": "2025-03-02T23:47:31.387154Z",
            "yes_price": 7,
            "no_price": 93,
            "taker_side": "no"
        },
        {
            "trade_id": "275a4552-f468-43ea-9c97-d6a2a7034d3d",
            "ticker": "KXHIGHMIA-25MAR03-B76.5",
            "count": 28,
            "created_time": "2025-03-02T23:46:59.690455Z",
            "yes_price": 7,
            "no_price": 93,
            "taker_side": "no"
        },
        {
            "trade_id": "4e669ec7-baff-4af5-bf99-231a59f556aa",
            "ticker": "KXHIGHMIA-25MAR03-B76.5",
            "count": 25,
            "created_time": "2025-03-02T23:46:36.287512Z",
            "yes_price": 8,
            "no_price": 92,
            "taker_side": "no"
        },
        {
            "trade_id": "ddd6a3b9-d663-479c-b7b0-229415d78b49",
            "ticker": "KXHIGHMIA-25MAR03-B76.5",
            "count": 118,
            "created_time": "2025-03-02T23:45:55.398424Z",
            "yes_price": 9,
            "no_price": 91,
            "taker_side": "no"
        },
        {
            "trade_id": "db82a322-45d3-4987-94a8-159743cedbf5",
            "ticker": "KXHIGHMIA-25MAR03-B76.5",
            "count": 83,
            "created_time": "2025-03-02T23:45:55.398424Z",
            "yes_price": 8,
            "no_price": 92,
            "taker_side": "no"
        },
        {
            "trade_id": "68ac2167-17f2-4b8e-9c3e-1ad16e7f1cdc",
            "ticker": "KXHIGHMIA-25MAR03-B76.5",
            "count": 25,
            "created_time": "2025-03-02T23:45:55.398424Z",
            "yes_price": 10,
            "no_price": 90,
            "taker_side": "no"
        },
        {
            "trade_id": "3639e4c9-03d6-4f3a-abf0-a161908463d1",
            "ticker": "KXHIGHMIA-25MAR03-B76.5",
            "count": 150,
            "created_time": "2025-03-02T23:45:55.398424Z",
            "yes_price": 8,
            "no_price": 92,
            "taker_side": "no"
        },
        {
            "trade_id": "fcbac345-388e-4643-b6e3-4158acbe1fb3",
            "ticker": "KXHIGHMIA-25MAR03-B76.5",
            "count": 2,
            "created_time": "2025-03-02T23:17:52.039127Z",
            "yes_price": 17,
            "no_price": 83,
            "taker_side": "yes"
        },
        {
            "trade_id": "d8fbc74f-aa12-473e-809e-63af60d466d7",
            "ticker": "KXHIGHMIA-25MAR03-B76.5",
            "count": 50,
            "created_time": "2025-03-02T23:17:52.039127Z",
            "yes_price": 14,
            "no_price": 86,
            "taker_side": "yes"
        },
        {
            "trade_id": "1568aef1-75bd-4a3d-b263-dd64d5d3c00b",
            "ticker": "KXHIGHMIA-25MAR03-B76.5",
            "count": 25,
            "created_time": "2025-03-02T23:17:52.039127Z",
            "yes_price": 13,
            "no_price": 87,
            "taker_side": "yes"
        },
        {
            "trade_id": "02c2ddb9-a9ef-4b8e-a790-6423176abd73",
            "ticker": "KXHIGHMIA-25MAR03-B76.5",
            "count": 90,
            "created_time": "2025-03-02T23:17:52.039127Z",
            "yes_price": 15,
            "no_price": 85,
            "taker_side": "yes"
        },
        {
            "trade_id": "f2b2ab31-d22f-4f85-9800-1250a2cce386",
            "ticker": "KXHIGHMIA-25MAR03-B76.5",
            "count": 8,
            "created_time": "2025-03-02T22:27:00.642717Z",
            "yes_price": 13,
            "no_price": 87,
            "taker_side": "yes"
        },
        {
            "trade_id": "e47fff3a-5e28-4891-b08f-49a641e32ab1",
            "ticker": "KXHIGHMIA-25MAR03-B76.5",
            "count": 1,
            "created_time": "2025-03-02T22:27:00.642717Z",
            "yes_price": 13,
            "no_price": 87,
            "taker_side": "yes"
        },
        {
            "trade_id": "cfe77ce8-3588-4e4e-a78b-8c67fab4fde4",
            "ticker": "KXHIGHMIA-25MAR03-B76.5",
            "count": 75,
            "created_time": "2025-03-02T22:20:49.657071Z",
            "yes_price": 10,
            "no_price": 90,
            "taker_side": "no"
        },
        {
            "trade_id": "35716fcb-b681-44b8-bca6-db13b6d91d17",
            "ticker": "KXHIGHMIA-25MAR03-B76.5",
            "count": 92,
            "created_time": "2025-03-02T22:20:49.657071Z",
            "yes_price": 12,
            "no_price": 88,
            "taker_side": "no"
        },
        {
            "trade_id": "be091c9f-e141-45c0-8e89-6f93d23bc2de",
            "ticker": "KXHIGHMIA-25MAR03-B76.5",
            "count": 24,
            "created_time": "2025-03-02T21:52:45.704746Z",
            "yes_price": 15,
            "no_price": 85,
            "taker_side": "yes"
        },
        {
            "trade_id": "068e82f3-7642-4c90-bb8b-2ad454efe241",
            "ticker": "KXHIGHMIA-25MAR03-B76.5",
            "count": 49,
            "created_time": "2025-03-02T21:52:45.704746Z",
            "yes_price": 13,
            "no_price": 87,
            "taker_side": "yes"
        },
        {
            "trade_id": "7f1095d7-567f-4ba2-ada8-404fc9762db7",
            "ticker": "KXHIGHMIA-25MAR03-B76.5",
            "count": 33,
            "created_time": "2025-03-02T21:33:05.704167Z",
            "yes_price": 19,
            "no_price": 81,
            "taker_side": "yes"
        },
        {
            "trade_id": "2baaa9fc-7e18-409f-992a-c07960984d9b",
            "ticker": "KXHIGHMIA-25MAR03-B76.5",
            "count": 34,
            "created_time": "2025-03-02T21:33:05.704167Z",
            "yes_price": 17,
            "no_price": 83,
            "taker_side": "yes"
        },
        {
            "trade_id": "16836238-43fb-45be-9e8f-e51ab44713a6",
            "ticker": "KXHIGHMIA-25MAR03-B76.5",
            "count": 61,
            "created_time": "2025-03-02T21:33:05.704167Z",
            "yes_price": 19,
            "no_price": 81,
            "taker_side": "yes"
        },
        {
            "trade_id": "baae9d51-4e19-4d3a-9245-8b65221d07d2",
            "ticker": "KXHIGHMIA-25MAR03-B76.5",
            "count": 2,
            "created_time": "2025-03-02T21:03:26.889507Z",
            "yes_price": 15,
            "no_price": 85,
            "taker_side": "yes"
        },
        {
            "trade_id": "22e53dcc-38ac-470e-b820-85cd579edb7d",
            "ticker": "KXHIGHMIA-25MAR03-B76.5",
            "count": 1,
            "created_time": "2025-03-02T21:00:28.401099Z",
            "yes_price": 12,
            "no_price": 88,
            "taker_side": "no"
        },
        {
            "trade_id": "1dc15932-442c-478b-8877-205675b631cf",
            "ticker": "KXHIGHMIA-25MAR03-B76.5",
            "count": 14,
            "created_time": "2025-03-02T20:57:24.478949Z",
            "yes_price": 12,
            "no_price": 88,
            "taker_side": "no"
        },
        {
            "trade_id": "380bafe3-569a-4988-a6ba-f08e0e996105",
            "ticker": "KXHIGHMIA-25MAR03-B76.5",
            "count": 5,
            "created_time": "2025-03-02T20:36:23.627665Z",
            "yes_price": 12,
            "no_price": 88,
            "taker_side": "no"
        },
        {
            "trade_id": "63f46adc-1f15-4f85-864a-31db5ce2b0e2",
            "ticker": "KXHIGHMIA-25MAR03-B76.5",
            "count": 5,
            "created_time": "2025-03-02T20:33:23.131126Z",
            "yes_price": 12,
            "no_price": 88,
            "taker_side": "no"
        },
        {
            "trade_id": "99a8a2ac-da99-45b7-9a00-f9ec9e196286",
            "ticker": "KXHIGHMIA-25MAR03-B76.5",
            "count": 3,
            "created_time": "2025-03-02T20:30:28.893669Z",
            "yes_price": 12,
            "no_price": 88,
            "taker_side": "no"
        },
        {
            "trade_id": "a727e852-9cdb-41f2-899c-c7fe87347185",
            "ticker": "KXHIGHMIA-25MAR03-B76.5",
            "count": 30,
            "created_time": "2025-03-02T20:27:28.707991Z",
            "yes_price": 12,
            "no_price": 88,
            "taker_side": "no"
        },
        {
            "trade_id": "234e6548-a31c-4566-b1cb-1c76ec6e780b",
            "ticker": "KXHIGHMIA-25MAR03-B76.5",
            "count": 13,
            "created_time": "2025-03-02T20:24:23.31599Z",
            "yes_price": 15,
            "no_price": 85,
            "taker_side": "no"
        },
        {
            "trade_id": "98b16523-3371-4980-b30b-250393fe80a4",
            "ticker": "KXHIGHMIA-25MAR03-B76.5",
            "count": 49,
            "created_time": "2025-03-02T20:21:27.353688Z",
            "yes_price": 15,
            "no_price": 85,
            "taker_side": "no"
        },
        {
            "trade_id": "d82e1ed3-9f32-4754-b71d-19b0ab029db0",
            "ticker": "KXHIGHMIA-25MAR03-B76.5",
            "count": 38,
            "created_time": "2025-03-02T19:48:21.677891Z",
            "yes_price": 15,
            "no_price": 85,
            "taker_side": "no"
        },
        {
            "trade_id": "5746296a-4374-4d49-915e-cfbb2b61810d",
            "ticker": "KXHIGHMIA-25MAR03-B76.5",
            "count": 1,
            "created_time": "2025-03-02T17:30:26.005593Z",
            "yes_price": 16,
            "no_price": 84,
            "taker_side": "no"
        }
    ],
    "KXHIGHMIA-25MAR03-B78.5": [
        {
            "trade_id": "b88ce58a-652b-4667-a3bb-bcb938af9eb7",
            "ticker": "KXHIGHMIA-25MAR03-B78.5",
            "count": 187,
            "created_time": "2025-03-04T04:16:56.720867Z",
            "yes_price": 1,
            "no_price": 99,
            "taker_side": "yes"
        },
        {
            "trade_id": "80cb14a1-04e0-4423-a1a5-1ccc07d74ae1",
            "ticker": "KXHIGHMIA-25MAR03-B78.5",
            "count": 1,
            "created_time": "2025-03-03T20:17:20.997518Z",
            "yes_price": 1,
            "no_price": 99,
            "taker_side": "yes"
        },
        {
            "trade_id": "e30ad1cd-2e44-4aac-b55b-e3dd9b105860",
            "ticker": "KXHIGHMIA-25MAR03-B78.5",
            "count": 50,
            "created_time": "2025-03-03T19:23:48.792944Z",
            "yes_price": 1,
            "no_price": 99,
            "taker_side": "yes"
        },
        {
            "trade_id": "ea11b999-7439-4cf2-940d-33a5ef25afec",
            "ticker": "KXHIGHMIA-25MAR03-B78.5",
            "count": 64,
            "created_time": "2025-03-03T19:00:46.595142Z",
            "yes_price": 1,
            "no_price": 99,
            "taker_side": "yes"
        },
        {
            "trade_id": "a82c074e-89e2-491f-a3c2-e04843b488be",
            "ticker": "KXHIGHMIA-25MAR03-B78.5",
            "count": 100,
            "created_time": "2025-03-03T18:55:40.843418Z",
            "yes_price": 1,
            "no_price": 99,
            "taker_side": "yes"
        },
        {
            "trade_id": "11246afe-2877-4875-aec5-9a6aac850446",
            "ticker": "KXHIGHMIA-25MAR03-B78.5",
            "count": 900,
            "created_time": "2025-03-03T18:44:09.352184Z",
            "yes_price": 1,
            "no_price": 99,
            "taker_side": "yes"
        },
        {
            "trade_id": "f9e9cacb-2b22-49ea-9cdf-1f54d8e7ba7c",
            "ticker": "KXHIGHMIA-25MAR03-B78.5",
            "count": 100,
            "created_time": "2025-03-03T18:44:01.635887Z",
            "yes_price": 1,
            "no_price": 99,
            "taker_side": "yes"
        },
        {
            "trade_id": "d0f8b0c1-a48a-4263-a5ea-d523437f4a87",
            "ticker": "KXHIGHMIA-25MAR03-B78.5",
            "count": 1870,
            "created_time": "2025-03-03T18:29:04.452254Z",
            "yes_price": 1,
            "no_price": 99,
            "taker_side": "yes"
        },
        {
            "trade_id": "f91da811-b3ab-4d8d-9e58-d71c19f39a5f",
            "ticker": "KXHIGHMIA-25MAR03-B78.5",
            "count": 6500,
            "created_time": "2025-03-03T18:25:44.432428Z",
            "yes_price": 1,
            "no_price": 99,
            "taker_side": "yes"
        },
        {
            "trade_id": "70ba0c4e-475c-4382-a53e-21439b0ef654",
            "ticker": "KXHIGHMIA-25MAR03-B78.5",
            "count": 600,
            "created_time": "2025-03-03T18:25:44.432428Z",
            "yes_price": 1,
            "no_price": 99,
            "taker_side": "yes"
        },
        {
            "trade_id": "3e04dfe5-a104-4fbe-994b-8b9f3e080a6f",
            "ticker": "KXHIGHMIA-25MAR03-B78.5",
            "count": 1000,
            "created_time": "2025-03-03T18:25:44.432428Z",
            "yes_price": 1,
            "no_price": 99,
            "taker_side": "yes"
        },
        {
            "trade_id": "2adb24b8-d0b1-4a1d-a953-e3723adefad4",
            "ticker": "KXHIGHMIA-25MAR03-B78.5",
            "count": 1062,
            "created_time": "2025-03-03T18:25:44.432428Z",
            "yes_price": 1,
            "no_price": 99,
            "taker_side": "yes"
        },
        {
            "trade_id": "5e2a7330-0f6d-4053-97b7-8c834c3cd1d9",
            "ticker": "KXHIGHMIA-25MAR03-B78.5",
            "count": 14,
            "created_time": "2025-03-03T18:20:50.912019Z",
            "yes_price": 1,
            "no_price": 99,
            "taker_side": "yes"
        },
        {
            "trade_id": "0dbce72e-97d1-475b-be8d-fbc793801710",
            "ticker": "KXHIGHMIA-25MAR03-B78.5",
            "count": 300,
            "created_time": "2025-03-03T18:07:48.982981Z",
            "yes_price": 1,
            "no_price": 99,
            "taker_side": "yes"
        },
        {
            "trade_id": "5909e880-45be-4948-a95b-4e7b80357a1d",
            "ticker": "KXHIGHMIA-25MAR03-B78.5",
            "count": 692,
            "created_time": "2025-03-03T18:00:28.887425Z",
            "yes_price": 1,
            "no_price": 99,
            "taker_side": "yes"
        },
        {
            "trade_id": "0326020b-ca04-461a-b4ef-390af44256ff",
            "ticker": "KXHIGHMIA-25MAR03-B78.5",
            "count": 20,
            "created_time": "2025-03-03T17:57:11.576239Z",
            "yes_price": 1,
            "no_price": 99,
            "taker_side": "yes"
        },
        {
            "trade_id": "e278de30-498d-4c70-bba9-7c59d1a429d2",
            "ticker": "KXHIGHMIA-25MAR03-B78.5",
            "count": 2886,
            "created_time": "2025-03-03T17:55:27.440431Z",
            "yes_price": 1,
            "no_price": 99,
            "taker_side": "yes"
        },
        {
            "trade_id": "6369b613-51fe-4eb2-9bb4-7e85740dfde4",
            "ticker": "KXHIGHMIA-25MAR03-B78.5",
            "count": 500,
            "created_time": "2025-03-03T17:51:14.681499Z",
            "yes_price": 1,
            "no_price": 99,
            "taker_side": "yes"
        },
        {
            "trade_id": "668dc1f8-67f3-448a-8a22-df27eeb5e701",
            "ticker": "KXHIGHMIA-25MAR03-B78.5",
            "count": 93,
            "created_time": "2025-03-03T17:50:39.651843Z",
            "yes_price": 1,
            "no_price": 99,
            "taker_side": "yes"
        },
        {
            "trade_id": "a6fff0d5-c0ad-4723-84ec-930418154165",
            "ticker": "KXHIGHMIA-25MAR03-B78.5",
            "count": 30,
            "created_time": "2025-03-03T17:50:02.031609Z",
            "yes_price": 1,
            "no_price": 99,
            "taker_side": "yes"
        },
        {
            "trade_id": "d4227522-f83b-4435-bce5-64eef4336299",
            "ticker": "KXHIGHMIA-25MAR03-B78.5",
            "count": 100,
            "created_time": "2025-03-03T17:47:07.425276Z",
            "yes_price": 1,
            "no_price": 99,
            "taker_side": "yes"
        },
        {
            "trade_id": "f31cab62-ec45-4774-9694-1be132e064ff",
            "ticker": "KXHIGHMIA-25MAR03-B78.5",
            "count": 935,
            "created_time": "2025-03-03T17:46:37.464829Z",
            "yes_price": 1,
            "no_price": 99,
            "taker_side": "yes"
        },
        {
            "trade_id": "5aefdd44-0088-442a-acca-a2393da09e1b",
            "ticker": "KXHIGHMIA-25MAR03-B78.5",
            "count": 187,
            "created_time": "2025-03-03T17:45:51.135763Z",
            "yes_price": 1,
            "no_price": 99,
            "taker_side": "yes"
        },
        {
            "trade_id": "e32fb9c9-db42-44e9-8755-b582ace6b632",
            "ticker": "KXHIGHMIA-25MAR03-B78.5",
            "count": 100,
            "created_time": "2025-03-03T17:45:37.392373Z",
            "yes_price": 1,
            "no_price": 99,
            "taker_side": "yes"
        },
        {
            "trade_id": "b2eade7d-9203-49d7-b203-a80d83b3d80a",
            "ticker": "KXHIGHMIA-25MAR03-B78.5",
            "count": 43,
            "created_time": "2025-03-03T17:42:57.770602Z",
            "yes_price": 1,
            "no_price": 99,
            "taker_side": "no"
        },
        {
            "trade_id": "8d6594f6-4491-40ef-83bb-f40709fd6a95",
            "ticker": "KXHIGHMIA-25MAR03-B78.5",
            "count": 156,
            "created_time": "2025-03-03T17:42:00.779501Z",
            "yes_price": 3,
            "no_price": 97,
            "taker_side": "yes"
        },
        {
            "trade_id": "a00ceae8-8796-4894-8142-77c50acb63d6",
            "ticker": "KXHIGHMIA-25MAR03-B78.5",
            "count": 300,
            "created_time": "2025-03-03T17:37:46.302927Z",
            "yes_price": 2,
            "no_price": 98,
            "taker_side": "no"
        },
        {
            "trade_id": "85d26c4c-3f7f-48bc-bdc3-ef92378f27bf",
            "ticker": "KXHIGHMIA-25MAR03-B78.5",
            "count": 100,
            "created_time": "2025-03-03T17:37:46.302927Z",
            "yes_price": 1,
            "no_price": 99,
            "taker_side": "no"
        },
        {
            "trade_id": "555609bf-8e26-45e1-9528-bbfed5885c2b",
            "ticker": "KXHIGHMIA-25MAR03-B78.5",
            "count": 57,
            "created_time": "2025-03-03T17:37:46.302927Z",
            "yes_price": 1,
            "no_price": 99,
            "taker_side": "no"
        },
        {
            "trade_id": "2ffd8d30-8b22-44fc-8d9e-2c5ece48b448",
            "ticker": "KXHIGHMIA-25MAR03-B78.5",
            "count": 100,
            "created_time": "2025-03-03T17:37:46.302927Z",
            "yes_price": 2,
            "no_price": 98,
            "taker_side": "no"
        },
        {
            "trade_id": "1ee958d0-db20-4c45-8c3c-8250e436b62a",
            "ticker": "KXHIGHMIA-25MAR03-B78.5",
            "count": 300,
            "created_time": "2025-03-03T17:37:46.302927Z",
            "yes_price": 1,
            "no_price": 99,
            "taker_side": "no"
        },
        {
            "trade_id": "9c8b3d5a-3d3a-4017-b49b-2d778a18e9cb",
            "ticker": "KXHIGHMIA-25MAR03-B78.5",
            "count": 187,
            "created_time": "2025-03-03T17:34:42.28848Z",
            "yes_price": 4,
            "no_price": 96,
            "taker_side": "yes"
        },
        {
            "trade_id": "8d09a1af-0070-4e8b-b8bd-ba847754ce14",
            "ticker": "KXHIGHMIA-25MAR03-B78.5",
            "count": 400,
            "created_time": "2025-03-03T17:34:15.657166Z",
            "yes_price": 4,
            "no_price": 96,
            "taker_side": "yes"
        },
        {
            "trade_id": "dcb157e0-5c82-46a8-b0e0-3b01504d4d41",
            "ticker": "KXHIGHMIA-25MAR03-B78.5",
            "count": 88,
            "created_time": "2025-03-03T17:33:59.510155Z",
            "yes_price": 4,
            "no_price": 96,
            "taker_side": "yes"
        },
        {
            "trade_id": "a74fff0a-2128-4b09-8662-3c9ea29b4247",
            "ticker": "KXHIGHMIA-25MAR03-B78.5",
            "count": 70,
            "created_time": "2025-03-03T17:32:03.296582Z",
            "yes_price": 4,
            "no_price": 96,
            "taker_side": "yes"
        },
        {
