{
    "KXHIGHMIA-25APR19-T78": [
        {
            "trade_id": "a68348a0-8d71-4785-82a9-eb6288b72895",
            "ticker": "KXHIGHMIA-25APR19-T78",
            "count": 100,
            "created_time": "2025-04-19T00:01:16.427463Z",
            "yes_price": 1,
            "no_price": 99,
            "taker_side": "yes"
        },
        {
            "trade_id": "31c0461d-c5e1-4a6b-9d8c-67b943d19de7",
            "ticker": "KXHIGHMIA-25APR19-T78",
            "count": 100,
            "created_time": "2025-04-18T21:36:20.906804Z",
            "yes_price": 1,
            "no_price": 99,
            "taker_side": "yes"
        },
        {
            "trade_id": "ef26364c-31ef-4461-943d-ca67ed383f7d",
            "ticker": "KXHIGHMIA-25APR19-T78",
            "count": 5,
            "created_time": "2025-04-18T18:02:49.899823Z",
            "yes_price": 5,
            "no_price": 95,
            "taker_side": "yes"
        }
    ],
    "KXHIGHMIA-25APR19-B78.5": [
        {
            "trade_id": "f9efb150-b1e3-47ef-9466-4c5b432b096f",
            "ticker": "KXHIGHMIA-25APR19-B78.5",
            "count": 300,
            "created_time": "2025-04-19T13:26:19.818778Z",
            "yes_price": 4,
            "no_price": 96,
            "taker_side": "yes"
        },
        {
            "trade_id": "b3fc9f0e-400f-4276-aa20-a5b11af1a081",
            "ticker": "KXHIGHMIA-25APR19-B78.5",
            "count": 10,
            "created_time": "2025-04-19T13:26:19.818778Z",
            "yes_price": 5,
            "no_price": 95,
            "taker_side": "yes"
        },
        {
            "trade_id": "08b70d8b-a8f8-4177-8d6e-166751f84f76",
            "ticker": "KXHIGHMIA-25APR19-B78.5",
            "count": 50,
            "created_time": "2025-04-19T13:26:19.818778Z",
            "yes_price": 3,
            "no_price": 97,
            "taker_side": "yes"
        },
        {
            "trade_id": "3929f50d-c3ee-44db-8b54-365032ad9b7b",
            "ticker": "KXHIGHMIA-25APR19-B78.5",
            "count": 6,
            "created_time": "2025-04-19T12:59:57.696072Z",
            "yes_price": 3,
            "no_price": 97,
            "taker_side": "no"
        },
        {
            "trade_id": "90c2bb77-1f79-4401-8c0e-63386cdbf2f1",
            "ticker": "KXHIGHMIA-25APR19-B78.5",
            "count": 50,
            "created_time": "2025-04-19T12:32:51.19901Z",
            "yes_price": 3,
            "no_price": 97,
            "taker_side": "yes"
        },
        {
            "trade_id": "9bd20645-5ce2-4e58-a0cc-17b637ac1113",
            "ticker": "KXHIGHMIA-25APR19-B78.5",
            "count": 41,
            "created_time": "2025-04-18T21:41:31.658594Z",
            "yes_price": 4,
            "no_price": 96,
            "taker_side": "no"
        },
        {
            "trade_id": "0f57ce8e-a946-4910-bbd6-f37a2bb6a5d7",
            "ticker": "KXHIGHMIA-25APR19-B78.5",
            "count": 56,
            "created_time": "2025-04-18T21:37:01.073984Z",
            "yes_price": 5,
            "no_price": 95,
            "taker_side": "yes"
        },
        {
            "trade_id": "d0f8b714-5366-4356-bcc3-ffb9eca38b5b",
            "ticker": "KXHIGHMIA-25APR19-B78.5",
            "count": 50,
            "created_time": "2025-04-18T21:21:49.033527Z",
            "yes_price": 4,
            "no_price": 96,
            "taker_side": "no"
        },
        {
            "trade_id": "6985443f-b21c-4a12-a58f-c66fab7f424e",
            "ticker": "KXHIGHMIA-25APR19-B78.5",
            "count": 77,
            "created_time": "2025-04-18T20:44:41.610946Z",
            "yes_price": 5,
            "no_price": 95,
            "taker_side": "no"
        },
        {
            "trade_id": "db330c46-06bc-41ef-8cb3-854fc5e039d5",
            "ticker": "KXHIGHMIA-25APR19-B78.5",
            "count": 2,
            "created_time": "2025-04-18T20:17:52.734541Z",
            "yes_price": 5,
            "no_price": 95,
            "taker_side": "no"
        },
        {
            "trade_id": "4b82007f-d2e4-4dec-8996-0a07869fdd67",
            "ticker": "KXHIGHMIA-25APR19-B78.5",
            "count": 21,
            "created_time": "2025-04-18T20:10:16.863016Z",
            "yes_price": 5,
            "no_price": 95,
            "taker_side": "yes"
        },
        {
            "trade_id": "5986a463-5361-4a86-82d6-23db327cc6b9",
            "ticker": "KXHIGHMIA-25APR19-B78.5",
            "count": 45,
            "created_time": "2025-04-18T20:00:55.576214Z",
            "yes_price": 5,
            "no_price": 95,
            "taker_side": "yes"
        },
        {
            "trade_id": "01e8e8fb-6011-4f66-aa48-a4c767d87bde",
            "ticker": "KXHIGHMIA-25APR19-B78.5",
            "count": 55,
            "created_time": "2025-04-18T19:28:23.212015Z",
            "yes_price": 5,
            "no_price": 95,
            "taker_side": "yes"
        },
        {
            "trade_id": "468fe41a-f339-41a1-89ff-f93852d717b2",
            "ticker": "KXHIGHMIA-25APR19-B78.5",
            "count": 5,
            "created_time": "2025-04-18T18:02:57.494691Z",
            "yes_price": 5,
            "no_price": 95,
            "taker_side": "yes"
        }
    ],
    "KXHIGHMIA-25APR19-B80.5": [
        {
            "trade_id": "f2b478fa-3a5b-4fdc-b8d9-5f05d90f046e",
            "ticker": "KXHIGHMIA-25APR19-B80.5",
            "count": 176,
            "created_time": "2025-04-19T20:22:42.138824Z",
            "yes_price": 1,
            "no_price": 99,
            "taker_side": "yes"
        },
        {
            "trade_id": "e9535140-aa2d-443c-9a35-6374be0b48ad",
            "ticker": "KXHIGHMIA-25APR19-B80.5",
            "count": 20,
            "created_time": "2025-04-19T16:59:14.864966Z",
            "yes_price": 1,
            "no_price": 99,
            "taker_side": "yes"
        },
        {
            "trade_id": "7b72f4ed-6386-4e82-b456-cd7cabb760df",
            "ticker": "KXHIGHMIA-25APR19-B80.5",
            "count": 93,
            "created_time": "2025-04-19T16:48:21.058029Z",
            "yes_price": 1,
            "no_price": 99,
            "taker_side": "yes"
        },
        {
            "trade_id": "e254c988-5e4d-4f1c-bb17-f917cc87a6c4",
            "ticker": "KXHIGHMIA-25APR19-B80.5",
            "count": 4675,
            "created_time": "2025-04-19T15:42:58.28451Z",
            "yes_price": 1,
            "no_price": 99,
            "taker_side": "yes"
        },
        {
            "trade_id": "da471a23-a3ec-4491-8072-25f4a5608319",
            "ticker": "KXHIGHMIA-25APR19-B80.5",
            "count": 30,
            "created_time": "2025-04-19T15:42:54.193992Z",
            "yes_price": 1,
            "no_price": 99,
            "taker_side": "yes"
        },
        {
            "trade_id": "e98c78b2-9611-495d-8344-54c35f68ae14",
            "ticker": "KXHIGHMIA-25APR19-B80.5",
            "count": 20,
            "created_time": "2025-04-19T15:37:17.89088Z",
            "yes_price": 1,
            "no_price": 99,
            "taker_side": "yes"
        },
        {
            "trade_id": "7d832895-ab21-457c-b128-2925c66eb6ae",
            "ticker": "KXHIGHMIA-25APR19-B80.5",
            "count": 39,
            "created_time": "2025-04-19T15:36:50.838659Z",
            "yes_price": 1,
            "no_price": 99,
            "taker_side": "yes"
        },
        {
            "trade_id": "fb17a4ee-5789-4378-a532-bc6d6cf7ea57",
            "ticker": "KXHIGHMIA-25APR19-B80.5",
            "count": 30,
            "created_time": "2025-04-19T15:36:50.598145Z",
            "yes_price": 10,
            "no_price": 90,
            "taker_side": "no"
        },
        {
            "trade_id": "f3805f72-ff77-4cc8-af35-0bfedef92be1",
            "ticker": "KXHIGHMIA-25APR19-B80.5",
            "count": 3,
            "created_time": "2025-04-19T15:36:50.598145Z",
            "yes_price": 2,
            "no_price": 98,
            "taker_side": "no"
        },
        {
            "trade_id": "f163a9c9-c703-4f23-98de-271aa9a0fbeb",
            "ticker": "KXHIGHMIA-25APR19-B80.5",
            "count": 19,
            "created_time": "2025-04-19T15:36:50.598145Z",
            "yes_price": 13,
            "no_price": 87,
            "taker_side": "no"
        },
        {
            "trade_id": "c5f519f9-9125-4867-b6ef-b1267b6b7ce3",
            "ticker": "KXHIGHMIA-25APR19-B80.5",
            "count": 9,
            "created_time": "2025-04-19T15:36:50.598145Z",
            "yes_price": 13,
            "no_price": 87,
            "taker_side": "no"
        },
        {
            "trade_id": "969569ac-e973-4ff7-9d6a-90d71deaa7f1",
            "ticker": "KXHIGHMIA-25APR19-B80.5",
            "count": 100,
            "created_time": "2025-04-19T15:36:50.598145Z",
            "yes_price": 1,
            "no_price": 99,
            "taker_side": "no"
        },
        {
            "trade_id": "9584c1d0-abb2-40f6-847e-68a61d3f864e",
            "ticker": "KXHIGHMIA-25APR19-B80.5",
            "count": 76,
            "created_time": "2025-04-19T15:36:50.598145Z",
            "yes_price": 1,
            "no_price": 99,
            "taker_side": "no"
        },
        {
            "trade_id": "8059b052-66c9-4d8c-bd42-74dc002b2755",
            "ticker": "KXHIGHMIA-25APR19-B80.5",
            "count": 150,
            "created_time": "2025-04-19T15:36:50.598145Z",
            "yes_price": 1,
            "no_price": 99,
            "taker_side": "no"
        },
        {
            "trade_id": "68c7e538-7291-4697-86b1-857e5039db69",
            "ticker": "KXHIGHMIA-25APR19-B80.5",
            "count": 100,
            "created_time": "2025-04-19T15:36:50.598145Z",
            "yes_price": 1,
            "no_price": 99,
            "taker_side": "no"
        },
        {
            "trade_id": "65c7bde5-a3d5-40be-aeaa-2fbc2bf1fa8c",
            "ticker": "KXHIGHMIA-25APR19-B80.5",
            "count": 18,
            "created_time": "2025-04-19T15:36:50.598145Z",
            "yes_price": 6,
            "no_price": 94,
            "taker_side": "no"
        },
        {
            "trade_id": "53a3c7a7-1029-4d98-a1e0-8fbd158b3a9b",
            "ticker": "KXHIGHMIA-25APR19-B80.5",
            "count": 100,
            "created_time": "2025-04-19T15:36:50.598145Z",
            "yes_price": 1,
            "no_price": 99,
            "taker_side": "no"
        },
        {
            "trade_id": "4e004647-3f52-485b-9472-5c49e27cfc7c",
            "ticker": "KXHIGHMIA-25APR19-B80.5",
            "count": 13,
            "created_time": "2025-04-19T15:36:50.598145Z",
            "yes_price": 6,
            "no_price": 94,
            "taker_side": "no"
        },
        {
            "trade_id": "31ae6688-f022-4603-a07b-94c09525f0e6",
            "ticker": "KXHIGHMIA-25APR19-B80.5",
            "count": 50,
            "created_time": "2025-04-19T15:36:50.598145Z",
            "yes_price": 2,
            "no_price": 98,
            "taker_side": "no"
        },
        {
            "trade_id": "116409fa-2855-416b-9235-85dded7b5fe8",
            "ticker": "KXHIGHMIA-25APR19-B80.5",
            "count": 50,
            "created_time": "2025-04-19T15:36:50.598145Z",
            "yes_price": 5,
            "no_price": 95,
            "taker_side": "no"
        },
        {
            "trade_id": "9c28ae78-bbd6-4290-9b49-d54aa757f478",
            "ticker": "KXHIGHMIA-25APR19-B80.5",
            "count": 19,
            "created_time": "2025-04-19T15:21:46.1514Z",
            "yes_price": 24,
            "no_price": 76,
            "taker_side": "yes"
        },
        {
            "trade_id": "62b4bf48-9b06-4128-90a5-8df9b097bf4e",
            "ticker": "KXHIGHMIA-25APR19-B80.5",
            "count": 5,
            "created_time": "2025-04-19T15:21:46.1514Z",
            "yes_price": 15,
            "no_price": 85,
            "taker_side": "yes"
        },
        {
            "trade_id": "e61ffc10-4016-44f3-870c-e576819a4a89",
            "ticker": "KXHIGHMIA-25APR19-B80.5",
            "count": 8,
            "created_time": "2025-04-19T15:11:24.861593Z",
            "yes_price": 15,
            "no_price": 85,
            "taker_side": "no"
        },
        {
            "trade_id": "c77b84c6-23e0-44cc-95c8-e7fead263ae9",
            "ticker": "KXHIGHMIA-25APR19-B80.5",
            "count": 10,
            "created_time": "2025-04-19T15:11:24.861593Z",
            "yes_price": 16,
            "no_price": 84,
            "taker_side": "no"
        },
        {
            "trade_id": "a4d70dde-56a3-4cef-999f-15e06e2e4352",
            "ticker": "KXHIGHMIA-25APR19-B80.5",
            "count": 10,
            "created_time": "2025-04-19T15:11:24.861593Z",
            "yes_price": 17,
            "no_price": 83,
            "taker_side": "no"
        },
        {
            "trade_id": "4a1221b3-7543-40b7-b379-f9161155378c",
            "ticker": "KXHIGHMIA-25APR19-B80.5",
            "count": 34,
            "created_time": "2025-04-19T15:11:24.861593Z",
            "yes_price": 15,
            "no_price": 85,
            "taker_side": "no"
        },
        {
            "trade_id": "6c6ec109-71f0-4439-8c56-71862650dbab",
            "ticker": "KXHIGHMIA-25APR19-B80.5",
            "count": 23,
            "created_time": "2025-04-19T14:43:22.416448Z",
            "yes_price": 24,
            "no_price": 76,
            "taker_side": "yes"
        },
        {
            "trade_id": "a60dfe41-5ae3-491a-aef0-a35e492bbabd",
            "ticker": "KXHIGHMIA-25APR19-B80.5",
            "count": 22,
            "created_time": "2025-04-19T14:24:04.38055Z",
            "yes_price": 21,
            "no_price": 79,
            "taker_side": "yes"
        },
        {
            "trade_id": "ef9cd1a1-fb88-46c7-b21b-bb9fe0aceed0",
            "ticker": "KXHIGHMIA-25APR19-B80.5",
            "count": 100,
            "created_time": "2025-04-19T14:09:33.119778Z",
            "yes_price": 20,
            "no_price": 80,
            "taker_side": "no"
        },
        {
            "trade_id": "e44e2030-80ed-4193-a81d-6ae6018abd60",
            "ticker": "KXHIGHMIA-25APR19-B80.5",
            "count": 100,
            "created_time": "2025-04-19T14:09:33.119778Z",
            "yes_price": 19,
            "no_price": 81,
            "taker_side": "no"
        },
        {
            "trade_id": "e1d637fd-b966-4a97-88c6-11e0b983bf4b",
            "ticker": "KXHIGHMIA-25APR19-B80.5",
            "count": 50,
            "created_time": "2025-04-19T14:09:33.119778Z",
            "yes_price": 19,
            "no_price": 81,
            "taker_side": "no"
        },
        {
            "trade_id": "ca64fa3a-7ab8-4733-8abc-61f3285d8942",
            "ticker": "KXHIGHMIA-25APR19-B80.5",
            "count": 100,
            "created_time": "2025-04-19T14:09:33.119778Z",
            "yes_price": 20,
            "no_price": 80,
            "taker_side": "no"
        },
        {
            "trade_id": "20e29cec-fb2f-4ecf-8ac6-cfea5c907b3c",
            "ticker": "KXHIGHMIA-25APR19-B80.5",
            "count": 100,
            "created_time": "2025-04-19T14:09:33.119778Z",
            "yes_price": 19,
            "no_price": 81,
            "taker_side": "no"
        },
        {
            "trade_id": "f7946108-aebf-429d-93ef-9496110a5021",
            "ticker": "KXHIGHMIA-25APR19-B80.5",
            "count": 5,
            "created_time": "2025-04-19T14:09:10.108827Z",
            "yes_price": 24,
            "no_price": 76,
            "taker_side": "no"
        },
        {
            "trade_id": "5efdce6e-150e-4b83-8bb6-fa6767735062",
            "ticker": "KXHIGHMIA-25APR19-B80.5",
            "count": 20,
            "created_time": "2025-04-19T13:53:33.040033Z",
            "yes_price": 32,
            "no_price": 68,
            "taker_side": "yes"
        },
        {
            "trade_id": "da2cb997-59c8-4138-ae37-0014015cc2c7",
            "ticker": "KXHIGHMIA-25APR19-B80.5",
            "count": 6,
            "created_time": "2025-04-19T12:59:57.582736Z",
            "yes_price": 31,
            "no_price": 69,
            "taker_side": "yes"
        },
        {
            "trade_id": "4d565ba3-fbca-4821-adc8-a6e7fcdddbcc",
            "ticker": "KXHIGHMIA-25APR19-B80.5",
            "count": 2,
            "created_time": "2025-04-19T12:59:57.582736Z",
            "yes_price": 31,
            "no_price": 69,
            "taker_side": "yes"
        },
        {
            "trade_id": "0f920f97-98b6-4761-b02f-deffc085945a",
            "ticker": "KXHIGHMIA-25APR19-B80.5",
            "count": 22,
            "created_time": "2025-04-19T12:59:57.582736Z",
            "yes_price": 32,
            "no_price": 68,
            "taker_side": "yes"
        },
        {
            "trade_id": "97546a48-3d96-4615-adcf-3efba926ee45",
            "ticker": "KXHIGHMIA-25APR19-B80.5",
            "count": 15,
            "created_time": "2025-04-19T06:37:34.531527Z",
            "yes_price": 17,
            "no_price": 83,
            "taker_side": "no"
        },
        {
            "trade_id": "e9c0d186-df3a-44ea-aca7-dfbc3badcdf6",
            "ticker": "KXHIGHMIA-25APR19-B80.5",
            "count": 2,
            "created_time": "2025-04-19T06:37:21.508762Z",
            "yes_price": 18,
            "no_price": 82,
            "taker_side": "no"
        },
        {
            "trade_id": "e57301d7-6e54-4bb2-abea-c5cf831a6403",
            "ticker": "KXHIGHMIA-25APR19-B80.5",
            "count": 16,
            "created_time": "2025-04-19T06:37:21.508762Z",
            "yes_price": 17,
            "no_price": 83,
            "taker_side": "no"
        },
        {
            "trade_id": "c6019b03-a24a-4750-875c-47fac183962e",
            "ticker": "KXHIGHMIA-25APR19-B80.5",
            "count": 117,
            "created_time": "2025-04-19T06:28:26.517343Z",
            "yes_price": 22,
            "no_price": 78,
            "taker_side": "yes"
        },
        {
            "trade_id": "5b23b2a8-28a3-4ee1-8845-ebfa505bb923",
            "ticker": "KXHIGHMIA-25APR19-B80.5",
            "count": 2,
            "created_time": "2025-04-19T06:28:26.517343Z",
            "yes_price": 21,
            "no_price": 79,
            "taker_side": "yes"
        },
        {
            "trade_id": "a21c0e34-edb9-464a-816d-1c8882d54703",
            "ticker": "KXHIGHMIA-25APR19-B80.5",
            "count": 28,
            "created_time": "2025-04-19T05:40:08.502907Z",
            "yes_price": 17,
            "no_price": 83,
            "taker_side": "no"
        },
        {
            "trade_id": "ed29aef2-48f6-4620-8793-51b7743515b7",
            "ticker": "KXHIGHMIA-25APR19-B80.5",
            "count": 20,
            "created_time": "2025-04-19T05:31:25.959097Z",
            "yes_price": 17,
            "no_price": 83,
            "taker_side": "no"
        },
        {
            "trade_id": "2a2b29f7-8ac8-401d-9c8c-01b2d0b9b112",
            "ticker": "KXHIGHMIA-25APR19-B80.5",
            "count": 119,
            "created_time": "2025-04-19T05:00:36.325165Z",
            "yes_price": 17,
            "no_price": 83,
            "taker_side": "no"
        },
        {
            "trade_id": "9c52d282-d746-4d6d-9cf8-f1afb586b904",
            "ticker": "KXHIGHMIA-25APR19-B80.5",
            "count": 17,
            "created_time": "2025-04-19T05:00:30.591236Z",
            "yes_price": 17,
            "no_price": 83,
            "taker_side": "no"
        },
        {
            "trade_id": "f5f1bfd8-fdb4-489e-a860-474bfa2983c6",
            "ticker": "KXHIGHMIA-25APR19-B80.5",
            "count": 72,
            "created_time": "2025-04-19T04:34:45.829222Z",
            "yes_price": 23,
            "no_price": 77,
            "taker_side": "no"
        },
        {
            "trade_id": "a065ff3a-310b-4be7-9c97-0f4f4b2e0c76",
            "ticker": "KXHIGHMIA-25APR19-B80.5",
            "count": 54,
            "created_time": "2025-04-19T04:34:45.829222Z",
            "yes_price": 21,
            "no_price": 79,
            "taker_side": "no"
        },
        {
            "trade_id": "c92cdc45-f6e8-43c7-b7bf-886ba9045313",
            "ticker": "KXHIGHMIA-25APR19-B80.5",
            "count": 2,
            "created_time": "2025-04-19T02:34:39.63801Z",
            "yes_price": 20,
            "no_price": 80,
            "taker_side": "no"
        },
        {
            "trade_id": "955bfd45-ece5-4d44-ab18-883a26625743",
            "ticker": "KXHIGHMIA-25APR19-B80.5",
            "count": 24,
            "created_time": "2025-04-19T02:34:39.63801Z",
            "yes_price": 16,
            "no_price": 84,
            "taker_side": "no"
        },
        {
            "trade_id": "4c019670-f733-4548-afa8-d928412dc3eb",
            "ticker": "KXHIGHMIA-25APR19-B80.5",
            "count": 100,
            "created_time": "2025-04-19T02:34:39.63801Z",
            "yes_price": 17,
            "no_price": 83,
            "taker_side": "no"
        },
        {
            "trade_id": "2f4e77ad-22ad-4886-80e6-46c02b550310",
            "ticker": "KXHIGHMIA-25APR19-B80.5",
            "count": 100,
            "created_time": "2025-04-19T02:34:39.63801Z",
            "yes_price": 18,
            "no_price": 82,
            "taker_side": "no"
        },
        {
            "trade_id": "605629a7-0dac-448a-9d5a-d14e5e5357b0",
            "ticker": "KXHIGHMIA-25APR19-B80.5",
            "count": 10,
            "created_time": "2025-04-19T01:43:23.186807Z",
            "yes_price": 25,
            "no_price": 75,
            "taker_side": "yes"
        },
        {
            "trade_id": "afcadb18-da21-4122-96ef-48b86f14f287",
            "ticker": "KXHIGHMIA-25APR19-B80.5",
            "count": 2,
            "created_time": "2025-04-19T01:41:15.202521Z",
            "yes_price": 25,
            "no_price": 75,
            "taker_side": "yes"
        },
        {
            "trade_id": "3508cf91-0c24-436c-8104-240f5ec2c73b",
            "ticker": "KXHIGHMIA-25APR19-B80.5",
            "count": 18,
            "created_time": "2025-04-19T01:41:15.202521Z",
            "yes_price": 25,
            "no_price": 75,
            "taker_side": "yes"
        },
        {
            "trade_id": "e59990fe-bf9a-4b8f-866f-acfed197a251",
            "ticker": "KXHIGHMIA-25APR19-B80.5",
            "count": 2,
            "created_time": "2025-04-18T23:27:30.036726Z",
            "yes_price": 34,
            "no_price": 66,
            "taker_side": "no"
        },
        {
            "trade_id": "c4eed160-58d6-4699-893e-5801c5a382d9",
            "ticker": "KXHIGHMIA-25APR19-B80.5",
            "count": 4,
            "created_time": "2025-04-18T23:27:30.036726Z",
            "yes_price": 34,
            "no_price": 66,
            "taker_side": "no"
        },
        {
            "trade_id": "b1d2a0d1-a0d7-4452-8847-2ec67c13c78e",
            "ticker": "KXHIGHMIA-25APR19-B80.5",
            "count": 21,
            "created_time": "2025-04-18T23:27:30.036726Z",
            "yes_price": 34,
            "no_price": 66,
            "taker_side": "no"
        },
        {
            "trade_id": "6366ebe4-cc37-4a61-8efd-87e1b11d345c",
            "ticker": "KXHIGHMIA-25APR19-B80.5",
            "count": 23,
            "created_time": "2025-04-18T23:27:30.036726Z",
            "yes_price": 34,
            "no_price": 66,
            "taker_side": "no"
        },
        {
            "trade_id": "fb1f5f61-6e20-4958-8020-ed90fbc34308",
            "ticker": "KXHIGHMIA-25APR19-B80.5",
            "count": 12,
            "created_time": "2025-04-18T23:25:33.884539Z",
            "yes_price": 37,
            "no_price": 63,
            "taker_side": "yes"
        },
        {
            "trade_id": "cbd39f33-93f8-4e00-958e-97bbc419b70d",
            "ticker": "KXHIGHMIA-25APR19-B80.5",
            "count": 18,
            "created_time": "2025-04-18T23:21:17.390147Z",
            "yes_price": 34,
            "no_price": 66,
            "taker_side": "yes"
        },
        {
            "trade_id": "a3331119-7ce9-4c26-b2d8-2a932ddbec0a",
            "ticker": "KXHIGHMIA-25APR19-B80.5",
            "count": 20,
            "created_time": "2025-04-18T22:07:21.990881Z",
            "yes_price": 24,
            "no_price": 76,
            "taker_side": "no"
        },
        {
            "trade_id": "984a4b8f-942d-4bf4-938b-b7569f0f9203",
            "ticker": "KXHIGHMIA-25APR19-B80.5",
            "count": 88,
            "created_time": "2025-04-18T21:46:27.57082Z",
            "yes_price": 29,
            "no_price": 71,
            "taker_side": "yes"
        },
        {
            "trade_id": "a86909f4-ec7f-43f4-92cf-402cf269b141",
            "ticker": "KXHIGHMIA-25APR19-B80.5",
            "count": 204,
            "created_time": "2025-04-18T21:01:14.334638Z",
            "yes_price": 21,
            "no_price": 79,
            "taker_side": "yes"
        },
        {
            "trade_id": "89f19eba-d9e0-47b4-82bd-7b85e5478017",
            "ticker": "KXHIGHMIA-25APR19-B80.5",
            "count": 14,
            "created_time": "2025-04-18T21:01:14.334638Z",
            "yes_price": 20,
            "no_price": 80,
            "taker_side": "yes"
        },
        {
            "trade_id": "2048a7b1-4694-486c-af9a-0b339015a61c",
            "ticker": "KXHIGHMIA-25APR19-B80.5",
            "count": 1,
            "created_time": "2025-04-18T21:01:14.334638Z",
            "yes_price": 19,
            "no_price": 81,
            "taker_side": "yes"
        },
        {
            "trade_id": "0ae96339-57f9-4a27-884d-343ac9a276bc",
            "ticker": "KXHIGHMIA-25APR19-B80.5",
            "count": 7,
            "created_time": "2025-04-18T21:01:14.334638Z",
            "yes_price": 20,
            "no_price": 80,
            "taker_side": "yes"
        },
        {
            "trade_id": "5d1e0062-3914-4c82-89d6-160fa978c810",
            "ticker": "KXHIGHMIA-25APR19-B80.5",
            "count": 33,
            "created_time": "2025-04-18T21:00:31.952896Z",
            "yes_price": 19,
            "no_price": 81,
            "taker_side": "no"
        },
        {
            "trade_id": "191bde8c-5897-4fea-afec-ad786929bc4f",
            "ticker": "KXHIGHMIA-25APR19-B80.5",
            "count": 81,
            "created_time": "2025-04-18T21:00:31.952896Z",
            "yes_price": 19,
            "no_price": 81,
            "taker_side": "no"
        },
        {
            "trade_id": "c4d82baa-ffe4-48d9-9553-5fd7688135ca",
            "ticker": "KXHIGHMIA-25APR19-B80.5",
            "count": 99,
            "created_time": "2025-04-18T21:00:28.212868Z",
            "yes_price": 20,
            "no_price": 80,
            "taker_side": "no"
        },
        {
            "trade_id": "78002cee-ef63-4aca-af84-bd8439eae9f9",
            "ticker": "KXHIGHMIA-25APR19-B80.5",
            "count": 19,
            "created_time": "2025-04-18T21:00:28.212868Z",
            "yes_price": 19,
            "no_price": 81,
            "taker_side": "no"
        },
        {
            "trade_id": "b6fa8126-b42c-44c6-8583-8901c75cb6e6",
            "ticker": "KXHIGHMIA-25APR19-B80.5",
            "count": 1,
            "created_time": "2025-04-18T20:57:24.323811Z",
            "yes_price": 20,
            "no_price": 80,
            "taker_side": "no"
        },
        {
            "trade_id": "24c0af53-66d3-4ee6-89b5-e9abe470afb1",
            "ticker": "KXHIGHMIA-25APR19-B80.5",
            "count": 7,
            "created_time": "2025-04-18T20:57:24.323811Z",
            "yes_price": 21,
            "no_price": 79,
            "taker_side": "no"
        },
        {
            "trade_id": "508a27dc-4352-4b58-b36b-3be23a9d65ea",
            "ticker": "KXHIGHMIA-25APR19-B80.5",
            "count": 1,
            "created_time": "2025-04-18T19:46:43.666294Z",
            "yes_price": 28,
            "no_price": 72,
            "taker_side": "yes"
        },
        {
            "trade_id": "af6cfa5f-e2b3-4238-a5c8-97aa7a5e50d6",
            "ticker": "KXHIGHMIA-25APR19-B80.5",
            "count": 10,
            "created_time": "2025-04-18T19:34:03.52229Z",
            "yes_price": 28,
            "no_price": 72,
            "taker_side": "yes"
        },
        {
            "trade_id": "9445da29-5b79-4c7a-b469-7f9f30724eb3",
            "ticker": "KXHIGHMIA-25APR19-B80.5",
            "count": 5,
            "created_time": "2025-04-18T19:34:03.52229Z",
            "yes_price": 28,
            "no_price": 72,
            "taker_side": "yes"
        },
        {
            "trade_id": "dcac2a69-0eda-4e33-bdeb-f7da12e369e8",
            "ticker": "KXHIGHMIA-25APR19-B80.5",
            "count": 28,
            "created_time": "2025-04-18T19:12:22.462364Z",
            "yes_price": 19,
            "no_price": 81,
            "taker_side": "no"
        },
        {
            "trade_id": "b24ee021-6cd2-4a2b-a579-bf29df46e149",
            "ticker": "KXHIGHMIA-25APR19-B80.5",
            "count": 15,
            "created_time": "2025-04-18T19:12:22.392247Z",
            "yes_price": 20,
            "no_price": 80,
            "taker_side": "no"
        },
        {
            "trade_id": "42474953-228e-4911-954f-1f4a79af9fb8",
            "ticker": "KXHIGHMIA-25APR19-B80.5",
            "count": 5,
            "created_time": "2025-04-18T19:12:22.392247Z",
            "yes_price": 20,
            "no_price": 80,
            "taker_side": "no"
        },
        {
            "trade_id": "1a7ba53a-0311-4f5d-abf6-20c3f1c60530",
            "ticker": "KXHIGHMIA-25APR19-B80.5",
            "count": 2,
            "created_time": "2025-04-18T19:12:22.392247Z",
            "yes_price": 19,
            "no_price": 81,
            "taker_side": "no"
        },
        {
            "trade_id": "2ddf9b25-e67d-414e-9534-1170232c87da",
            "ticker": "KXHIGHMIA-25APR19-B80.5",
            "count": 5,
            "created_time": "2025-04-18T18:46:16.504102Z",
            "yes_price": 21,
            "no_price": 79,
            "taker_side": "yes"
        },
        {
            "trade_id": "cd3e7d97-de98-4fe1-b5ce-b2c5ecf4d213",
            "ticker": "KXHIGHMIA-25APR19-B80.5",
            "count": 219,
            "created_time": "2025-04-18T18:14:05.361627Z",
            "yes_price": 21,
            "no_price": 79,
            "taker_side": "yes"
        },
        {
            "trade_id": "b8ac3023-585b-4871-a3f9-87c1f13b057f",
            "ticker": "KXHIGHMIA-25APR19-B80.5",
            "count": 14,
            "created_time": "2025-04-18T18:14:05.361627Z",
            "yes_price": 19,
            "no_price": 81,
            "taker_side": "yes"
        },
        {
            "trade_id": "97fc1e1e-4577-43d2-96dd-311f05f9364f",
            "ticker": "KXHIGHMIA-25APR19-B80.5",
            "count": 87,
            "created_time": "2025-04-18T18:14:05.361627Z",
            "yes_price": 19,
            "no_price": 81,
            "taker_side": "yes"
        },
        {
            "trade_id": "05082a05-8c06-4a3a-8e5a-4de82bee2ee7",
            "ticker": "KXHIGHMIA-25APR19-B80.5",
            "count": 5,
            "created_time": "2025-04-18T18:14:05.361627Z",
            "yes_price": 18,
            "no_price": 82,
            "taker_side": "yes"
        },
        {
            "trade_id": "5ade1f7d-19ca-4cbd-bb86-02db27714d73",
            "ticker": "KXHIGHMIA-25APR19-B80.5",
            "count": 5,
            "created_time": "2025-04-18T18:02:26.415836Z",
            "yes_price": 26,
            "no_price": 74,
            "taker_side": "yes"
        },
        {
            "trade_id": "0a1b2657-c265-4f94-b2c8-f35f7f713e27",
            "ticker": "KXHIGHMIA-25APR19-B80.5",
            "count": 30,
            "created_time": "2025-04-18T17:27:29.39326Z",
            "yes_price": 26,
            "no_price": 74,
            "taker_side": "no"
        },
        {
            "trade_id": "7d822acf-91d5-4c16-801f-9f42b9477708",
            "ticker": "KXHIGHMIA-25APR19-B80.5",
            "count": 5,
            "created_time": "2025-04-18T17:27:26.003458Z",
            "yes_price": 26,
            "no_price": 74,
            "taker_side": "yes"
        },
        {
            "trade_id": "663b9e7d-20d0-4926-90ec-215977a82c7c",
            "ticker": "KXHIGHMIA-25APR19-B80.5",
            "count": 30,
            "created_time": "2025-04-18T16:13:03.740882Z",
            "yes_price": 18,
            "no_price": 82,
            "taker_side": "yes"
        },
        {
            "trade_id": "c2d7bd97-3a87-4ee9-9857-cac0699caf60",
            "ticker": "KXHIGHMIA-25APR19-B80.5",
            "count": 5,
            "created_time": "2025-04-18T16:12:55.610652Z",
            "yes_price": 23,
            "no_price": 77,
            "taker_side": "no"
        },
        {
            "trade_id": "b1f60c69-5eec-4681-9043-855185a089e0",
            "ticker": "KXHIGHMIA-25APR19-B80.5",
            "count": 10,
            "created_time": "2025-04-18T16:12:55.610652Z",
            "yes_price": 24,
            "no_price": 76,
            "taker_side": "no"
        },
        {
            "trade_id": "5e299344-612e-48b2-a9d7-06b8eaf0589b",
            "ticker": "KXHIGHMIA-25APR19-B80.5",
            "count": 30,
            "created_time": "2025-04-18T16:12:55.610652Z",
            "yes_price": 19,
            "no_price": 81,
            "taker_side": "no"
        },
        {
            "trade_id": "971265b6-8822-4b40-a20e-daf0b2663675",
            "ticker": "KXHIGHMIA-25APR19-B80.5",
            "count": 16,
            "created_time": "2025-04-18T15:24:46.870304Z",
            "yes_price": 23,
            "no_price": 77,
            "taker_side": "yes"
        }
    ],
    "KXHIGHMIA-25APR19-B82.5": [
        {
            "trade_id": "33aa6d8e-e11a-4683-b7c9-6c3dae18cc25",
            "ticker": "KXHIGHMIA-25APR19-B82.5",
            "count": 155,
            "created_time": "2025-04-20T02:17:52.819279Z",
            "yes_price": 99,
            "no_price": 1,
            "taker_side": "no"
        },
        {
            "trade_id": "66b820d3-351f-4b15-a233-78257b08cd43",
            "ticker": "KXHIGHMIA-25APR19-B82.5",
            "count": 44,
            "created_time": "2025-04-19T22:34:27.894224Z",
            "yes_price": 99,
            "no_price": 1,
            "taker_side": "no"
        },
        {
            "trade_id": "79e0f90e-3053-4cac-b19d-af8c437a505f",
            "ticker": "KXHIGHMIA-25APR19-B82.5",
            "count": 105,
            "created_time": "2025-04-19T22:22:01.025288Z",
            "yes_price": 99,
            "no_price": 1,
            "taker_side": "no"
        },
        {
            "trade_id": "4a6cfeb1-d2f5-44eb-9aca-b79436ae42ac",
            "ticker": "KXHIGHMIA-25APR19-B82.5",
            "count": 5,
            "created_time": "2025-04-19T21:47:39.687211Z",
            "yes_price": 99,
            "no_price": 1,
            "taker_side": "no"
        },
        {
            "trade_id": "df47805c-8c1a-4763-8220-712686c3fd74",
            "ticker": "KXHIGHMIA-25APR19-B82.5",
            "count": 50,
            "created_time": "2025-04-19T21:39:11.291956Z",
            "yes_price": 99,
            "no_price": 1,
            "taker_side": "no"
        },
        {
            "trade_id": "7f7e9018-4d51-46b7-85a1-73a83ee1c342",
            "ticker": "KXHIGHMIA-25APR19-B82.5",
            "count": 7,
            "created_time": "2025-04-19T21:12:19.074721Z",
            "yes_price": 98,
            "no_price": 2,
            "taker_side": "no"
        },
        {
            "trade_id": "a6bf5a38-b3a9-4512-8d1d-661fefaaf228",
            "ticker": "KXHIGHMIA-25APR19-B82.5",
            "count": 6,
            "created_time": "2025-04-19T21:05:20.447848Z",
            "yes_price": 99,
            "no_price": 1,
            "taker_side": "yes"
        },
        {
            "trade_id": "c63e8a7c-8bd2-40b3-a88c-fcd12f32b639",
            "ticker": "KXHIGHMIA-25APR19-B82.5",
            "count": 94,
            "created_time": "2025-04-19T20:56:17.402719Z",
            "yes_price": 99,
            "no_price": 1,
            "taker_side": "yes"
        },
        {
            "trade_id": "3efc644d-9532-4f7a-bb16-99b608b65e23",
            "ticker": "KXHIGHMIA-25APR19-B82.5",
            "count": 20,
            "created_time": "2025-04-19T20:43:21.701629Z",
            "yes_price": 98,
            "no_price": 2,
            "taker_side": "yes"
        },
        {
            "trade_id": "03154607-c4d7-4a8a-98d8-a96eef1e861a",
            "ticker": "KXHIGHMIA-25APR19-B82.5",
            "count": 50,
            "created_time": "2025-04-19T20:18:15.950607Z",
            "yes_price": 98,
            "no_price": 2,
            "taker_side": "yes"
        },
        {
            "trade_id": "e22733ae-ff93-4500-a63b-9c6d50a04b1b",
            "ticker": "KXHIGHMIA-25APR19-B82.5",
            "count": 36,
            "created_time": "2025-04-19T20:15:00.725351Z",
            "yes_price": 90,
            "no_price": 10,
            "taker_side": "no"
        },
        {
            "trade_id": "6afdc378-3eed-43d7-b846-b9759b4838c5",
            "ticker": "KXHIGHMIA-25APR19-B82.5",
            "count": 50,
            "created_time": "2025-04-19T20:15:00.725351Z",
            "yes_price": 91,
            "no_price": 9,
            "taker_side": "no"
        },
        {
            "trade_id": "0cf7f52a-1ded-45ea-9401-cd559c0a65c2",
            "ticker": "KXHIGHMIA-25APR19-B82.5",
            "count": 400,
            "created_time": "2025-04-19T20:15:00.725351Z",
            "yes_price": 91,
            "no_price": 9,
            "taker_side": "no"
        },
        {
            "trade_id": "8d0fbf6b-c449-4a0a-9ee7-b2c7141a19f7",
            "ticker": "KXHIGHMIA-25APR19-B82.5",
            "count": 13,
            "created_time": "2025-04-19T20:12:21.419097Z",
            "yes_price": 98,
            "no_price": 2,
            "taker_side": "yes"
        },
        {
            "trade_id": "fe53cf20-6026-472c-86ac-ca8445aed0cc",
            "ticker": "KXHIGHMIA-25APR19-B82.5",
            "count": 2,
            "created_time": "2025-04-19T19:22:23.757982Z",
            "yes_price": 86,
            "no_price": 14,
            "taker_side": "no"
        },
        {
            "trade_id": "8f6965f3-22fb-48a5-b546-bb0ff4fbf046",
            "ticker": "KXHIGHMIA-25APR19-B82.5",
            "count": 73,
            "created_time": "2025-04-19T19:22:23.757982Z",
            "yes_price": 93,
            "no_price": 7,
            "taker_side": "no"
        },
        {
            "trade_id": "6879eba1-825c-4693-b357-c41dd4ac354e",
            "ticker": "KXHIGHMIA-25APR19-B82.5",
            "count": 22,
            "created_time": "2025-04-19T19:22:23.757982Z",
            "yes_price": 90,
            "no_price": 10,
            "taker_side": "no"
        },
        {
            "trade_id": "58de07c9-62b8-4067-8da6-aa72f87853e4",
            "ticker": "KXHIGHMIA-25APR19-B82.5",
            "count": 13,
            "created_time": "2025-04-19T19:22:23.757982Z",
            "yes_price": 87,
            "no_price": 13,
            "taker_side": "no"
        },
        {
            "trade_id": "8deee710-bbae-4ae7-bd81-28a398637a56",
            "ticker": "KXHIGHMIA-25APR19-B82.5",
            "count": 10,
            "created_time": "2025-04-19T19:20:08.516466Z",
            "yes_price": 97,
            "no_price": 3,
            "taker_side": "yes"
        },
        {
            "trade_id": "d23b849d-9f11-4aa2-a20f-b66aaaadb629",
            "ticker": "KXHIGHMIA-25APR19-B82.5",
            "count": 3,
            "created_time": "2025-04-19T19:02:08.854514Z",
            "yes_price": 93,
            "no_price": 7,
            "taker_side": "no"
        },
        {
            "trade_id": "dbf23fa3-757a-44c3-be8f-18595544e495",
            "ticker": "KXHIGHMIA-25APR19-B82.5",
            "count": 24,
            "created_time": "2025-04-19T18:56:02.283573Z",
            "yes_price": 93,
            "no_price": 7,
            "taker_side": "no"
        },
        {
            "trade_id": "14da4291-c6c5-4ae5-aa37-ad75a4063942",
            "ticker": "KXHIGHMIA-25APR19-B82.5",
            "count": 2,
            "created_time": "2025-04-19T18:56:02.283573Z",
            "yes_price": 93,
            "no_price": 7,
            "taker_side": "no"
        },
        {
            "trade_id": "227e5630-687e-4c77-9c30-f118aa91b81b",
            "ticker": "KXHIGHMIA-25APR19-B82.5",
            "count": 1,
            "created_time": "2025-04-19T18:29:35.950067Z",
            "yes_price": 93,
            "no_price": 7,
            "taker_side": "no"
        },
        {
            "trade_id": "dc8f2bfc-8b95-4570-9661-a29c6f848996",
            "ticker": "KXHIGHMIA-25APR19-B82.5",
            "count": 50,
            "created_time": "2025-04-19T17:38:05.033669Z",
            "yes_price": 97,
            "no_price": 3,
            "taker_side": "yes"
        },
        {
            "trade_id": "96ea8072-60ac-49c0-a256-3796fba4a3e3",
            "ticker": "KXHIGHMIA-25APR19-B82.5",
            "count": 50,
            "created_time": "2025-04-19T17:38:05.033669Z",
            "yes_price": 96,
            "no_price": 4,
            "taker_side": "yes"
        },
        {
            "trade_id": "2ad255bd-58bc-4a37-ac15-245e421f1bb9",
            "ticker": "KXHIGHMIA-25APR19-B82.5",
            "count": 50,
            "created_time": "2025-04-19T17:38:05.033669Z",
            "yes_price": 98,
            "no_price": 2,
            "taker_side": "yes"
        },
        {
            "trade_id": "095550e9-7ddc-4cda-9381-a9e0e4b61192",
            "ticker": "KXHIGHMIA-25APR19-B82.5",
            "count": 50,
            "created_time": "2025-04-19T17:38:05.033669Z",
            "yes_price": 97,
            "no_price": 3,
            "taker_side": "yes"
        },
        {
            "trade_id": "71fda6a5-beaf-4704-b856-fbeb628cb7c9",
            "ticker": "KXHIGHMIA-25APR19-B82.5",
            "count": 5,
            "created_time": "2025-04-19T17:25:00.752661Z",
            "yes_price": 94,
            "no_price": 6,
            "taker_side": "yes"
        },
        {
            "trade_id": "3260fb84-19ad-41c0-a944-f590a4334b11",
            "ticker": "KXHIGHMIA-25APR19-B82.5",
            "count": 22,
            "created_time": "2025-04-19T17:25:00.752661Z",
            "yes_price": 94,
            "no_price": 6,
            "taker_side": "yes"
        },
        {
            "trade_id": "01aff9cc-15fc-46b3-b20a-35e2be62a6f5",
            "ticker": "KXHIGHMIA-25APR19-B82.5",
            "count": 2,
            "created_time": "2025-04-19T17:09:16.123176Z",
            "yes_price": 90,
            "no_price": 10,
            "taker_side": "no"
        },
        {
            "trade_id": "c0682829-91c6-4691-9d27-a9d8518e7a2e",
            "ticker": "KXHIGHMIA-25APR19-B82.5",
            "count": 5,
            "created_time": "2025-04-19T16:49:55.39489Z",
            "yes_price": 94,
            "no_price": 6,
            "taker_side": "yes"
        },
        {
            "trade_id": "e7abb86f-c3c0-400c-abcd-624ec3dd5913",
            "ticker": "KXHIGHMIA-25APR19-B82.5",
            "count": 50,
            "created_time": "2025-04-19T16:42:39.072279Z",
            "yes_price": 95,
            "no_price": 5,
            "taker_side": "yes"
        },
        {
            "trade_id": "d71127ce-ccdf-4f66-a739-e4266be53938",
            "ticker": "KXHIGHMIA-25APR19-B82.5",
            "count": 50,
            "created_time": "2025-04-19T16:42:39.072279Z",
            "yes_price": 94,
            "no_price": 6,
            "taker_side": "yes"
        },
        {
            "trade_id": "2bc5c0e1-4030-482c-8f13-bd10acc12e2e",
            "ticker": "KXHIGHMIA-25APR19-B82.5",
            "count": 50,
            "created_time": "2025-04-19T16:21:32.236243Z",
            "yes_price": 91,
            "no_price": 9,
            "taker_side": "yes"
        },
        {
            "trade_id": "22a9ea2a-1964-4b0e-98a4-1a3b9c79230d",
            "ticker": "KXHIGHMIA-25APR19-B82.5",
            "count": 11,
            "created_time": "2025-04-19T16:21:32.236243Z",
            "yes_price": 91,
            "no_price": 9,
            "taker_side": "yes"
        },
        {
            "trade_id": "97ba10eb-19a7-487a-8918-afd64c1b451b",
            "ticker": "KXHIGHMIA-25APR19-B82.5",
            "count": 4,
            "created_time": "2025-04-19T16:16:52.634534Z",
            "yes_price": 92,
            "no_price": 8,
            "taker_side": "yes"
        },
        {
            "trade_id": "0ff3a86b-09ec-4f68-9f70-e9424a9d5278",
            "ticker": "KXHIGHMIA-25APR19-B82.5",
            "count": 94,
            "created_time": "2025-04-19T16:15:16.02368Z",
            "yes_price": 90,
            "no_price": 10,
            "taker_side": "no"
        },
        {
            "trade_id": "3b5719be-d0af-4b1a-91f4-4c98b12bc944",
            "ticker": "KXHIGHMIA-25APR19-B82.5",
            "count": 1,
            "created_time": "2025-04-19T16:13:00.613487Z",
            "yes_price": 91,
            "no_price": 9,
            "taker_side": "no"
        },
        {
            "trade_id": "1c2dd856-e862-464e-ad3e-4fc1d766d3e0",
            "ticker": "KXHIGHMIA-25APR19-B82.5",
            "count": 7,
            "created_time": "2025-04-19T16:13:00.613487Z",
            "yes_price": 90,
            "no_price": 10,
            "taker_side": "no"
        },
        {
            "trade_id": "8f4a5265-d448-414d-bf8d-18129984d046",
            "ticker": "KXHIGHMIA-25APR19-B82.5",
            "count": 5,
            "created_time": "2025-04-19T16:09:16.979653Z",
            "yes_price": 90,
            "no_price": 10,
            "taker_side": "no"
        },
        {
            "trade_id": "02266f06-44bf-417b-9197-1caf46bf54b1",
            "ticker": "KXHIGHMIA-25APR19-B82.5",
            "count": 5,
            "created_time": "2025-04-19T16:09:16.979653Z",
            "yes_price": 90,
            "no_price": 10,
            "taker_side": "no"
        },
        {
            "trade_id": "a46d7b70-27d2-48fe-9a04-1dfefdfdb8be",
            "ticker": "KXHIGHMIA-25APR19-B82.5",
            "count": 5,
            "created_time": "2025-04-19T16:03:01.397723Z",
            "yes_price": 89,
            "no_price": 11,
            "taker_side": "yes"
        },
        {
            "trade_id": "f94b52ac-68bf-4cbd-9980-2bc217229bc4",
            "ticker": "KXHIGHMIA-25APR19-B82.5",
            "count": 7,
            "created_time": "2025-04-19T15:56:17.78276Z",
            "yes_price": 88,
            "no_price": 12,
            "taker_side": "yes"
        },
        {
            "trade_id": "37212706-38c5-4b68-873c-a4361eb875c2",
            "ticker": "KXHIGHMIA-25APR19-B82.5",
            "count": 83,
            "created_time": "2025-04-19T15:56:17.78276Z",
            "yes_price": 89,
            "no_price": 11,
            "taker_side": "yes"
        },
        {
            "trade_id": "0b28dca7-71b9-421e-9f8f-5a661a9bd493",
            "ticker": "KXHIGHMIA-25APR19-B82.5",
            "count": 10,
            "created_time": "2025-04-19T15:56:17.78276Z",
            "yes_price": 89,
            "no_price": 11,
            "taker_side": "yes"
        },
        {
            "trade_id": "39aa5916-b79b-4a25-8958-c02cd5011063",
            "ticker": "KXHIGHMIA-25APR19-B82.5",
            "count": 5,
            "created_time": "2025-04-19T15:50:34.031972Z",
            "yes_price": 87,
            "no_price": 13,
            "taker_side": "yes"
        },
        {
            "trade_id": "13d8a529-7940-4131-9192-761e629d36a1",
            "ticker": "KXHIGHMIA-25APR19-B82.5",
            "count": 5,
            "created_time": "2025-04-19T15:50:01.216419Z",
            "yes_price": 86,
            "no_price": 14,
            "taker_side": "yes"
        },
        {
            "trade_id": "e00627c4-5307-48a3-9d42-2f8a4400f13b",
            "ticker": "KXHIGHMIA-25APR19-B82.5",
            "count": 13,
            "created_time": "2025-04-19T15:45:24.365537Z",
            "yes_price": 85,
            "no_price": 15,
            "taker_side": "yes"
        },
        {
            "trade_id": "654f7021-ea78-4a13-85ce-1cbc7858a25f",
            "ticker": "KXHIGHMIA-25APR19-B82.5",
            "count": 25,
            "created_time": "2025-04-19T15:41:25.637511Z",
            "yes_price": 87,
            "no_price": 13,
            "taker_side": "yes"
        },
        {
            "trade_id": "3afc6507-439e-4bcf-8918-814e6d73962f",
            "ticker": "KXHIGHMIA-25APR19-B82.5",
            "count": 5,
            "created_time": "2025-04-19T15:36:50.815914Z",
            "yes_price": 79,
            "no_price": 21,
            "taker_side": "yes"
        },
        {
            "trade_id": "3214254e-3383-412a-a1ef-7d9a1af7d20d",
            "ticker": "KXHIGHMIA-25APR19-B82.5",
            "count": 34,
            "created_time": "2025-04-19T15:36:50.815914Z",
            "yes_price": 82,
            "no_price": 18,
            "taker_side": "yes"
        },
        {
            "trade_id": "9804502c-ca3a-4fff-9a29-e2304f31af02",
            "ticker": "KXHIGHMIA-25APR19-B82.5",
            "count": 6,
            "created_time": "2025-04-19T15:32:58.778816Z",
            "yes_price": 75,
            "no_price": 25,
            "taker_side": "no"
        },
        {
            "trade_id": "36b54da1-20e6-4819-86cf-09f38f1c2922",
            "ticker": "KXHIGHMIA-25APR19-B82.5",
            "count": 7,
            "created_time": "2025-04-19T15:32:58.778816Z",
            "yes_price": 75,
            "no_price": 25,
            "taker_side": "no"
        },
        {
            "trade_id": "02eb9843-321f-4d5d-8819-f15419245036",
            "ticker": "KXHIGHMIA-25APR19-B82.5",
            "count": 25,
            "created_time": "2025-04-19T15:32:58.778816Z",
            "yes_price": 76,
            "no_price": 24,
            "taker_side": "no"
        },
        {
            "trade_id": "fc916358-b94b-4a84-8eb2-2075a7107d07",
            "ticker": "KXHIGHMIA-25APR19-B82.5",
            "count": 10,
            "created_time": "2025-04-19T15:32:29.3089Z",
            "yes_price": 87,
            "no_price": 13,
            "taker_side": "yes"
        },
        {
            "trade_id": "d4f12a86-ea49-44ea-a672-c32450cfe855",
            "ticker": "KXHIGHMIA-25APR19-B82.5",
            "count": 8,
            "created_time": "2025-04-19T15:32:29.3089Z",
            "yes_price": 85,
            "no_price": 15,
            "taker_side": "yes"
        },
        {
            "trade_id": "d1274f03-0a8c-4567-a2c2-835d2d218a6b",
            "ticker": "KXHIGHMIA-25APR19-B82.5",
            "count": 9,
            "created_time": "2025-04-19T15:32:29.3089Z",
            "yes_price": 86,
            "no_price": 14,
            "taker_side": "yes"
        },
        {
            "trade_id": "c3b1eed4-85fd-4c2f-b12d-c631cd6aa8cd",
            "ticker": "KXHIGHMIA-25APR19-B82.5",
            "count": 14,
            "created_time": "2025-04-19T15:32:29.3089Z",
            "yes_price": 86,
            "no_price": 14,
            "taker_side": "yes"
        },
        {
            "trade_id": "c0955eb4-092f-448c-960c-99d5a0572012",
            "ticker": "KXHIGHMIA-25APR19-B82.5",
            "count": 10,
            "created_time": "2025-04-19T15:32:29.3089Z",
            "yes_price": 85,
            "no_price": 15,
            "taker_side": "yes"
        },
        {
            "trade_id": "a0956bb2-4ec5-44b2-a527-081c8fade9c0",
            "ticker": "KXHIGHMIA-25APR19-B82.5",
            "count": 45,
            "created_time": "2025-04-19T15:32:29.3089Z",
            "yes_price": 88,
            "no_price": 12,
            "taker_side": "yes"
        },
        {
            "trade_id": "84ea2d5d-93a4-4ed9-a29d-f886aee104c8",
            "ticker": "KXHIGHMIA-25APR19-B82.5",
            "count": 10,
            "created_time": "2025-04-19T15:32:29.3089Z",
            "yes_price": 86,
            "no_price": 14,
            "taker_side": "yes"
        },
        {
            "trade_id": "7cc3985e-139a-4573-a919-1e0b5f99c628",
            "ticker": "KXHIGHMIA-25APR19-B82.5",
            "count": 10,
            "created_time": "2025-04-19T15:32:29.3089Z",
            "yes_price": 88,
            "no_price": 12,
            "taker_side": "yes"
        },
        {
            "trade_id": "436518b6-85b4-4fbc-8d96-9f1b6421b5fb",
            "ticker": "KXHIGHMIA-25APR19-B82.5",
            "count": 29,
            "created_time": "2025-04-19T15:32:29.3089Z",
            "yes_price": 79,
            "no_price": 21,
            "taker_side": "yes"
        },
        {
            "trade_id": "34704b97-814e-4b48-a657-24900371089d",
            "ticker": "KXHIGHMIA-25APR19-B82.5",
            "count": 10,
            "created_time": "2025-04-19T15:32:29.3089Z",
            "yes_price": 85,
            "no_price": 15,
            "taker_side": "yes"
        },
        {
            "trade_id": "1cb12f32-4851-43a2-b3f6-790c850be878",
            "ticker": "KXHIGHMIA-25APR19-B82.5",
            "count": 7,
            "created_time": "2025-04-19T15:22:17.900403Z",
            "yes_price": 79,
            "no_price": 21,
            "taker_side": "yes"
        },
        {
            "trade_id": "356e0bc6-99cd-4802-8b77-40a77383c35c",
            "ticker": "KXHIGHMIA-25APR19-B82.5",
            "count": 50,
            "created_time": "2025-04-19T15:20:13.220306Z",
            "yes_price": 78,
            "no_price": 22,
            "taker_side": "yes"
        },
        {
            "trade_id": "78ce8b64-e24a-46a7-bb3c-804190713db0",
            "ticker": "KXHIGHMIA-25APR19-B82.5",
            "count": 31,
            "created_time": "2025-04-19T15:07:57.43669Z",
            "yes_price": 76,
            "no_price": 24,
            "taker_side": "yes"
        },
        {
            "trade_id": "828f75be-9621-47b4-ad7a-e3799b542ed7",
            "ticker": "KXHIGHMIA-25APR19-B82.5",
            "count": 2,
            "created_time": "2025-04-19T14:42:25.443891Z",
            "yes_price": 76,
            "no_price": 24,
            "taker_side": "yes"
        },
        {
            "trade_id": "d9c7e55c-5ee4-4af1-a201-241a5ac000e6",
            "ticker": "KXHIGHMIA-25APR19-B82.5",
            "count": 1,
            "created_time": "2025-04-19T14:25:54.900805Z",
            "yes_price": 75,
            "no_price": 25,
            "taker_side": "yes"
        },
        {
            "trade_id": "9fdc5250-b810-4f33-ab8e-272db8a8e15c",
            "ticker": "KXHIGHMIA-25APR19-B82.5",
            "count": 2,
            "created_time": "2025-04-19T14:24:17.560132Z",
            "yes_price": 75,
            "no_price": 25,
            "taker_side": "yes"
        },
        {
            "trade_id": "841582d3-876b-4248-9d24-21f1b791d194",
            "ticker": "KXHIGHMIA-25APR19-B82.5",
            "count": 7,
            "created_time": "2025-04-19T14:24:17.560132Z",
            "yes_price": 75,
            "no_price": 25,
            "taker_side": "yes"
        },
        {
            "trade_id": "3f88b733-83ca-4999-beec-1c51268fc8bc",
            "ticker": "KXHIGHMIA-25APR19-B82.5",
            "count": 26,
            "created_time": "2025-04-19T14:23:40.859907Z",
            "yes_price": 75,
            "no_price": 25,
            "taker_side": "yes"
        },
        {
            "trade_id": "c29fe5ed-b8c2-4fad-99e8-06331dc4784b",
            "ticker": "KXHIGHMIA-25APR19-B82.5",
            "count": 4,
            "created_time": "2025-04-19T14:04:38.891963Z",
            "yes_price": 71,
            "no_price": 29,
            "taker_side": "yes"
        },
        {
            "trade_id": "64be97e2-dfa1-4f96-aecd-2386433fdff1",
            "ticker": "KXHIGHMIA-25APR19-B82.5",
            "count": 2,
            "created_time": "2025-04-19T13:54:38.828785Z",
            "yes_price": 71,
            "no_price": 29,
            "taker_side": "yes"
        },
        {
            "trade_id": "46ba33da-c619-4975-bf0c-4b9189c93929",
            "ticker": "KXHIGHMIA-25APR19-B82.5",
            "count": 23,
            "created_time": "2025-04-19T13:52:21.818261Z",
            "yes_price": 71,
            "no_price": 29,
            "taker_side": "yes"
        },
        {
            "trade_id": "4217058c-3171-4537-a377-01e6d1b38090",
            "ticker": "KXHIGHMIA-25APR19-B82.5",
            "count": 7,
            "created_time": "2025-04-19T13:52:21.818261Z",
            "yes_price": 70,
            "no_price": 30,
            "taker_side": "yes"
        },
        {
            "trade_id": "2d23be0d-2adc-4f5a-b2fd-8261ff70c38c",
            "ticker": "KXHIGHMIA-25APR19-B82.5",
            "count": 6,
            "created_time": "2025-04-19T12:59:57.67515Z",
            "yes_price": 64,
            "no_price": 36,
            "taker_side": "no"
        },
        {
            "trade_id": "4b710400-141e-475f-b48f-c5d76a6aa168",
            "ticker": "KXHIGHMIA-25APR19-B82.5",
            "count": 7,
            "created_time": "2025-04-19T12:53:16.08679Z",
            "yes_price": 69,
            "no_price": 31,
            "taker_side": "yes"
        },
        {
            "trade_id": "c892c846-a528-40df-998f-1eb47169efa2",
            "ticker": "KXHIGHMIA-25APR19-B82.5",
            "count": 17,
            "created_time": "2025-04-19T12:47:12.420203Z",
            "yes_price": 65,
            "no_price": 35,
            "taker_side": "no"
        },
        {
            "trade_id": "c1b9a2c1-d45f-4b6e-8bb1-e6583d0cbea6",
            "ticker": "KXHIGHMIA-25APR19-B82.5",
            "count": 5,
            "created_time": "2025-04-19T12:47:12.420203Z",
            "yes_price": 66,
            "no_price": 34,
            "taker_side": "no"
        },
        {
            "trade_id": "7f33a851-11e8-404a-8ade-b0b29286c049",
            "ticker": "KXHIGHMIA-25APR19-B82.5",
            "count": 5,
            "created_time": "2025-04-19T12:47:12.420203Z",
            "yes_price": 65,
            "no_price": 35,
            "taker_side": "no"
        },
        {
            "trade_id": "d43efaac-ea34-4c41-aa84-8459a7a5bcca",
            "ticker": "KXHIGHMIA-25APR19-B82.5",
            "count": 48,
            "created_time": "2025-04-19T12:30:43.626781Z",
            "yes_price": 73,
            "no_price": 27,
            "taker_side": "yes"
        },
        {
            "trade_id": "7689d4cc-1134-4140-a2a1-177997d13146",
            "ticker": "KXHIGHMIA-25APR19-B82.5",
            "count": 20,
            "created_time": "2025-04-19T12:30:43.626781Z",
            "yes_price": 74,
            "no_price": 26,
            "taker_side": "yes"
        },
        {
            "trade_id": "18f2c399-fd56-472e-b0fa-faa63a8bbc85",
            "ticker": "KXHIGHMIA-25APR19-B82.5",
            "count": 2,
            "created_time": "2025-04-19T12:29:45.339567Z",
            "yes_price": 73,
            "no_price": 27,
            "taker_side": "yes"
        },
        {
            "trade_id": "fe107295-f63c-4974-8ce1-cb1e0a6e23d6",
            "ticker": "KXHIGHMIA-25APR19-B82.5",
            "count": 60,
            "created_time": "2025-04-19T12:05:02.442258Z",
            "yes_price": 74,
            "no_price": 26,
            "taker_side": "yes"
        },
        {
            "trade_id": "78b4f777-21ed-4c72-92d3-c9ab4d5a84bf",
            "ticker": "KXHIGHMIA-25APR19-B82.5",
            "count": 36,
            "created_time": "2025-04-19T12:05:02.442258Z",
            "yes_price": 73,
            "no_price": 27,
            "taker_side": "yes"
        },
        {
            "trade_id": "5b10b06b-b3ca-46bb-9737-1fefdd4efd38",
            "ticker": "KXHIGHMIA-25APR19-B82.5",
            "count": 17,
            "created_time": "2025-04-19T12:05:02.442258Z",
            "yes_price": 75,
            "no_price": 25,
            "taker_side": "yes"
        },
        {
            "trade_id": "638d342e-8e0b-40a4-8fdd-a85f6d5c2596",
            "ticker": "KXHIGHMIA-25APR19-B82.5",
            "count": 71,
            "created_time": "2025-04-19T05:40:06.986535Z",
            "yes_price": 67,
            "no_price": 33,
            "taker_side": "yes"
        },
        {
            "trade_id": "1ea8a1f1-240b-4a48-add5-13f6477b152c",
            "ticker": "KXHIGHMIA-25APR19-B82.5",
            "count": 60,
            "created_time": "2025-04-19T05:40:06.986535Z",
            "yes_price": 68,
            "no_price": 32,
            "taker_side": "yes"
        },
        {
            "trade_id": "1b606c7c-2a4a-4566-b9f8-efce48f6b0d4",
            "ticker": "KXHIGHMIA-25APR19-B82.5",
            "count": 3,
            "created_time": "2025-04-19T05:40:06.986535Z",
            "yes_price": 67,
            "no_price": 33,
            "taker_side": "yes"
        },
        {
            "trade_id": "0e90732c-aabe-4854-aac7-4a4bdadaee93",
            "ticker": "KXHIGHMIA-25APR19-B82.5",
            "count": 8,
            "created_time": "2025-04-19T05:40:06.986535Z",
            "yes_price": 68,
            "no_price": 32,
            "taker_side": "yes"
        },
        {
            "trade_id": "4c9970df-4daa-4714-a60c-d847e6380325",
            "ticker": "KXHIGHMIA-25APR19-B82.5",
            "count": 7,
            "created_time": "2025-04-19T05:31:11.09837Z",
            "yes_price": 67,
            "no_price": 33,
            "taker_side": "yes"
        },
        {
            "trade_id": "4daca17e-2615-448c-8caa-ff54d5609841",
            "ticker": "KXHIGHMIA-25APR19-B82.5",
            "count": 9,
            "created_time": "2025-04-19T03:26:07.122506Z",
            "yes_price": 67,
            "no_price": 33,
            "taker_side": "yes"
        },
        {
            "trade_id": "14e2a1d5-d878-4523-b6f4-fdf32f108628",
            "ticker": "KXHIGHMIA-25APR19-B82.5",
            "count": 5,
            "created_time": "2025-04-19T03:26:07.122506Z",
            "yes_price": 66,
            "no_price": 34,
            "taker_side": "yes"
        },
        {
            "trade_id": "e1c2dba4-96e9-4545-a33d-b9e6be5b6a7b",
            "ticker": "KXHIGHMIA-25APR19-B82.5",
            "count": 61,
            "created_time": "2025-04-19T02:57:52.715164Z",
            "yes_price": 64,
            "no_price": 36,
            "taker_side": "yes"
        },
        {
            "trade_id": "bc5968a7-2171-4330-b790-95c3a324ef62",
            "ticker": "KXHIGHMIA-25APR19-B82.5",
            "count": 32,
            "created_time": "2025-04-19T02:57:52.715164Z",
            "yes_price": 66,
            "no_price": 34,
            "taker_side": "yes"
        },
        {
            "trade_id": "60239ac7-066f-4b0e-90d6-7271b762687c",
            "ticker": "KXHIGHMIA-25APR19-B82.5",
            "count": 60,
            "created_time": "2025-04-19T02:57:52.715164Z",
            "yes_price": 66,
            "no_price": 34,
            "taker_side": "yes"
        },
        {
            "trade_id": "5669c9f4-0eac-4f1f-a97c-f80e513bb631",
            "ticker": "KXHIGHMIA-25APR19-B82.5",
            "count": 80,
            "created_time": "2025-04-19T02:57:52.715164Z",
            "yes_price": 66,
            "no_price": 34,
            "taker_side": "yes"
        },
        {
            "trade_id": "365be827-45d9-4b42-87f5-37b444107316",
            "ticker": "KXHIGHMIA-25APR19-B82.5",
            "count": 60,
            "created_time": "2025-04-19T02:57:52.715164Z",
            "yes_price": 65,
            "no_price": 35,
            "taker_side": "yes"
        },
        {
            "trade_id": "77b680ee-7c52-4e13-b500-bae05872b689",
            "ticker": "KXHIGHMIA-25APR19-B82.5",
            "count": 21,
            "created_time": "2025-04-19T02:36:36.636213Z",
            "yes_price": 63,
            "no_price": 37,
            "taker_side": "yes"
        },
        {
            "trade_id": "3468bf81-d87f-4195-9d9a-64f45ea07acd",
            "ticker": "KXHIGHMIA-25APR19-B82.5",
            "count": 30,
            "created_time": "2025-04-19T02:36:36.636213Z",
            "yes_price": 63,
            "no_price": 37,
            "taker_side": "yes"
        },
        {
            "trade_id": "74970a42-dda9-4f34-9555-6d340d496b56",
            "ticker": "KXHIGHMIA-25APR19-B82.5",
            "count": 7,
            "created_time": "2025-04-19T02:03:49.298723Z",
            "yes_price": 62,
            "no_price": 38,
            "taker_side": "yes"
        },
        {
            "trade_id": "2d060462-68fe-4fa6-a848-8e02d0def58d",
            "ticker": "KXHIGHMIA-25APR19-B82.5",
            "count": 23,
            "created_time": "2025-04-19T02:01:15.042Z",
            "yes_price": 62,
            "no_price": 38,
            "taker_side": "yes"
        },
        {
            "trade_id": "def7e2e9-d30b-4f37-8ead-c471f5ce76b2",
            "ticker": "KXHIGHMIA-25APR19-B82.5",
            "count": 17,
            "created_time": "2025-04-19T01:57:27.661623Z",
            "yes_price": 61,
            "no_price": 39,
            "taker_side": "no"
        },
        {
            "trade_id": "1b8e5694-04b3-431f-a44b-d29d26880f1f",
            "ticker": "KXHIGHMIA-25APR19-B82.5",
            "count": 10,
            "created_time": "2025-04-19T01:43:40.274156Z",
            "yes_price": 63,
            "no_price": 37,
            "taker_side": "yes"
        },
        {
            "trade_id": "af49fd96-c60f-458e-b451-06b4a40794da",
            "ticker": "KXHIGHMIA-25APR19-B82.5",
            "count": 20,
            "created_time": "2025-04-19T01:41:39.74959Z",
            "yes_price": 63,
            "no_price": 37,
            "taker_side": "yes"
        },
        {
            "trade_id": "1d82869d-5998-464b-aec1-5a8704f59b5e",
            "ticker": "KXHIGHMIA-25APR19-B82.5",
            "count": 33,
            "created_time": "2025-04-18T23:48:23.278215Z",
            "yes_price": 61,
            "no_price": 39,
            "taker_side": "yes"
        },
        {
            "trade_id": "1a4c20e8-1e04-465f-a748-06f438832385",
            "ticker": "KXHIGHMIA-25APR19-B82.5",
            "count": 5,
            "created_time": "2025-04-18T23:42:10.276493Z",
            "yes_price": 60,
            "no_price": 40,
            "taker_side": "yes"
        },
        {
            "trade_id": "ebc02872-6207-458b-9552-8d852616ed05",
            "ticker": "KXHIGHMIA-25APR19-B82.5",
            "count": 1,
            "created_time": "2025-04-18T22:41:33.300635Z",
            "yes_price": 65,
            "no_price": 35,
            "taker_side": "yes"
        },
        {
            "trade_id": "79aaa453-4f59-48f8-b630-0573b6b4f7fa",
            "ticker": "KXHIGHMIA-25APR19-B82.5",
            "count": 1,
            "created_time": "2025-04-18T21:42:25.46283Z",
            "yes_price": 64,
            "no_price": 36,
            "taker_side": "yes"
        },
        {
            "trade_id": "9aa2bc25-2c86-4f67-8f31-f0b80a67b756",
            "ticker": "KXHIGHMIA-25APR19-B82.5",
            "count": 23,
            "created_time": "2025-04-18T21:11:07.431808Z",
            "yes_price": 61,
            "no_price": 39,
            "taker_side": "yes"
        },
        {
            "trade_id": "3806b4e4-de1c-4b27-a8c0-96aa0f207d3c",
            "ticker": "KXHIGHMIA-25APR19-B82.5",
            "count": 21,
            "created_time": "2025-04-18T21:11:07.431808Z",
            "yes_price": 62,
            "no_price": 38,
            "taker_side": "yes"
        },
        {
            "trade_id": "453e6943-bf15-42ed-9580-8b544ad5ed69",
            "ticker": "KXHIGHMIA-25APR19-B82.5",
            "count": 3,
            "created_time": "2025-04-18T19:44:22.023845Z",
            "yes_price": 64,
            "no_price": 36,
            "taker_side": "yes"
        },
        {
            "trade_id": "4ba1f7d6-d563-4965-a633-04f523413447",
            "ticker": "KXHIGHMIA-25APR19-B82.5",
            "count": 30,
            "created_time": "2025-04-18T19:42:52.428948Z",
            "yes_price": 64,
            "no_price": 36,
            "taker_side": "yes"
        },
        {
            "trade_id": "f588e0bb-43f5-4737-b255-b6a41f96ef81",
            "ticker": "KXHIGHMIA-25APR19-B82.5",
            "count": 10,
            "created_time": "2025-04-18T19:34:03.37893Z",
            "yes_price": 64,
            "no_price": 36,
            "taker_side": "yes"
        },
        {
            "trade_id": "b16fe0af-8477-4f17-b026-97a68def805a",
            "ticker": "KXHIGHMIA-25APR19-B82.5",
            "count": 5,
            "created_time": "2025-04-18T19:34:03.37893Z",
            "yes_price": 63,
            "no_price": 37,
            "taker_side": "yes"
        },
        {
            "trade_id": "94081905-fa6e-4ec4-9cd0-caa28a0758e5",
            "ticker": "KXHIGHMIA-25APR19-B82.5",
            "count": 33,
            "created_time": "2025-04-18T18:56:34.542241Z",
            "yes_price": 64,
            "no_price": 36,
            "taker_side": "yes"
        },
        {
            "trade_id": "54d39874-8aa4-4c15-81b1-88fdb18b128d",
            "ticker": "KXHIGHMIA-25APR19-B82.5",
            "count": 5,
            "created_time": "2025-04-18T18:56:34.542241Z",
            "yes_price": 63,
            "no_price": 37,
            "taker_side": "yes"
        },
        {
            "trade_id": "1e8c2448-909f-4e8c-837c-1b6e7c2c7819",
            "ticker": "KXHIGHMIA-25APR19-B82.5",
            "count": 32,
            "created_time": "2025-04-18T18:12:19.293855Z",
            "yes_price": 58,
            "no_price": 42,
            "taker_side": "no"
        },
        {
            "trade_id": "b59dd21a-2ce1-467c-afb9-2ef44bc8b7a8",
            "ticker": "KXHIGHMIA-25APR19-B82.5",
            "count": 32,
            "created_time": "2025-04-18T18:12:10.609563Z",
            "yes_price": 60,
            "no_price": 40,
            "taker_side": "yes"
        },
        {
            "trade_id": "df47678b-6241-4329-988e-a2221b5fda0a",
            "ticker": "KXHIGHMIA-25APR19-B82.5",
            "count": 7,
            "created_time": "2025-04-18T18:10:48.954446Z",
            "yes_price": 62,
            "no_price": 38,
            "taker_side": "yes"
        },
        {
            "trade_id": "ae6fe947-1b7f-4c1a-9709-9e18108d1e6f",
            "ticker": "KXHIGHMIA-25APR19-B82.5",
            "count": 3,
            "created_time": "2025-04-18T16:45:47.000491Z",
            "yes_price": 60,
            "no_price": 40,
            "taker_side": "yes"
        },
        {
            "trade_id": "e5d3e2a2-d062-4b6a-a04a-2bc057e4b5ab",
            "ticker": "KXHIGHMIA-25APR19-B82.5",
            "count": 3,
            "created_time": "2025-04-18T16:13:03.902759Z",
            "yes_price": 59,
            "no_price": 41,
            "taker_side": "no"
        },
        {
            "trade_id": "75183d3a-0178-4bce-a35b-593b2dbb3c3d",
            "ticker": "KXHIGHMIA-25APR19-B82.5",
            "count": 6,
            "created_time": "2025-04-18T15:24:53.913895Z",
            "yes_price": 62,
            "no_price": 38,
            "taker_side": "yes"
        },
        {
            "trade_id": "c1dfae2e-dcf8-4d22-bf5f-1d990e23e565",
            "ticker": "KXHIGHMIA-25APR19-B82.5",
            "count": 32,
            "created_time": "2025-04-18T14:15:24.423172Z",
            "yes_price": 58,
            "no_price": 42,
            "taker_side": "yes"
        },
        {
            "trade_id": "e8b5190f-b8df-4aab-b58a-1907b8d15241",
            "ticker": "KXHIGHMIA-25APR19-B82.5",
            "count": 30,
            "created_time": "2025-04-18T14:15:24.363367Z",
            "yes_price": 44,
            "no_price": 56,
            "taker_side": "yes"
        },
        {
            "trade_id": "6a3e522a-884a-4cd6-82dd-b0a57530a58e",
            "ticker": "KXHIGHMIA-25APR19-B82.5",
            "count": 3,
            "created_time": "2025-04-18T14:15:24.363367Z",
            "yes_price": 44,
            "no_price": 56,
            "taker_side": "yes"
        }
    ],
    "KXHIGHMIA-25APR19-B84.5": [
        {
            "trade_id": "73bc5d33-39c7-49bc-96a6-04146565707a",
            "ticker": "KXHIGHMIA-25APR19-B84.5",
            "count": 3,
            "created_time": "2025-04-19T20:47:23.369066Z",
            "yes_price": 1,
            "no_price": 99,
            "taker_side": "no"
        },
        {
            "trade_id": "f8092682-926e-4fb5-8e7d-5f7f84a70d93",
            "ticker": "KXHIGHMIA-25APR19-B84.5",
            "count": 50,
            "created_time": "2025-04-19T20:18:11.683757Z",
            "yes_price": 2,
            "no_price": 98,
            "taker_side": "no"
        },
        {
            "trade_id": "e448e64b-450e-48b9-9969-2a6b239dc774",
            "ticker": "KXHIGHMIA-25APR19-B84.5",
            "count": 50,
            "created_time": "2025-04-19T20:18:11.683757Z",
            "yes_price": 2,
            "no_price": 98,
            "taker_side": "no"
        },
        {
            "trade_id": "987092c3-1507-4f30-8d15-00baf0ec5cea",
            "ticker": "KXHIGHMIA-25APR19-B84.5",
            "count": 10,
            "created_time": "2025-04-19T17:44:46.247216Z",
            "yes_price": 2,
            "no_price": 98,
            "taker_side": "no"
        },
        {
            "trade_id": "ee99fa3c-7cd6-4e3d-a074-d9671b723005",
            "ticker": "KXHIGHMIA-25APR19-B84.5",
            "count": 100,
            "created_time": "2025-04-19T17:37:32.952078Z",
            "yes_price": 2,
            "no_price": 98,
            "taker_side": "no"
        },
        {
            "trade_id": "8ee27796-e7a8-43da-a50b-675dcd96727f",
            "ticker": "KXHIGHMIA-25APR19-B84.5",
            "count": 50,
            "created_time": "2025-04-19T17:37:32.952078Z",
            "yes_price": 2,
            "no_price": 98,
            "taker_side": "no"
        },
        {
            "trade_id": "03642977-18ee-4096-9cf9-c9c1962defe1",
            "ticker": "KXHIGHMIA-25APR19-B84.5",
            "count": 15,
            "created_time": "2025-04-19T17:37:32.952078Z",
            "yes_price": 1,
            "no_price": 99,
            "taker_side": "no"
        },
        {
            "trade_id": "5748604f-9ce5-47fc-95ab-5ad4381e3349",
            "ticker": "KXHIGHMIA-25APR19-B84.5",
            "count": 2,
            "created_time": "2025-04-19T17:24:20.476158Z",
            "yes_price": 5,
            "no_price": 95,
            "taker_side": "yes"
        },
        {
            "trade_id": "8c263160-90e6-41a0-885f-d6441bfe9950",
            "ticker": "KXHIGHMIA-25APR19-B84.5",
            "count": 10,
            "created_time": "2025-04-19T16:34:44.043205Z",
            "yes_price": 10,
            "no_price": 90,
            "taker_side": "no"
        },
        {
            "trade_id": "abfe8631-3d6c-4ea3-a8f9-7f31b7c75bb5",
            "ticker": "KXHIGHMIA-25APR19-B84.5",
            "count": 13,
            "created_time": "2025-04-19T16:21:25.541788Z",
            "yes_price": 9,
            "no_price": 91,
            "taker_side": "yes"
        },
        {
            "trade_id": "32d44351-c1f6-44c4-8578-6abd0bb5181a",
            "ticker": "KXHIGHMIA-25APR19-B84.5",
            "count": 147,
            "created_time": "2025-04-19T16:21:25.541788Z",
            "yes_price": 9,
            "no_price": 91,
            "taker_side": "yes"
        },
        {
            "trade_id": "288942cf-f783-4276-9faa-9aecaee16edf",
            "ticker": "KXHIGHMIA-25APR19-B84.5",
            "count": 5,
            "created_time": "2025-04-19T16:21:25.541788Z",
            "yes_price": 8,
            "no_price": 92,
            "taker_side": "yes"
        },
        {
            "trade_id": "b8132282-f4f2-4921-a34b-4175c87460c3",
            "ticker": "KXHIGHMIA-25APR19-B84.5",
            "count": 6,
            "created_time": "2025-04-19T16:12:31.822178Z",
            "yes_price": 8,
            "no_price": 92,
            "taker_side": "no"
        },
        {
            "trade_id": "a222ab2d-55f9-4239-85cf-5035500ec522",
            "ticker": "KXHIGHMIA-25APR19-B84.5",
            "count": 70,
            "created_time": "2025-04-19T16:12:31.822178Z",
            "yes_price": 8,
            "no_price": 92,
            "taker_side": "no"
        },
        {
            "trade_id": "ee21be7d-e242-4420-96ec-c6f38c034327",
            "ticker": "KXHIGHMIA-25APR19-B84.5",
            "count": 1,
            "created_time": "2025-04-19T16:12:07.233262Z",
            "yes_price": 9,
            "no_price": 91,
            "taker_side": "no"
        },
        {
            "trade_id": "2f1fe470-50cc-4e69-a678-2b48c6c24559",
            "ticker": "KXHIGHMIA-25APR19-B84.5",
            "count": 33,
            "created_time": "2025-04-19T15:45:36.434251Z",
            "yes_price": 12,
            "no_price": 88,
            "taker_side": "no"
        },
        {
            "trade_id": "f4b7c5ee-5cc5-449d-897d-36ade485f09e",
            "ticker": "KXHIGHMIA-25APR19-B84.5",
            "count": 50,
            "created_time": "2025-04-19T15:44:50.235573Z",
            "yes_price": 14,
            "no_price": 86,
            "taker_side": "no"
        },
        {
            "trade_id": "6e8fce1d-d26e-4535-bccb-5d02b15f8207",
            "ticker": "KXHIGHMIA-25APR19-B84.5",
            "count": 5,
            "created_time": "2025-04-19T15:44:50.235573Z",
            "yes_price": 15,
            "no_price": 85,
            "taker_side": "no"
        },
        {
            "trade_id": "60d8b3e4-ae48-4ac9-a82d-c8a0e2049553",
            "ticker": "KXHIGHMIA-25APR19-B84.5",
            "count": 5,
            "created_time": "2025-04-19T15:43:06.600669Z",
            "yes_price": 11,
            "no_price": 89,
            "taker_side": "no"
        },
        {
            "trade_id": "dbce8dff-1faa-4759-8b7c-2c8c7596e70c",
            "ticker": "KXHIGHMIA-25APR19-B84.5",
            "count": 34,
            "created_time": "2025-04-19T15:40:47.084934Z",
            "yes_price": 20,
            "no_price": 80,
            "taker_side": "yes"
        },
        {
            "trade_id": "97e10204-06b4-4633-bbc6-26f2ccf69338",
            "ticker": "KXHIGHMIA-25APR19-B84.5",
            "count": 85,
            "created_time": "2025-04-19T15:40:38.585847Z",
            "yes_price": 9,
            "no_price": 91,
            "taker_side": "yes"
        },
        {
            "trade_id": "0ffcffea-de36-4921-a8ed-9de45d8ffb76",
            "ticker": "KXHIGHMIA-25APR19-B84.5",
            "count": 3,
            "created_time": "2025-04-19T15:40:38.585847Z",
            "yes_price": 9,
            "no_price": 91,
            "taker_side": "yes"
        },
        {
            "trade_id": "fc536d79-543e-42c7-9b55-c97e59d208a2",
            "ticker": "KXHIGHMIA-25APR19-B84.5",
            "count": 39,
            "created_time": "2025-04-19T15:36:50.83828Z",
            "yes_price": 9,
            "no_price": 91,
            "taker_side": "yes"
        },
        {
            "trade_id": "d68d7ed2-7db9-436d-b6ed-97eae73fcecc",
            "ticker": "KXHIGHMIA-25APR19-B84.5",
            "count": 34,
            "created_time": "2025-04-19T15:03:47.688375Z",
            "yes_price": 7,
            "no_price": 93,
            "taker_side": "no"
        },
        {
            "trade_id": "bdf5e7a0-ff41-41dc-b3ae-dfc7a96e69b6",
            "ticker": "KXHIGHMIA-25APR19-B84.5",
            "count": 41,
            "created_time": "2025-04-19T15:03:47.688375Z",
            "yes_price": 8,
            "no_price": 92,
            "taker_side": "no"
        },
        {
            "trade_id": "34037a2c-fd8e-4d15-b8fb-25eb941a7d59",
            "ticker": "KXHIGHMIA-25APR19-B84.5",
            "count": 8,
            "created_time": "2025-04-19T15:03:47.688375Z",
            "yes_price": 7,
            "no_price": 93,
            "taker_side": "no"
        },
        {
            "trade_id": "293aa398-5c44-4716-9cff-02bef5231c7e",
            "ticker": "KXHIGHMIA-25APR19-B84.5",
            "count": 24,
            "created_time": "2025-04-19T15:03:47.688375Z",
            "yes_price": 6,
            "no_price": 94,
            "taker_side": "no"
        },
        {
            "trade_id": "d3cd7c5d-0dac-4a4e-b0ce-a05b81cf4d7d",
            "ticker": "KXHIGHMIA-25APR19-B84.5",
            "count": 48,
            "created_time": "2025-04-19T14:37:34.181923Z",
            "yes_price": 8,
            "no_price": 92,
            "taker_side": "no"
        },
        {
            "trade_id": "98e00c82-23d6-47eb-b720-ae3e825461ca",
            "ticker": "KXHIGHMIA-25APR19-B84.5",
            "count": 60,
            "created_time": "2025-04-19T14:37:34.181923Z",
            "yes_price": 9,
            "no_price": 91,
            "taker_side": "no"
        },
        {
            "trade_id": "70e478cc-ecbc-4069-935a-ebb37d062037",
            "ticker": "KXHIGHMIA-25APR19-B84.5",
            "count": 25,
            "created_time": "2025-04-19T14:27:16.120775Z",
            "yes_price": 9,
            "no_price": 91,
            "taker_side": "no"
        },
        {
            "trade_id": "9626abb8-279f-44d2-9e30-6f7a2dbac128",
            "ticker": "KXHIGHMIA-25APR19-B84.5",
            "count": 28,
            "created_time": "2025-04-19T14:26:31.976728Z",
            "yes_price": 9,
            "no_price": 91,
            "taker_side": "no"
        },
        {
            "trade_id": "147d6546-f455-4ab6-9b9e-a132503731e4",
            "ticker": "KXHIGHMIA-25APR19-B84.5",
            "count": 2,
            "created_time": "2025-04-19T14:24:24.496924Z",
            "yes_price": 10,
            "no_price": 90,
            "taker_side": "yes"
        },
        {
            "trade_id": "118c88e0-0cc7-45fd-886d-14d8e7e0675f",
            "ticker": "KXHIGHMIA-25APR19-B84.5",
            "count": 26,
            "created_time": "2025-04-19T14:24:24.496924Z",
            "yes_price": 10,
            "no_price": 90,
            "taker_side": "yes"
        },
        {
            "trade_id": "e39ba5f9-8e55-4d21-a4ad-dde3ae48dcec",
            "ticker": "KXHIGHMIA-25APR19-B84.5",
            "count": 2,
            "created_time": "2025-04-19T14:06:06.079486Z",
            "yes_price": 10,
            "no_price": 90,
            "taker_side": "no"
        },
        {
            "trade_id": "af9bcfd2-1640-424d-9dc1-8abdc12cc95b",
            "ticker": "KXHIGHMIA-25APR19-B84.5",
            "count": 20,
            "created_time": "2025-04-19T14:06:06.079486Z",
            "yes_price": 10,
            "no_price": 90,
            "taker_side": "no"
        },
        {
            "trade_id": "a491e523-fcc0-482b-a08e-a27561255246",
            "ticker": "KXHIGHMIA-25APR19-B84.5",
            "count": 2,
            "created_time": "2025-04-19T14:06:06.079486Z",
            "yes_price": 9,
            "no_price": 91,
            "taker_side": "no"
        },
        {
            "trade_id": "7f5c8a69-5ec4-445d-9fb8-47bed4a51679",
            "ticker": "KXHIGHMIA-25APR19-B84.5",
            "count": 7,
            "created_time": "2025-04-19T14:03:47.879386Z",
            "yes_price": 13,
            "no_price": 87,
            "taker_side": "yes"
        },
        {
            "trade_id": "aee594bb-8610-4db9-9916-ba42abbe7920",
            "ticker": "KXHIGHMIA-25APR19-B84.5",
            "count": 75,
            "created_time": "2025-04-19T13:54:17.368456Z",
            "yes_price": 10,
            "no_price": 90,
            "taker_side": "no"
        },
        {
            "trade_id": "6e405a5c-5105-4a82-93c5-64435fc1e03a",
            "ticker": "KXHIGHMIA-25APR19-B84.5",
            "count": 107,
            "created_time": "2025-04-19T13:54:17.368456Z",
            "yes_price": 9,
            "no_price": 91,
            "taker_side": "no"
        },
        {
            "trade_id": "eb27d38b-8cdf-4326-be23-858ddcf5b628",
            "ticker": "KXHIGHMIA-25APR19-B84.5",
            "count": 25,
            "created_time": "2025-04-19T13:44:22.458765Z",
            "yes_price": 10,
            "no_price": 90,
            "taker_side": "no"
        },
        {
            "trade_id": "8aefc69a-f425-4324-a485-b05d6011b1ed",
            "ticker": "KXHIGHMIA-25APR19-B84.5",
            "count": 5,
            "created_time": "2025-04-19T13:36:46.644906Z",
            "yes_price": 10,
            "no_price": 90,
            "taker_side": "yes"
        },
        {
            "trade_id": "4cca7b22-fa27-4ac9-a3e2-458b1a968cf0",
            "ticker": "KXHIGHMIA-25APR19-B84.5",
            "count": 23,
            "created_time": "2025-04-19T13:36:46.644906Z",
            "yes_price": 12,
            "no_price": 88,
            "taker_side": "yes"
        },
        {
            "trade_id": "d6f4b431-7e6b-4e28-8faf-1367f45826c9",
            "ticker": "KXHIGHMIA-25APR19-B84.5",
            "count": 5,
            "created_time": "2025-04-19T13:36:37.822396Z",
            "yes_price": 8,
            "no_price": 92,
            "taker_side": "no"
        },
        {
            "trade_id": "6fdec6e3-7b59-4b8c-8899-5f9340de3644",
            "ticker": "KXHIGHMIA-25APR19-B84.5",
            "count": 6,
            "created_time": "2025-04-19T12:59:57.661458Z",
            "yes_price": 8,
            "no_price": 92,
            "taker_side": "no"
        },
        {
            "trade_id": "ffd7cae6-49dc-46cb-a0ed-cb906ac44bb6",
            "ticker": "KXHIGHMIA-25APR19-B84.5",
            "count": 5,
            "created_time": "2025-04-19T05:40:05.21779Z",
            "yes_price": 19,
            "no_price": 81,
            "taker_side": "no"
        },
        {
            "trade_id": "7501baf4-e9f3-4d67-a5f2-94e7c592b3b8",
            "ticker": "KXHIGHMIA-25APR19-B84.5",
            "count": 5,
            "created_time": "2025-04-19T05:40:05.21779Z",
            "yes_price": 19,
            "no_price": 81,
            "taker_side": "no"
        },
        {
            "trade_id": "19876773-5f35-4ddc-b9da-0a3cd4e34e25",
            "ticker": "KXHIGHMIA-25APR19-B84.5",
            "count": 6,
            "created_time": "2025-04-19T04:24:18.401802Z",
            "yes_price": 12,
            "no_price": 88,
            "taker_side": "no"
        },
        {
            "trade_id": "e9ec2424-7edb-482a-b813-3863df9b30c6",
            "ticker": "KXHIGHMIA-25APR19-B84.5",
            "count": 17,
            "created_time": "2025-04-19T04:23:59.280732Z",
            "yes_price": 15,
            "no_price": 85,
            "taker_side": "yes"
        },
        {
            "trade_id": "ce1808d0-ef7e-4f2f-b851-7d7b285f04e6",
            "ticker": "KXHIGHMIA-25APR19-B84.5",
            "count": 120,
            "created_time": "2025-04-19T04:23:59.280732Z",
            "yes_price": 16,
            "no_price": 84,
            "taker_side": "yes"
        },
        {
            "trade_id": "8fa0a3b2-7d9a-41c1-9d5c-7e9832af763b",
            "ticker": "KXHIGHMIA-25APR19-B84.5",
            "count": 109,
            "created_time": "2025-04-19T04:23:59.280732Z",
            "yes_price": 14,
            "no_price": 86,
            "taker_side": "yes"
        },
        {
            "trade_id": "55816cac-f647-4e47-bc8a-0a8e2cabafc8",
            "ticker": "KXHIGHMIA-25APR19-B84.5",
            "count": 104,
            "created_time": "2025-04-19T04:23:59.280732Z",
            "yes_price": 16,
            "no_price": 84,
            "taker_side": "yes"
        },
        {
            "trade_id": "2b68c4db-4722-4eeb-85f1-46f545f88dba",
            "ticker": "KXHIGHMIA-25APR19-B84.5",
            "count": 3,
            "created_time": "2025-04-19T04:00:27.881742Z",
            "yes_price": 12,
            "no_price": 88,
            "taker_side": "no"
        },
        {
            "trade_id": "4c9304b0-73e0-4675-8299-96b8a0308181",
            "ticker": "KXHIGHMIA-25APR19-B84.5",
            "count": 29,
            "created_time": "2025-04-19T03:57:23.892175Z",
            "yes_price": 12,
            "no_price": 88,
            "taker_side": "no"
        },
        {
            "trade_id": "d7d5c5d0-9f01-4edb-bf30-41b1fb0fa545",
            "ticker": "KXHIGHMIA-25APR19-B84.5",
            "count": 12,
            "created_time": "2025-04-19T03:54:25.052529Z",
            "yes_price": 12,
            "no_price": 88,
            "taker_side": "no"
        },
        {
            "trade_id": "a9e4336a-f73a-4909-9b24-c30d7c15ef33",
            "ticker": "KXHIGHMIA-25APR19-B84.5",
            "count": 18,
            "created_time": "2025-04-19T03:34:59.765683Z",
            "yes_price": 12,
            "no_price": 88,
            "taker_side": "no"
        },
        {
            "trade_id": "a13b5271-9ca4-4fd1-b331-3786e0e39da5",
            "ticker": "KXHIGHMIA-25APR19-B84.5",
            "count": 10,
            "created_time": "2025-04-19T03:34:59.765683Z",
            "yes_price": 12,
            "no_price": 88,
            "taker_side": "no"
        },
        {
            "trade_id": "72c9935a-2a88-4bce-9143-1abba75db3df",
            "ticker": "KXHIGHMIA-25APR19-B84.5",
            "count": 2,
            "created_time": "2025-04-19T03:34:59.765683Z",
            "yes_price": 12,
            "no_price": 88,
            "taker_side": "no"
        },
        {
            "trade_id": "1d666585-e63d-4d41-995b-36dc21b7b44f",
            "ticker": "KXHIGHMIA-25APR19-B84.5",
            "count": 2,
            "created_time": "2025-04-19T02:03:27.421482Z",
            "yes_price": 7,
            "no_price": 93,
            "taker_side": "no"
        },
        {
            "trade_id": "3e6c3818-fb16-4963-a0a1-5f685247f930",
            "ticker": "KXHIGHMIA-25APR19-B84.5",
            "count": 3,
            "created_time": "2025-04-19T02:01:19.692227Z",
            "yes_price": 7,
            "no_price": 93,
            "taker_side": "no"
        },
        {
            "trade_id": "7f6bab3c-c789-4c71-97b1-51ec36bed2a8",
            "ticker": "KXHIGHMIA-25APR19-B84.5",
            "count": 6,
            "created_time": "2025-04-19T02:00:40.432386Z",
            "yes_price": 7,
            "no_price": 93,
            "taker_side": "no"
        },
        {
            "trade_id": "1223d08c-0982-44e2-b074-f47e5434bef8",
            "ticker": "KXHIGHMIA-25APR19-B84.5",
            "count": 53,
            "created_time": "2025-04-19T01:57:22.98066Z",
            "yes_price": 7,
            "no_price": 93,
            "taker_side": "no"
        },
        {
            "trade_id": "649cf254-4ad3-43ca-93f2-0f415e536a58",
            "ticker": "KXHIGHMIA-25APR19-B84.5",
            "count": 1,
            "created_time": "2025-04-19T00:57:23.703108Z",
            "yes_price": 11,
            "no_price": 89,
            "taker_side": "yes"
        },
        {
            "trade_id": "027143f8-f741-4a47-b136-837f6631f7fc",
            "ticker": "KXHIGHMIA-25APR19-B84.5",
            "count": 23,
            "created_time": "2025-04-19T00:57:23.703108Z",
            "yes_price": 11,
            "no_price": 89,
            "taker_side": "yes"
        },
        {
            "trade_id": "9d4ba0c6-6b38-4c00-899c-cde0ef45a45d",
            "ticker": "KXHIGHMIA-25APR19-B84.5",
            "count": 17,
            "created_time": "2025-04-19T00:39:24.002498Z",
            "yes_price": 7,
            "no_price": 93,
            "taker_side": "no"
        },
        {
            "trade_id": "ef110ba4-f8a0-4b8c-a742-7ae4390eeef4",
            "ticker": "KXHIGHMIA-25APR19-B84.5",
            "count": 1,
            "created_time": "2025-04-19T00:09:50.38082Z",
            "yes_price": 11,
            "no_price": 89,
            "taker_side": "yes"
        },
        {
            "trade_id": "78b132f0-aa31-41b7-a1d3-796e2471ceac",
            "ticker": "KXHIGHMIA-25APR19-B84.5",
            "count": 11,
            "created_time": "2025-04-18T23:25:47.06839Z",
            "yes_price": 7,
            "no_price": 93,
            "taker_side": "no"
        },
        {
            "trade_id": "90757f77-f3f7-4931-9cbd-0239d3de293d",
            "ticker": "KXHIGHMIA-25APR19-B84.5",
            "count": 8,
            "created_time": "2025-04-18T23:18:22.353547Z",
            "yes_price": 10,
            "no_price": 90,
            "taker_side": "no"
        },
        {
            "trade_id": "e5bd6238-a016-40ba-b01b-685331607c25",
            "ticker": "KXHIGHMIA-25APR19-B84.5",
            "count": 33,
            "created_time": "2025-04-18T23:04:05.644874Z",
            "yes_price": 11,
            "no_price": 89,
            "taker_side": "yes"
        },
        {
            "trade_id": "55bb9b36-12d0-405b-a6dd-3e92f7bd2eec",
            "ticker": "KXHIGHMIA-25APR19-B84.5",
            "count": 47,
            "created_time": "2025-04-18T23:04:05.644874Z",
            "yes_price": 12,
            "no_price": 88,
            "taker_side": "yes"
        },
        {
            "trade_id": "d7027bed-79cc-4043-b85e-2e30742f9a38",
            "ticker": "KXHIGHMIA-25APR19-B84.5",
            "count": 7,
            "created_time": "2025-04-18T23:01:28.412745Z",
            "yes_price": 11,
            "no_price": 89,
            "taker_side": "yes"
        },
        {
            "trade_id": "12ec192f-55f3-4049-a2a7-d55c778ca751",
            "ticker": "KXHIGHMIA-25APR19-B84.5",
            "count": 94,
            "created_time": "2025-04-18T23:01:28.412745Z",
            "yes_price": 12,
            "no_price": 88,
            "taker_side": "yes"
        },
        {
            "trade_id": "5960f897-f423-44fa-be04-329fa22dbcc8",
            "ticker": "KXHIGHMIA-25APR19-B84.5",
            "count": 2,
            "created_time": "2025-04-18T22:57:22.841986Z",
            "yes_price": 10,
            "no_price": 90,
            "taker_side": "no"
        },
        {
            "trade_id": "fd8c0c94-f705-4cbf-809a-929fe1ae777b",
            "ticker": "KXHIGHMIA-25APR19-B84.5",
            "count": 40,
            "created_time": "2025-04-18T22:08:05.441705Z",
            "yes_price": 10,
            "no_price": 90,
            "taker_side": "yes"
        },
        {
            "trade_id": "b3b13b0c-a919-4e37-aace-5016d0f99dfa",
            "ticker": "KXHIGHMIA-25APR19-B84.5",
            "count": 100,
            "created_time": "2025-04-18T21:41:39.852494Z",
            "yes_price": 8,
            "no_price": 92,
            "taker_side": "no"
        },
        {
            "trade_id": "580a82c0-33dd-4320-b100-adb1b3430663",
            "ticker": "KXHIGHMIA-25APR19-B84.5",
            "count": 8,
            "created_time": "2025-04-18T21:41:39.852494Z",
            "yes_price": 8,
            "no_price": 92,
            "taker_side": "no"
        },
        {
            "trade_id": "fc4ff495-d57e-47a0-bd9a-bf07741740f6",
            "ticker": "KXHIGHMIA-25APR19-B84.5",
            "count": 33,
            "created_time": "2025-04-18T21:20:29.101579Z",
            "yes_price": 19,
            "no_price": 81,
            "taker_side": "no"
        },
        {
            "trade_id": "30e35528-6510-4a96-ad49-1ba025c9d395",
            "ticker": "KXHIGHMIA-25APR19-B84.5",
            "count": 51,
            "created_time": "2025-04-18T21:20:29.101579Z",
            "yes_price": 19,
            "no_price": 81,
            "taker_side": "no"
        },
        {
            "trade_id": "048351a1-eb51-4073-96b9-1a47bdca5063",
            "ticker": "KXHIGHMIA-25APR19-B84.5",
            "count": 1,
            "created_time": "2025-04-18T21:20:29.101579Z",
            "yes_price": 19,
            "no_price": 81,
            "taker_side": "no"
        },
        {
            "trade_id": "b1f9f003-8949-498c-a2f0-74065e0dd9d6",
            "ticker": "KXHIGHMIA-25APR19-B84.5",
            "count": 24,
            "created_time": "2025-04-18T21:20:18.292967Z",
            "yes_price": 20,
            "no_price": 80,
            "taker_side": "no"
        },
        {
            "trade_id": "fa85375c-2979-4dcf-816d-e7d0f3f2af25",
            "ticker": "KXHIGHMIA-25APR19-B84.5",
            "count": 24,
            "created_time": "2025-04-18T21:20:08.88081Z",
            "yes_price": 20,
            "no_price": 80,
            "taker_side": "no"
        },
        {
            "trade_id": "d29df3dc-e08d-489e-8a9f-acd689bddaf7",
            "ticker": "KXHIGHMIA-25APR19-B84.5",
            "count": 20,
            "created_time": "2025-04-18T21:19:59.683932Z",
            "yes_price": 20,
            "no_price": 80,
            "taker_side": "no"
        },
        {
            "trade_id": "9588f103-a5b3-476f-850c-ba9d91f9898b",
            "ticker": "KXHIGHMIA-25APR19-B84.5",
            "count": 7,
            "created_time": "2025-04-18T21:19:59.683932Z",
            "yes_price": 20,
            "no_price": 80,
            "taker_side": "no"
        },
        {
            "trade_id": "fa7dfe73-f68a-4c0a-8cff-918149fd662e",
            "ticker": "KXHIGHMIA-25APR19-B84.5",
            "count": 18,
            "created_time": "2025-04-18T21:19:48.695572Z",
            "yes_price": 21,
            "no_price": 79,
            "taker_side": "no"
        },
        {
            "trade_id": "f24fd384-be3e-40e6-b12f-f8adf78bc9d7",
            "ticker": "KXHIGHMIA-25APR19-B84.5",
            "count": 17,
            "created_time": "2025-04-18T21:19:39.461753Z",
            "yes_price": 21,
            "no_price": 79,
            "taker_side": "no"
        },
        {
            "trade_id": "87a5fd67-c1fb-4045-963e-3d0fc4d26df5",
            "ticker": "KXHIGHMIA-25APR19-B84.5",
            "count": 100,
            "created_time": "2025-04-18T21:00:28.301758Z",
            "yes_price": 16,
            "no_price": 84,
            "taker_side": "yes"
        },
        {
            "trade_id": "7ad22aad-3052-45e0-b10b-a2953f339158",
            "ticker": "KXHIGHMIA-25APR19-B84.5",
            "count": 11,
            "created_time": "2025-04-18T21:00:28.301758Z",
            "yes_price": 16,
            "no_price": 84,
            "taker_side": "yes"
        },
        {
            "trade_id": "ec42df93-f978-4ed7-b803-edf429177017",
            "ticker": "KXHIGHMIA-25APR19-B84.5",
            "count": 3,
            "created_time": "2025-04-18T20:57:24.462327Z",
            "yes_price": 15,
            "no_price": 85,
            "taker_side": "yes"
        },
        {
            "trade_id": "8b28735b-8e7c-4d1c-9593-ed24e7956384",
            "ticker": "KXHIGHMIA-25APR19-B84.5",
            "count": 4,
            "created_time": "2025-04-18T20:57:24.462327Z",
            "yes_price": 15,
            "no_price": 85,
            "taker_side": "yes"
        },
        {
            "trade_id": "2daceea0-5c3f-462c-940a-21ca63272516",
            "ticker": "KXHIGHMIA-25APR19-B84.5",
