{
    "KXHIGHMIA-25JAN01-T75": [
        {
            "trade_id": "8067f031-9713-459f-994a-6daff8b99d68",
            "ticker": "KXHIGHMIA-25JAN01-T75",
            "count": 59,
            "created_time": "2025-01-01T22:41:34.373293Z",
            "yes_price": 1,
            "no_price": 99,
            "taker_side": "yes"
        },
        {
            "trade_id": "b207350d-178c-46c9-a1e1-ed2d1e2f46c5",
            "ticker": "KXHIGHMIA-25JAN01-T75",
            "count": 1,
            "created_time": "2025-01-01T05:02:13.596376Z",
            "yes_price": 1,
            "no_price": 99,
            "taker_side": "yes"
        },
        {
            "trade_id": "9338cb14-de9e-41f1-b745-e31e56bcbaee",
            "ticker": "KXHIGHMIA-25JAN01-T75",
            "count": 14,
            "created_time": "2025-01-01T05:02:13.596376Z",
            "yes_price": 5,
            "no_price": 95,
            "taker_side": "yes"
        },
        {
            "trade_id": "38c20aea-0740-4b58-959a-e73af6ebd092",
            "ticker": "KXHIGHMIA-25JAN01-T75",
            "count": 2,
            "created_time": "2025-01-01T05:02:13.596376Z",
            "yes_price": 10,
            "no_price": 90,
            "taker_side": "yes"
        }
    ],
    "KXHIGHMIA-25JAN01-B75.5": [
        {
            "trade_id": "42414962-54e6-4e1e-b3c8-2a82703769a2",
            "ticker": "KXHIGHMIA-25JAN01-B75.5",
            "count": 93,
            "created_time": "2025-01-01T17:36:15.295481Z",
            "yes_price": 1,
            "no_price": 99,
            "taker_side": "yes"
        },
        {
            "trade_id": "ed34276a-9707-4889-b2e2-a65aa5865252",
            "ticker": "KXHIGHMIA-25JAN01-B75.5",
            "count": 100,
            "created_time": "2025-01-01T16:42:07.921139Z",
            "yes_price": 1,
            "no_price": 99,
            "taker_side": "no"
        },
        {
            "trade_id": "dbb3da89-5ec2-48db-98f2-8ee24ac8bf34",
            "ticker": "KXHIGHMIA-25JAN01-B75.5",
            "count": 390,
            "created_time": "2025-01-01T16:42:07.921139Z",
            "yes_price": 1,
            "no_price": 99,
            "taker_side": "no"
        },
        {
            "trade_id": "ce43e3c5-0188-40d5-b816-866fa1381775",
            "ticker": "KXHIGHMIA-25JAN01-B75.5",
            "count": 707,
            "created_time": "2025-01-01T16:42:07.921139Z",
            "yes_price": 1,
            "no_price": 99,
            "taker_side": "no"
        },
        {
            "trade_id": "2955cad6-4f4f-499e-9d6b-9c1dd106875b",
            "ticker": "KXHIGHMIA-25JAN01-B75.5",
            "count": 1,
            "created_time": "2025-01-01T16:42:02.994891Z",
            "yes_price": 1,
            "no_price": 99,
            "taker_side": "no"
        },
        {
            "trade_id": "f193bebb-57b8-4c37-b5ff-5b7e5b6ab523",
            "ticker": "KXHIGHMIA-25JAN01-B75.5",
            "count": 1,
            "created_time": "2025-01-01T16:40:47.335099Z",
            "yes_price": 1,
            "no_price": 99,
            "taker_side": "no"
        },
        {
            "trade_id": "ae869721-6082-4db9-a854-da4c171f9c40",
            "ticker": "KXHIGHMIA-25JAN01-B75.5",
            "count": 1,
            "created_time": "2025-01-01T16:39:30.59434Z",
            "yes_price": 1,
            "no_price": 99,
            "taker_side": "no"
        },
        {
            "trade_id": "c833cf61-3c64-44b2-94db-7deb53a8eee8",
            "ticker": "KXHIGHMIA-25JAN01-B75.5",
            "count": 1,
            "created_time": "2025-01-01T16:37:51.276263Z",
            "yes_price": 1,
            "no_price": 99,
            "taker_side": "no"
        },
        {
            "trade_id": "5265a4d4-a236-43ce-a0a4-ea6e9c027a82",
            "ticker": "KXHIGHMIA-25JAN01-B75.5",
            "count": 106,
            "created_time": "2025-01-01T16:24:38.09733Z",
            "yes_price": 2,
            "no_price": 98,
            "taker_side": "yes"
        },
        {
            "trade_id": "12e461c5-d569-43c0-a174-2a35c2077923",
            "ticker": "KXHIGHMIA-25JAN01-B75.5",
            "count": 200,
            "created_time": "2025-01-01T16:21:26.696088Z",
            "yes_price": 1,
            "no_price": 99,
            "taker_side": "no"
        },
        {
            "trade_id": "2303a744-606b-44a7-9790-d9259b3bc457",
            "ticker": "KXHIGHMIA-25JAN01-B75.5",
            "count": 89,
            "created_time": "2025-01-01T16:19:04.307169Z",
            "yes_price": 1,
            "no_price": 99,
            "taker_side": "no"
        },
        {
            "trade_id": "f82a98f8-c77c-4f7e-9a4d-6a837aabd163",
            "ticker": "KXHIGHMIA-25JAN01-B75.5",
            "count": 96,
            "created_time": "2025-01-01T15:59:23.042461Z",
            "yes_price": 1,
            "no_price": 99,
            "taker_side": "no"
        },
        {
            "trade_id": "d7d004f9-d2d0-4c6f-87a6-51f09d436935",
            "ticker": "KXHIGHMIA-25JAN01-B75.5",
            "count": 100,
            "created_time": "2025-01-01T15:59:23.042461Z",
            "yes_price": 1,
            "no_price": 99,
            "taker_side": "no"
        },
        {
            "trade_id": "54669eb6-0bbe-4c93-a696-1335bf99c318",
            "ticker": "KXHIGHMIA-25JAN01-B75.5",
            "count": 50,
            "created_time": "2025-01-01T15:59:23.042461Z",
            "yes_price": 1,
            "no_price": 99,
            "taker_side": "no"
        },
        {
            "trade_id": "30480de9-d440-4536-9c5c-2c0d8b61d5d4",
            "ticker": "KXHIGHMIA-25JAN01-B75.5",
            "count": 35,
            "created_time": "2025-01-01T15:59:23.042461Z",
            "yes_price": 1,
            "no_price": 99,
            "taker_side": "no"
        },
        {
            "trade_id": "6e657192-085b-4b67-a615-7c0665a01237",
            "ticker": "KXHIGHMIA-25JAN01-B75.5",
            "count": 851,
            "created_time": "2025-01-01T15:56:50.969478Z",
            "yes_price": 2,
            "no_price": 98,
            "taker_side": "no"
        },
        {
            "trade_id": "9f74483f-78df-477b-b364-ed53360859f4",
            "ticker": "KXHIGHMIA-25JAN01-B75.5",
            "count": 3,
            "created_time": "2025-01-01T15:31:39.776984Z",
            "yes_price": 3,
            "no_price": 97,
            "taker_side": "no"
        },
        {
            "trade_id": "910fa755-82d0-4076-bd3e-ca31daec6ddc",
            "ticker": "KXHIGHMIA-25JAN01-B75.5",
            "count": 7,
            "created_time": "2025-01-01T15:28:40.286517Z",
            "yes_price": 3,
            "no_price": 97,
            "taker_side": "no"
        },
        {
            "trade_id": "9fd9dd9c-0a1c-4e14-80ae-049dbdd8dced",
            "ticker": "KXHIGHMIA-25JAN01-B75.5",
            "count": 1,
            "created_time": "2025-01-01T15:24:44.539007Z",
            "yes_price": 2,
            "no_price": 98,
            "taker_side": "no"
        },
        {
            "trade_id": "f4c79ce4-b650-41db-805a-7503e605a82f",
            "ticker": "KXHIGHMIA-25JAN01-B75.5",
            "count": 3,
            "created_time": "2025-01-01T15:19:07.097612Z",
            "yes_price": 2,
            "no_price": 98,
            "taker_side": "no"
        },
        {
            "trade_id": "e4b7fbbb-0581-4d04-9f3b-effa3012ec32",
            "ticker": "KXHIGHMIA-25JAN01-B75.5",
            "count": 11,
            "created_time": "2025-01-01T15:18:01.981665Z",
            "yes_price": 2,
            "no_price": 98,
            "taker_side": "no"
        },
        {
            "trade_id": "1160c8a2-b378-42c2-ba40-978852c33687",
            "ticker": "KXHIGHMIA-25JAN01-B75.5",
            "count": 3,
            "created_time": "2025-01-01T15:11:44.125271Z",
            "yes_price": 3,
            "no_price": 97,
            "taker_side": "no"
        },
        {
            "trade_id": "62bd37de-c0dd-4a06-a3ff-d67f7bb92f87",
            "ticker": "KXHIGHMIA-25JAN01-B75.5",
            "count": 133,
            "created_time": "2025-01-01T15:10:26.949924Z",
            "yes_price": 2,
            "no_price": 98,
            "taker_side": "no"
        },
        {
            "trade_id": "6172646f-85ec-46f3-972f-8fe40c0eec7d",
            "ticker": "KXHIGHMIA-25JAN01-B75.5",
            "count": 1,
            "created_time": "2025-01-01T15:07:40.041872Z",
            "yes_price": 2,
            "no_price": 98,
            "taker_side": "no"
        },
        {
            "trade_id": "2f8a00e1-eb8c-4104-8467-8db83fa23172",
            "ticker": "KXHIGHMIA-25JAN01-B75.5",
            "count": 224,
            "created_time": "2025-01-01T15:01:04.345706Z",
            "yes_price": 5,
            "no_price": 95,
            "taker_side": "no"
        },
        {
            "trade_id": "bb3e99cc-da85-468b-9b1e-0524422eac92",
            "ticker": "KXHIGHMIA-25JAN01-B75.5",
            "count": 49,
            "created_time": "2025-01-01T14:58:58.495803Z",
            "yes_price": 5,
            "no_price": 95,
            "taker_side": "no"
        },
        {
            "trade_id": "2e34992b-c51c-46bb-ad50-371f041a2468",
            "ticker": "KXHIGHMIA-25JAN01-B75.5",
            "count": 1,
            "created_time": "2025-01-01T14:55:15.870852Z",
            "yes_price": 5,
            "no_price": 95,
            "taker_side": "no"
        },
        {
            "trade_id": "59bb289d-5d8c-4799-bd90-be18aaf8d0c5",
            "ticker": "KXHIGHMIA-25JAN01-B75.5",
            "count": 10,
            "created_time": "2025-01-01T14:54:59.89363Z",
            "yes_price": 5,
            "no_price": 95,
            "taker_side": "no"
        },
        {
            "trade_id": "bd493afe-6efd-4488-83de-48ee602afa06",
            "ticker": "KXHIGHMIA-25JAN01-B75.5",
            "count": 421,
            "created_time": "2025-01-01T14:53:43.678777Z",
            "yes_price": 5,
            "no_price": 95,
            "taker_side": "no"
        },
        {
            "trade_id": "60b91483-e908-4abf-9916-4027b8ed89ca",
            "ticker": "KXHIGHMIA-25JAN01-B75.5",
            "count": 164,
            "created_time": "2025-01-01T14:53:43.678777Z",
            "yes_price": 6,
            "no_price": 94,
            "taker_side": "no"
        },
        {
            "trade_id": "8cd29fb5-80cd-4067-8c3a-608034164e24",
            "ticker": "KXHIGHMIA-25JAN01-B75.5",
            "count": 1,
            "created_time": "2025-01-01T14:46:02.702441Z",
            "yes_price": 3,
            "no_price": 97,
            "taker_side": "no"
        },
        {
            "trade_id": "129a83fe-a875-4899-9e11-46eef873b533",
            "ticker": "KXHIGHMIA-25JAN01-B75.5",
            "count": 21,
            "created_time": "2025-01-01T14:45:32.881928Z",
            "yes_price": 3,
            "no_price": 97,
            "taker_side": "no"
        },
        {
            "trade_id": "e601d8ca-789f-4121-b000-0d62b8d00a9c",
            "ticker": "KXHIGHMIA-25JAN01-B75.5",
            "count": 40,
            "created_time": "2025-01-01T14:40:03.270321Z",
            "yes_price": 8,
            "no_price": 92,
            "taker_side": "yes"
        },
        {
            "trade_id": "2fab062f-0a3a-419c-b3f9-0dfd34e06788",
            "ticker": "KXHIGHMIA-25JAN01-B75.5",
            "count": 9,
            "created_time": "2025-01-01T14:40:03.270321Z",
            "yes_price": 8,
            "no_price": 92,
            "taker_side": "yes"
        },
        {
            "trade_id": "181ad03a-303c-42c0-859d-7a98ca9f0977",
            "ticker": "KXHIGHMIA-25JAN01-B75.5",
            "count": 100,
            "created_time": "2025-01-01T14:35:13.49631Z",
            "yes_price": 7,
            "no_price": 93,
            "taker_side": "yes"
        },
        {
            "trade_id": "50df07c2-3a91-41cc-9d34-e5160427e439",
            "ticker": "KXHIGHMIA-25JAN01-B75.5",
            "count": 106,
            "created_time": "2025-01-01T14:26:42.273609Z",
            "yes_price": 8,
            "no_price": 92,
            "taker_side": "no"
        },
        {
            "trade_id": "553322b0-f8c8-4bdc-bfae-77d314f9db06",
            "ticker": "KXHIGHMIA-25JAN01-B75.5",
            "count": 14,
            "created_time": "2025-01-01T14:25:01.397152Z",
            "yes_price": 7,
            "no_price": 93,
            "taker_side": "yes"
        },
        {
            "trade_id": "d5b9eccc-3def-4994-80f8-0fbc94cc14b3",
            "ticker": "KXHIGHMIA-25JAN01-B75.5",
            "count": 82,
            "created_time": "2025-01-01T14:19:06.851951Z",
            "yes_price": 8,
            "no_price": 92,
            "taker_side": "no"
        },
        {
            "trade_id": "9907c3d5-d190-4567-97f2-3d8b97ca8541",
            "ticker": "KXHIGHMIA-25JAN01-B75.5",
            "count": 26,
            "created_time": "2025-01-01T14:19:06.356399Z",
            "yes_price": 8,
            "no_price": 92,
            "taker_side": "yes"
        },
        {
            "trade_id": "a8d9ffe6-5b74-4653-9f51-551205bedb53",
            "ticker": "KXHIGHMIA-25JAN01-B75.5",
            "count": 4,
            "created_time": "2025-01-01T14:18:28.085459Z",
            "yes_price": 5,
            "no_price": 95,
            "taker_side": "no"
        },
        {
            "trade_id": "f12e4a79-8137-40c4-8021-9c6c60c0b5ea",
            "ticker": "KXHIGHMIA-25JAN01-B75.5",
            "count": 11,
            "created_time": "2025-01-01T14:15:43.554594Z",
            "yes_price": 4,
            "no_price": 96,
            "taker_side": "no"
        },
        {
            "trade_id": "8c1ad90b-9dfc-4b87-98f1-674a7b1f627e",
            "ticker": "KXHIGHMIA-25JAN01-B75.5",
            "count": 12,
            "created_time": "2025-01-01T14:11:49.673871Z",
            "yes_price": 3,
            "no_price": 97,
            "taker_side": "no"
        },
        {
            "trade_id": "ec5dca76-957f-4bf3-ae27-2ae6f3590857",
            "ticker": "KXHIGHMIA-25JAN01-B75.5",
            "count": 34,
            "created_time": "2025-01-01T14:11:49.571905Z",
            "yes_price": 3,
            "no_price": 97,
            "taker_side": "no"
        },
        {
            "trade_id": "ec36e28f-5920-4eaa-96d5-d9232078d4f5",
            "ticker": "KXHIGHMIA-25JAN01-B75.5",
            "count": 12,
            "created_time": "2025-01-01T14:11:49.372212Z",
            "yes_price": 2,
            "no_price": 98,
            "taker_side": "no"
        },
        {
            "trade_id": "667ac085-afd8-4d26-bf17-7c6db38a32b6",
            "ticker": "KXHIGHMIA-25JAN01-B75.5",
            "count": 12,
            "created_time": "2025-01-01T14:11:01.947311Z",
            "yes_price": 2,
            "no_price": 98,
            "taker_side": "no"
        },
        {
            "trade_id": "d119cfe4-444f-46bf-860a-a8f0411efd54",
            "ticker": "KXHIGHMIA-25JAN01-B75.5",
            "count": 15,
            "created_time": "2025-01-01T14:06:35.993775Z",
            "yes_price": 2,
            "no_price": 98,
            "taker_side": "no"
        },
        {
            "trade_id": "1697aa77-1f98-4503-a2ab-1fe17d7c279d",
            "ticker": "KXHIGHMIA-25JAN01-B75.5",
            "count": 11,
            "created_time": "2025-01-01T14:00:57.383413Z",
            "yes_price": 2,
            "no_price": 98,
            "taker_side": "no"
        },
        {
            "trade_id": "b5d94957-dd03-442a-a7bf-22e3771f0a11",
            "ticker": "KXHIGHMIA-25JAN01-B75.5",
            "count": 6,
            "created_time": "2025-01-01T13:58:48.676818Z",
            "yes_price": 8,
            "no_price": 92,
            "taker_side": "no"
        },
        {
            "trade_id": "d604fad3-1cc1-45be-8a4e-a028ed352d6b",
            "ticker": "KXHIGHMIA-25JAN01-B75.5",
            "count": 106,
            "created_time": "2025-01-01T13:56:31.150645Z",
            "yes_price": 8,
            "no_price": 92,
            "taker_side": "no"
        },
        {
            "trade_id": "0d9a7f1b-bbe0-4f81-96dc-22c4db20b1aa",
            "ticker": "KXHIGHMIA-25JAN01-B75.5",
            "count": 94,
            "created_time": "2025-01-01T13:56:31.150645Z",
            "yes_price": 7,
            "no_price": 93,
            "taker_side": "no"
        },
        {
            "trade_id": "956ebc3a-73fa-4eea-a37b-134f2f1ce273",
            "ticker": "KXHIGHMIA-25JAN01-B75.5",
            "count": 39,
            "created_time": "2025-01-01T13:48:00.220762Z",
            "yes_price": 12,
            "no_price": 88,
            "taker_side": "no"
        },
        {
            "trade_id": "01ad5024-bb91-4ffd-b617-d6892cae8822",
            "ticker": "KXHIGHMIA-25JAN01-B75.5",
            "count": 57,
            "created_time": "2025-01-01T13:48:00.220762Z",
            "yes_price": 11,
            "no_price": 89,
            "taker_side": "no"
        },
        {
            "trade_id": "bfca14a7-c5ff-421c-9e27-6e9daf9baf4b",
            "ticker": "KXHIGHMIA-25JAN01-B75.5",
            "count": 15,
            "created_time": "2025-01-01T13:47:16.06098Z",
            "yes_price": 12,
            "no_price": 88,
            "taker_side": "no"
        },
        {
            "trade_id": "ea7e704a-eac9-460f-9b69-d0cd69d07d49",
            "ticker": "KXHIGHMIA-25JAN01-B75.5",
            "count": 20,
            "created_time": "2025-01-01T13:46:44.305627Z",
            "yes_price": 12,
            "no_price": 88,
            "taker_side": "no"
        },
        {
            "trade_id": "34c98ea1-13ac-4862-aa8d-6203cc6565eb",
            "ticker": "KXHIGHMIA-25JAN01-B75.5",
            "count": 12,
            "created_time": "2025-01-01T13:46:02.329823Z",
            "yes_price": 14,
            "no_price": 86,
            "taker_side": "yes"
        },
        {
            "trade_id": "b1907a7f-5530-4557-a2a4-300cfcf37964",
            "ticker": "KXHIGHMIA-25JAN01-B75.5",
            "count": 31,
            "created_time": "2025-01-01T13:45:54.734779Z",
            "yes_price": 13,
            "no_price": 87,
            "taker_side": "yes"
        },
        {
            "trade_id": "b531ea8a-9cc2-41f0-812d-ab3ff5d1b93e",
            "ticker": "KXHIGHMIA-25JAN01-B75.5",
            "count": 14,
            "created_time": "2025-01-01T13:45:15.207414Z",
            "yes_price": 14,
            "no_price": 86,
            "taker_side": "yes"
        },
        {
            "trade_id": "3197cae2-b996-4ac8-b346-37071f96542b",
            "ticker": "KXHIGHMIA-25JAN01-B75.5",
            "count": 15,
            "created_time": "2025-01-01T13:45:15.207414Z",
            "yes_price": 14,
            "no_price": 86,
            "taker_side": "yes"
        },
        {
            "trade_id": "da00070f-57bc-4687-90c1-c86b5a217388",
            "ticker": "KXHIGHMIA-25JAN01-B75.5",
            "count": 19,
            "created_time": "2025-01-01T13:45:08.032242Z",
            "yes_price": 13,
            "no_price": 87,
            "taker_side": "yes"
        },
        {
            "trade_id": "7dd53f12-32d7-40fc-af8b-9855244c0b25",
            "ticker": "KXHIGHMIA-25JAN01-B75.5",
            "count": 12,
            "created_time": "2025-01-01T13:43:00.639255Z",
            "yes_price": 12,
            "no_price": 88,
            "taker_side": "yes"
        },
        {
            "trade_id": "41840451-8259-4091-ad5e-2c25501e7c11",
            "ticker": "KXHIGHMIA-25JAN01-B75.5",
            "count": 23,
            "created_time": "2025-01-01T13:43:00.639255Z",
            "yes_price": 12,
            "no_price": 88,
            "taker_side": "yes"
        },
        {
            "trade_id": "6aa92902-df0f-417d-b294-910d6509e8a6",
            "ticker": "KXHIGHMIA-25JAN01-B75.5",
            "count": 17,
            "created_time": "2025-01-01T13:42:49.164349Z",
            "yes_price": 11,
            "no_price": 89,
            "taker_side": "yes"
        },
        {
            "trade_id": "26e5f7f0-9862-43b4-a7ff-332fd15174f9",
            "ticker": "KXHIGHMIA-25JAN01-B75.5",
            "count": 173,
            "created_time": "2025-01-01T13:40:04.783302Z",
            "yes_price": 18,
            "no_price": 82,
            "taker_side": "no"
        },
        {
            "trade_id": "2e95f717-795f-49b3-84f5-9e19b35a990f",
            "ticker": "KXHIGHMIA-25JAN01-B75.5",
            "count": 804,
            "created_time": "2025-01-01T13:37:10.687638Z",
            "yes_price": 20,
            "no_price": 80,
            "taker_side": "yes"
        },
        {
            "trade_id": "a5d8dbb5-b9ed-4eb9-b5cd-510232177e94",
            "ticker": "KXHIGHMIA-25JAN01-B75.5",
            "count": 22,
            "created_time": "2025-01-01T13:37:04.109132Z",
            "yes_price": 19,
            "no_price": 81,
            "taker_side": "yes"
        },
        {
            "trade_id": "bea53d71-c84e-4994-92f7-65d607a94e75",
            "ticker": "KXHIGHMIA-25JAN01-B75.5",
            "count": 110,
            "created_time": "2025-01-01T13:36:58.568963Z",
            "yes_price": 18,
            "no_price": 82,
            "taker_side": "yes"
        },
        {
            "trade_id": "9bbebd00-dde1-48f6-8abf-a08896828b51",
            "ticker": "KXHIGHMIA-25JAN01-B75.5",
            "count": 5,
            "created_time": "2025-01-01T13:36:58.568963Z",
            "yes_price": 18,
            "no_price": 82,
            "taker_side": "yes"
        },
        {
            "trade_id": "c8e42d66-121c-41c9-b54a-f40895350ed8",
            "ticker": "KXHIGHMIA-25JAN01-B75.5",
            "count": 8,
            "created_time": "2025-01-01T13:36:50.995984Z",
            "yes_price": 15,
            "no_price": 85,
            "taker_side": "yes"
        },
        {
            "trade_id": "5ef16473-c5c9-4e99-93a4-3c7cfcd0131f",
            "ticker": "KXHIGHMIA-25JAN01-B75.5",
            "count": 5,
            "created_time": "2025-01-01T13:36:38.298816Z",
            "yes_price": 13,
            "no_price": 87,
            "taker_side": "no"
        },
        {
            "trade_id": "0f95ebfa-e804-4ccf-9845-6f96e64bda43",
            "ticker": "KXHIGHMIA-25JAN01-B75.5",
            "count": 11,
            "created_time": "2025-01-01T13:36:36.792537Z",
            "yes_price": 13,
            "no_price": 87,
            "taker_side": "yes"
        },
        {
            "trade_id": "4407dea1-1ce6-4d2f-8e4f-e4e275a761ef",
            "ticker": "KXHIGHMIA-25JAN01-B75.5",
            "count": 12,
            "created_time": "2025-01-01T13:36:27.023027Z",
            "yes_price": 10,
            "no_price": 90,
            "taker_side": "yes"
        },
        {
            "trade_id": "7b8acb41-0ef4-4a91-8947-47ae16ca13e9",
            "ticker": "KXHIGHMIA-25JAN01-B75.5",
            "count": 1,
            "created_time": "2025-01-01T13:36:13.851848Z",
            "yes_price": 9,
            "no_price": 91,
            "taker_side": "no"
        },
        {
            "trade_id": "b18d4de6-2583-4979-86d3-dbee67851fbc",
            "ticker": "KXHIGHMIA-25JAN01-B75.5",
            "count": 8,
            "created_time": "2025-01-01T13:36:10.194805Z",
            "yes_price": 9,
            "no_price": 91,
            "taker_side": "no"
        },
        {
            "trade_id": "ae8f326a-43da-48ee-ad98-8be4ada15b4b",
            "ticker": "KXHIGHMIA-25JAN01-B75.5",
            "count": 12,
            "created_time": "2025-01-01T13:36:07.168314Z",
            "yes_price": 9,
            "no_price": 91,
            "taker_side": "yes"
        },
        {
            "trade_id": "d6bd991e-1225-42ea-b490-1ce0584ee642",
            "ticker": "KXHIGHMIA-25JAN01-B75.5",
            "count": 1,
            "created_time": "2025-01-01T13:35:53.013002Z",
            "yes_price": 2,
            "no_price": 98,
            "taker_side": "yes"
        },
        {
            "trade_id": "19ff5661-cf07-4196-977f-195852ff7e6c",
            "ticker": "KXHIGHMIA-25JAN01-B75.5",
            "count": 1,
            "created_time": "2025-01-01T13:11:07.968009Z",
            "yes_price": 1,
            "no_price": 99,
            "taker_side": "yes"
        },
        {
            "trade_id": "2567b280-d3d2-4588-8677-f0137702b985",
            "ticker": "KXHIGHMIA-25JAN01-B75.5",
            "count": 20,
            "created_time": "2024-12-31T20:11:11.132374Z",
            "yes_price": 1,
            "no_price": 99,
            "taker_side": "no"
        }
    ],
    "KXHIGHMIA-25JAN01-B77.5": [
        {
            "trade_id": "29ab03b8-7e45-4de7-8d4b-33032b988349",
            "ticker": "KXHIGHMIA-25JAN01-B77.5",
            "count": 65,
            "created_time": "2025-01-01T22:26:12.363398Z",
            "yes_price": 1,
            "no_price": 99,
            "taker_side": "yes"
        },
        {
            "trade_id": "da388c4e-b86d-49a6-a2e4-87370fd59f82",
            "ticker": "KXHIGHMIA-25JAN01-B77.5",
            "count": 50,
            "created_time": "2025-01-01T17:56:02.008225Z",
            "yes_price": 1,
            "no_price": 99,
            "taker_side": "yes"
        },
        {
            "trade_id": "9bdc32e0-0d63-4b41-9ad6-ca3721c034c9",
            "ticker": "KXHIGHMIA-25JAN01-B77.5",
            "count": 13,
            "created_time": "2025-01-01T17:55:43.98438Z",
            "yes_price": 1,
            "no_price": 99,
            "taker_side": "no"
        },
        {
            "trade_id": "f3a44921-2b05-4dbc-b7fe-4da2e4b2de6a",
            "ticker": "KXHIGHMIA-25JAN01-B77.5",
            "count": 1,
            "created_time": "2025-01-01T17:51:32.177374Z",
            "yes_price": 1,
            "no_price": 99,
            "taker_side": "no"
        },
        {
            "trade_id": "315d90b6-b558-4f48-9959-81057bfe97be",
            "ticker": "KXHIGHMIA-25JAN01-B77.5",
            "count": 3,
            "created_time": "2025-01-01T17:49:37.156907Z",
            "yes_price": 1,
            "no_price": 99,
            "taker_side": "no"
        },
        {
            "trade_id": "6dc12701-d7ed-448b-bdce-ee978bf9437f",
            "ticker": "KXHIGHMIA-25JAN01-B77.5",
            "count": 1,
            "created_time": "2025-01-01T17:49:29.436968Z",
            "yes_price": 1,
            "no_price": 99,
            "taker_side": "no"
        },
        {
            "trade_id": "ba58ae8c-0663-4c3a-9ac1-f0c60b4fb311",
            "ticker": "KXHIGHMIA-25JAN01-B77.5",
            "count": 3,
            "created_time": "2025-01-01T17:49:12.938859Z",
            "yes_price": 1,
            "no_price": 99,
            "taker_side": "no"
        },
        {
            "trade_id": "e305553a-7e4b-466f-840b-fb9efffb0006",
            "ticker": "KXHIGHMIA-25JAN01-B77.5",
            "count": 1,
            "created_time": "2025-01-01T17:48:58.483438Z",
            "yes_price": 1,
            "no_price": 99,
            "taker_side": "no"
        },
        {
            "trade_id": "f19a3153-7266-4c5c-8d9f-74a545cf6e40",
            "ticker": "KXHIGHMIA-25JAN01-B77.5",
            "count": 1,
            "created_time": "2025-01-01T17:48:50.81783Z",
            "yes_price": 1,
            "no_price": 99,
            "taker_side": "no"
        },
        {
            "trade_id": "32adac16-8935-4c8a-8341-2ca30b5fbb97",
            "ticker": "KXHIGHMIA-25JAN01-B77.5",
            "count": 1,
            "created_time": "2025-01-01T17:48:35.496077Z",
            "yes_price": 1,
            "no_price": 99,
            "taker_side": "no"
        },
        {
            "trade_id": "add31e98-206b-44fe-8684-5f9d4f42fd6f",
            "ticker": "KXHIGHMIA-25JAN01-B77.5",
            "count": 1,
            "created_time": "2025-01-01T17:48:18.184309Z",
            "yes_price": 1,
            "no_price": 99,
            "taker_side": "no"
        },
        {
            "trade_id": "cf1cce88-2cec-4c36-8828-d09eac558675",
            "ticker": "KXHIGHMIA-25JAN01-B77.5",
            "count": 4,
            "created_time": "2025-01-01T17:46:16.3437Z",
            "yes_price": 2,
            "no_price": 98,
            "taker_side": "yes"
        },
        {
            "trade_id": "6b161585-b772-42bc-a0a8-ac25103c7fa6",
            "ticker": "KXHIGHMIA-25JAN01-B77.5",
            "count": 25,
            "created_time": "2025-01-01T17:41:32.700639Z",
            "yes_price": 1,
            "no_price": 99,
            "taker_side": "no"
        },
        {
            "trade_id": "db9fdbf9-b125-4914-a284-6f8abf731bf1",
            "ticker": "KXHIGHMIA-25JAN01-B77.5",
            "count": 10,
            "created_time": "2025-01-01T17:37:28.380961Z",
            "yes_price": 3,
            "no_price": 97,
            "taker_side": "yes"
        },
        {
            "trade_id": "d1a95dcc-36f7-4c79-a4b4-ab4684a3ccf0",
            "ticker": "KXHIGHMIA-25JAN01-B77.5",
            "count": 15,
            "created_time": "2025-01-01T17:37:28.380961Z",
            "yes_price": 4,
            "no_price": 96,
            "taker_side": "yes"
        },
        {
            "trade_id": "3482a03d-17df-4fb3-9aab-0526a578c7b8",
            "ticker": "KXHIGHMIA-25JAN01-B77.5",
            "count": 46,
            "created_time": "2025-01-01T17:34:50.814998Z",
            "yes_price": 4,
            "no_price": 96,
            "taker_side": "yes"
        },
        {
            "trade_id": "5e116914-52a5-40cc-abef-fbdba97c98e7",
            "ticker": "KXHIGHMIA-25JAN01-B77.5",
            "count": 9,
            "created_time": "2025-01-01T17:33:29.859054Z",
            "yes_price": 1,
            "no_price": 99,
            "taker_side": "no"
        },
        {
            "trade_id": "f557c08c-de7d-4377-ae1d-ef13c797fc57",
            "ticker": "KXHIGHMIA-25JAN01-B77.5",
            "count": 37,
            "created_time": "2025-01-01T17:33:18.238772Z",
            "yes_price": 1,
            "no_price": 99,
            "taker_side": "no"
        },
        {
            "trade_id": "5ec1fdeb-61ad-4cfd-a185-93f2a1122f91",
            "ticker": "KXHIGHMIA-25JAN01-B77.5",
            "count": 1,
            "created_time": "2025-01-01T17:26:45.698927Z",
            "yes_price": 1,
            "no_price": 99,
            "taker_side": "no"
        },
        {
            "trade_id": "341347e3-0c1d-445b-89ac-eec1d9b256e2",
            "ticker": "KXHIGHMIA-25JAN01-B77.5",
            "count": 1,
            "created_time": "2025-01-01T17:26:28.056838Z",
            "yes_price": 1,
            "no_price": 99,
            "taker_side": "no"
        },
        {
            "trade_id": "1ea6b89b-4720-420c-90cb-a155cf5faf6c",
            "ticker": "KXHIGHMIA-25JAN01-B77.5",
            "count": 1,
            "created_time": "2025-01-01T17:26:15.757069Z",
            "yes_price": 1,
            "no_price": 99,
            "taker_side": "no"
        },
        {
            "trade_id": "eaf46022-ba99-4d00-886a-518a6d9d4de0",
            "ticker": "KXHIGHMIA-25JAN01-B77.5",
            "count": 1,
            "created_time": "2025-01-01T17:26:06.562923Z",
            "yes_price": 1,
            "no_price": 99,
            "taker_side": "no"
        },
        {
            "trade_id": "abbcfee4-39f8-456e-903e-a3f1e581a556",
            "ticker": "KXHIGHMIA-25JAN01-B77.5",
            "count": 1,
            "created_time": "2025-01-01T17:25:57.518181Z",
            "yes_price": 1,
            "no_price": 99,
            "taker_side": "no"
        },
        {
            "trade_id": "2f22181d-d9ed-44a9-8406-c469cf9d52d9",
            "ticker": "KXHIGHMIA-25JAN01-B77.5",
            "count": 1,
            "created_time": "2025-01-01T17:25:48.142178Z",
            "yes_price": 1,
            "no_price": 99,
            "taker_side": "no"
        },
        {
            "trade_id": "12994903-568d-4305-b477-bdd65c9d6414",
            "ticker": "KXHIGHMIA-25JAN01-B77.5",
            "count": 1,
            "created_time": "2025-01-01T17:25:38.535974Z",
            "yes_price": 1,
            "no_price": 99,
            "taker_side": "no"
        },
        {
            "trade_id": "c87e0836-9a6b-46c5-a2b3-9e1a4a1f4764",
            "ticker": "KXHIGHMIA-25JAN01-B77.5",
            "count": 1,
            "created_time": "2025-01-01T17:25:30.411206Z",
            "yes_price": 1,
            "no_price": 99,
            "taker_side": "no"
        },
        {
            "trade_id": "be441ee8-024e-4b93-b9b0-cf0db5a89431",
            "ticker": "KXHIGHMIA-25JAN01-B77.5",
            "count": 1,
            "created_time": "2025-01-01T17:22:00.142495Z",
            "yes_price": 1,
            "no_price": 99,
            "taker_side": "no"
        },
        {
            "trade_id": "5896f4e7-e485-43e7-8372-0cf5aa8050c7",
            "ticker": "KXHIGHMIA-25JAN01-B77.5",
            "count": 50,
            "created_time": "2025-01-01T17:19:43.915161Z",
            "yes_price": 2,
            "no_price": 98,
            "taker_side": "no"
        },
        {
            "trade_id": "a9134bf4-db03-4d9e-885c-79c7cd467d56",
            "ticker": "KXHIGHMIA-25JAN01-B77.5",
            "count": 4,
            "created_time": "2025-01-01T17:11:26.942534Z",
            "yes_price": 2,
            "no_price": 98,
            "taker_side": "no"
        },
        {
            "trade_id": "f2401c1d-e6f1-4bff-8885-050babde7e2c",
            "ticker": "KXHIGHMIA-25JAN01-B77.5",
            "count": 10,
            "created_time": "2025-01-01T17:05:23.760667Z",
            "yes_price": 2,
            "no_price": 98,
            "taker_side": "no"
        },
        {
            "trade_id": "e0961303-97e5-45a2-9ae3-8a316284e850",
            "ticker": "KXHIGHMIA-25JAN01-B77.5",
            "count": 36,
            "created_time": "2025-01-01T17:04:49.255378Z",
            "yes_price": 2,
            "no_price": 98,
            "taker_side": "no"
        },
        {
            "trade_id": "8bb64399-f568-4c4a-ac91-4edbee16f0a8",
            "ticker": "KXHIGHMIA-25JAN01-B77.5",
            "count": 11,
            "created_time": "2025-01-01T16:40:48.737207Z",
            "yes_price": 8,
            "no_price": 92,
            "taker_side": "yes"
        },
        {
            "trade_id": "349359a2-03c0-4e72-8459-e39101d22bbd",
            "ticker": "KXHIGHMIA-25JAN01-B77.5",
            "count": 406,
            "created_time": "2025-01-01T16:21:30.420465Z",
            "yes_price": 5,
            "no_price": 95,
            "taker_side": "no"
        },
        {
            "trade_id": "c54f96d4-278f-4429-bf7b-0bff18006669",
            "ticker": "KXHIGHMIA-25JAN01-B77.5",
            "count": 194,
            "created_time": "2025-01-01T16:21:18.375674Z",
            "yes_price": 5,
            "no_price": 95,
            "taker_side": "no"
        },
        {
            "trade_id": "8d87d6b5-71b0-43df-bb10-b40035e56068",
            "ticker": "KXHIGHMIA-25JAN01-B77.5",
            "count": 6,
            "created_time": "2025-01-01T16:21:18.375674Z",
            "yes_price": 6,
            "no_price": 94,
            "taker_side": "no"
        },
        {
            "trade_id": "b04c1684-78c7-4c39-a5d5-82a039ccd48c",
            "ticker": "KXHIGHMIA-25JAN01-B77.5",
            "count": 6,
            "created_time": "2025-01-01T15:59:41.358551Z",
            "yes_price": 8,
            "no_price": 92,
            "taker_side": "no"
        },
        {
            "trade_id": "808d3cb7-af12-4040-b16d-9a8627101808",
            "ticker": "KXHIGHMIA-25JAN01-B77.5",
            "count": 44,
            "created_time": "2025-01-01T15:59:41.358551Z",
            "yes_price": 8,
            "no_price": 92,
            "taker_side": "no"
        },
        {
            "trade_id": "1e234e76-56d4-4f3b-b035-9cf06f2ec2bb",
            "ticker": "KXHIGHMIA-25JAN01-B77.5",
            "count": 3,
            "created_time": "2025-01-01T15:47:21.932255Z",
            "yes_price": 6,
            "no_price": 94,
            "taker_side": "no"
        },
        {
            "trade_id": "a1fc3a03-1986-4aa9-8d05-2f0e3b2c6d75",
            "ticker": "KXHIGHMIA-25JAN01-B77.5",
            "count": 5,
            "created_time": "2025-01-01T15:31:50.575271Z",
            "yes_price": 10,
            "no_price": 90,
            "taker_side": "no"
        },
        {
            "trade_id": "899daf75-5917-47e0-96c4-78c08a9a41f3",
            "ticker": "KXHIGHMIA-25JAN01-B77.5",
            "count": 3,
            "created_time": "2025-01-01T15:31:39.799027Z",
            "yes_price": 10,
            "no_price": 90,
            "taker_side": "no"
        },
        {
            "trade_id": "0264f361-0d87-4bc6-b841-d2156c5e79a6",
            "ticker": "KXHIGHMIA-25JAN01-B77.5",
            "count": 7,
            "created_time": "2025-01-01T15:28:40.270988Z",
            "yes_price": 10,
            "no_price": 90,
            "taker_side": "no"
        },
        {
            "trade_id": "57a55cf0-7b3c-4930-a8eb-3925a3da18f2",
            "ticker": "KXHIGHMIA-25JAN01-B77.5",
            "count": 1,
            "created_time": "2025-01-01T15:24:44.573252Z",
            "yes_price": 10,
            "no_price": 90,
            "taker_side": "no"
        },
        {
            "trade_id": "cbdf6691-564a-48f6-b6f3-f3a68a43b67e",
            "ticker": "KXHIGHMIA-25JAN01-B77.5",
            "count": 99,
            "created_time": "2025-01-01T15:20:20.958395Z",
            "yes_price": 10,
            "no_price": 90,
            "taker_side": "no"
        },
        {
            "trade_id": "c8bc0492-16cd-4773-b20a-bcf0d5233bd5",
            "ticker": "KXHIGHMIA-25JAN01-B77.5",
            "count": 3,
            "created_time": "2025-01-01T15:19:07.127993Z",
            "yes_price": 10,
            "no_price": 90,
            "taker_side": "no"
        },
        {
            "trade_id": "2351f572-0160-47d7-ad52-3fcb11d09636",
            "ticker": "KXHIGHMIA-25JAN01-B77.5",
            "count": 11,
            "created_time": "2025-01-01T15:18:02.013044Z",
            "yes_price": 10,
            "no_price": 90,
            "taker_side": "no"
        },
        {
            "trade_id": "81324bf7-45f5-4845-a592-58779bd29d7f",
            "ticker": "KXHIGHMIA-25JAN01-B77.5",
            "count": 3,
            "created_time": "2025-01-01T15:11:44.114868Z",
            "yes_price": 8,
            "no_price": 92,
            "taker_side": "no"
        },
        {
            "trade_id": "7eb8b68a-efe4-4805-af5a-4ba7720aaf21",
            "ticker": "KXHIGHMIA-25JAN01-B77.5",
            "count": 133,
            "created_time": "2025-01-01T15:10:26.943525Z",
            "yes_price": 10,
            "no_price": 90,
            "taker_side": "no"
        },
        {
            "trade_id": "e2465583-9e79-40a4-94de-cc4f7b465df7",
            "ticker": "KXHIGHMIA-25JAN01-B77.5",
            "count": 106,
            "created_time": "2025-01-01T15:09:22.329721Z",
            "yes_price": 10,
            "no_price": 90,
            "taker_side": "no"
        },
        {
            "trade_id": "18b07f98-53ed-4a54-996d-1be89bd6614b",
            "ticker": "KXHIGHMIA-25JAN01-B77.5",
            "count": 7,
            "created_time": "2025-01-01T15:09:19.776238Z",
            "yes_price": 10,
            "no_price": 90,
            "taker_side": "no"
        },
        {
            "trade_id": "e9ea3693-1f67-4bb3-83de-2536a18f1b5f",
            "ticker": "KXHIGHMIA-25JAN01-B77.5",
            "count": 1,
            "created_time": "2025-01-01T15:07:40.034842Z",
            "yes_price": 10,
            "no_price": 90,
            "taker_side": "no"
        },
        {
            "trade_id": "a5785474-85ef-46b6-851c-bae68c82a185",
            "ticker": "KXHIGHMIA-25JAN01-B77.5",
            "count": 4,
            "created_time": "2025-01-01T15:06:48.934729Z",
            "yes_price": 10,
            "no_price": 90,
            "taker_side": "no"
        },
        {
            "trade_id": "0fe6e2d8-39b8-4f31-b322-d77725c28425",
            "ticker": "KXHIGHMIA-25JAN01-B77.5",
            "count": 1,
            "created_time": "2025-01-01T15:05:22.761223Z",
            "yes_price": 10,
            "no_price": 90,
            "taker_side": "no"
        },
        {
            "trade_id": "de743692-d06f-4762-8955-3b854544ac37",
            "ticker": "KXHIGHMIA-25JAN01-B77.5",
            "count": 13,
            "created_time": "2025-01-01T15:05:18.384198Z",
            "yes_price": 10,
            "no_price": 90,
            "taker_side": "yes"
        },
        {
            "trade_id": "aaf6d452-ca4b-431a-8607-59977fef6b12",
            "ticker": "KXHIGHMIA-25JAN01-B77.5",
            "count": 5,
            "created_time": "2025-01-01T15:04:05.190362Z",
            "yes_price": 12,
            "no_price": 88,
            "taker_side": "yes"
        },
        {
            "trade_id": "9ffe14fc-dd0e-4e7c-af44-493320673720",
            "ticker": "KXHIGHMIA-25JAN01-B77.5",
            "count": 33,
            "created_time": "2025-01-01T15:03:43.50194Z",
            "yes_price": 14,
            "no_price": 86,
            "taker_side": "yes"
        },
        {
            "trade_id": "072f15f2-7989-4f36-b2d6-00a48910e450",
            "ticker": "KXHIGHMIA-25JAN01-B77.5",
            "count": 106,
            "created_time": "2025-01-01T15:03:21.176186Z",
            "yes_price": 11,
            "no_price": 89,
            "taker_side": "no"
        },
        {
            "trade_id": "c0e18ac9-eb75-4c45-8e17-81f35ac05d7f",
            "ticker": "KXHIGHMIA-25JAN01-B77.5",
            "count": 35,
            "created_time": "2025-01-01T14:59:45.684523Z",
            "yes_price": 13,
            "no_price": 87,
            "taker_side": "no"
        },
        {
            "trade_id": "7f43f18e-1569-4126-9dd0-558cfb921f36",
            "ticker": "KXHIGHMIA-25JAN01-B77.5",
            "count": 49,
            "created_time": "2025-01-01T14:58:58.504293Z",
            "yes_price": 13,
            "no_price": 87,
            "taker_side": "no"
        },
        {
            "trade_id": "13164995-7b35-47e7-b1f3-c7372be218e0",
            "ticker": "KXHIGHMIA-25JAN01-B77.5",
            "count": 106,
            "created_time": "2025-01-01T14:53:20.531084Z",
            "yes_price": 15,
            "no_price": 85,
            "taker_side": "yes"
        },
        {
            "trade_id": "3d9c0ef6-e671-4713-9a41-b748d67cb988",
            "ticker": "KXHIGHMIA-25JAN01-B77.5",
            "count": 21,
            "created_time": "2025-01-01T14:45:32.903384Z",
            "yes_price": 7,
            "no_price": 93,
            "taker_side": "no"
        },
        {
            "trade_id": "767c0a8a-cd51-4429-b0c7-2f8e5bf51997",
            "ticker": "KXHIGHMIA-25JAN01-B77.5",
            "count": 9,
            "created_time": "2025-01-01T14:39:47.895102Z",
            "yes_price": 7,
            "no_price": 93,
            "taker_side": "no"
        },
        {
            "trade_id": "07e9410a-c640-4db9-840d-d05064b09fc3",
            "ticker": "KXHIGHMIA-25JAN01-B77.5",
            "count": 82,
            "created_time": "2025-01-01T14:19:06.831886Z",
            "yes_price": 9,
            "no_price": 91,
            "taker_side": "no"
        },
        {
            "trade_id": "09279b26-0f6b-4334-81b2-b8f20c868902",
            "ticker": "KXHIGHMIA-25JAN01-B77.5",
            "count": 4,
            "created_time": "2025-01-01T14:18:28.078673Z",
            "yes_price": 9,
            "no_price": 91,
            "taker_side": "no"
        },
        {
            "trade_id": "70a7036f-da10-48f5-997d-2ce6973de671",
            "ticker": "KXHIGHMIA-25JAN01-B77.5",
            "count": 11,
            "created_time": "2025-01-01T14:15:43.553005Z",
            "yes_price": 7,
            "no_price": 93,
            "taker_side": "no"
        },
        {
            "trade_id": "a5b7b3d2-2ef2-477f-b18b-df1b514fb213",
            "ticker": "KXHIGHMIA-25JAN01-B77.5",
            "count": 12,
            "created_time": "2025-01-01T14:11:49.675494Z",
            "yes_price": 7,
            "no_price": 93,
            "taker_side": "no"
        },
        {
            "trade_id": "ffb000fe-e846-4fb8-a638-737c584886d7",
            "ticker": "KXHIGHMIA-25JAN01-B77.5",
            "count": 34,
            "created_time": "2025-01-01T14:11:49.587232Z",
            "yes_price": 7,
            "no_price": 93,
            "taker_side": "no"
        },
        {
            "trade_id": "c220eb85-86ff-47a3-92e5-b038ecb6785f",
            "ticker": "KXHIGHMIA-25JAN01-B77.5",
            "count": 12,
            "created_time": "2025-01-01T14:11:49.364878Z",
            "yes_price": 7,
            "no_price": 93,
            "taker_side": "no"
        },
        {
            "trade_id": "adfb2bc7-ecda-45ba-8cf5-e5bf5e112df3",
            "ticker": "KXHIGHMIA-25JAN01-B77.5",
            "count": 12,
            "created_time": "2025-01-01T14:11:01.926537Z",
            "yes_price": 6,
            "no_price": 94,
            "taker_side": "no"
        },
        {
            "trade_id": "fa21981e-dde9-4c16-8904-a60a9fb24d3b",
            "ticker": "KXHIGHMIA-25JAN01-B77.5",
            "count": 15,
            "created_time": "2025-01-01T14:06:36.007629Z",
            "yes_price": 5,
            "no_price": 95,
            "taker_side": "no"
        },
        {
            "trade_id": "353cf7a1-35f5-4715-8dc5-80b1a83692d9",
            "ticker": "KXHIGHMIA-25JAN01-B77.5",
            "count": 11,
            "created_time": "2025-01-01T14:00:57.376443Z",
            "yes_price": 5,
            "no_price": 95,
            "taker_side": "no"
        },
        {
            "trade_id": "150fdb18-13b6-49db-af81-cceb20c070c0",
            "ticker": "KXHIGHMIA-25JAN01-B77.5",
            "count": 6,
            "created_time": "2025-01-01T13:58:48.696396Z",
            "yes_price": 4,
            "no_price": 96,
            "taker_side": "no"
        },
        {
            "trade_id": "ec8119f0-3348-485e-af42-b7cdee1263fa",
            "ticker": "KXHIGHMIA-25JAN01-B77.5",
            "count": 5,
            "created_time": "2025-01-01T13:36:58.669819Z",
            "yes_price": 4,
            "no_price": 96,
            "taker_side": "no"
        },
        {
            "trade_id": "f644cfb8-4f31-455a-b86d-816436706b07",
            "ticker": "KXHIGHMIA-25JAN01-B77.5",
            "count": 2,
            "created_time": "2025-01-01T13:36:38.268011Z",
            "yes_price": 4,
            "no_price": 96,
            "taker_side": "no"
        },
        {
            "trade_id": "2d10a071-d879-4a96-930a-e887a79f2b5c",
            "ticker": "KXHIGHMIA-25JAN01-B77.5",
            "count": 3,
            "created_time": "2025-01-01T13:36:38.268011Z",
            "yes_price": 3,
            "no_price": 97,
            "taker_side": "no"
        },
        {
            "trade_id": "a0145b25-2f75-4c1f-9489-4bb73980d997",
            "ticker": "KXHIGHMIA-25JAN01-B77.5",
            "count": 8,
            "created_time": "2025-01-01T13:36:10.17723Z",
            "yes_price": 3,
            "no_price": 97,
            "taker_side": "no"
        },
        {
            "trade_id": "ecc85db1-909b-452b-95cc-8497915a6635",
            "ticker": "KXHIGHMIA-25JAN01-B77.5",
            "count": 1,
            "created_time": "2025-01-01T13:04:29.020196Z",
            "yes_price": 2,
            "no_price": 98,
            "taker_side": "no"
        },
        {
            "trade_id": "5b29514a-fcce-4e78-8179-9c4fc9a0bb7d",
            "ticker": "KXHIGHMIA-25JAN01-B77.5",
            "count": 7,
            "created_time": "2025-01-01T05:11:27.773645Z",
            "yes_price": 7,
            "no_price": 93,
            "taker_side": "no"
        },
        {
            "trade_id": "7b6704d7-4032-4d7b-b24a-19a44b552732",
            "ticker": "KXHIGHMIA-25JAN01-B77.5",
            "count": 1,
            "created_time": "2025-01-01T02:44:16.943987Z",
            "yes_price": 13,
            "no_price": 87,
            "taker_side": "yes"
        },
        {
            "trade_id": "f058b5f8-657e-4fd5-b453-fee073fa3385",
            "ticker": "KXHIGHMIA-25JAN01-B77.5",
            "count": 10,
            "created_time": "2025-01-01T02:15:21.447562Z",
            "yes_price": 14,
            "no_price": 86,
            "taker_side": "no"
        },
        {
            "trade_id": "5ba73d0b-1e64-44a0-a90d-fa25f78de618",
            "ticker": "KXHIGHMIA-25JAN01-B77.5",
            "count": 7,
            "created_time": "2025-01-01T02:11:48.633596Z",
            "yes_price": 14,
            "no_price": 86,
            "taker_side": "no"
        },
        {
            "trade_id": "d0f1d639-fa30-4cac-bd60-c856da8c4532",
            "ticker": "KXHIGHMIA-25JAN01-B77.5",
            "count": 7,
            "created_time": "2025-01-01T02:11:48.6245Z",
            "yes_price": 14,
            "no_price": 86,
            "taker_side": "no"
        },
        {
            "trade_id": "5b37bb9d-c1ee-424c-a13b-5c83b7036917",
            "ticker": "KXHIGHMIA-25JAN01-B77.5",
            "count": 50,
            "created_time": "2025-01-01T02:11:48.307052Z",
            "yes_price": 14,
            "no_price": 86,
            "taker_side": "yes"
        },
        {
            "trade_id": "1aa2c447-79b9-445b-ac5c-5a1339d071bd",
            "ticker": "KXHIGHMIA-25JAN01-B77.5",
            "count": 6,
            "created_time": "2025-01-01T02:11:48.307052Z",
            "yes_price": 14,
            "no_price": 86,
            "taker_side": "yes"
        },
        {
            "trade_id": "f317b155-cdbd-478a-b172-b103a1518c5f",
            "ticker": "KXHIGHMIA-25JAN01-B77.5",
            "count": 50,
            "created_time": "2025-01-01T02:11:41.273861Z",
            "yes_price": 13,
            "no_price": 87,
            "taker_side": "yes"
        },
        {
            "trade_id": "64ca8106-09d0-46a1-9220-9a22d0c04e4f",
            "ticker": "KXHIGHMIA-25JAN01-B77.5",
            "count": 10,
            "created_time": "2025-01-01T02:11:41.273861Z",
            "yes_price": 13,
            "no_price": 87,
            "taker_side": "yes"
        },
        {
            "trade_id": "7bac3ad4-e4e9-4f4f-b482-309b52fb6cd2",
            "ticker": "KXHIGHMIA-25JAN01-B77.5",
            "count": 53,
            "created_time": "2025-01-01T02:11:29.704905Z",
            "yes_price": 12,
            "no_price": 88,
            "taker_side": "no"
        },
        {
            "trade_id": "5d5ac389-e112-47b9-a1b4-f4d0d50f0360",
            "ticker": "KXHIGHMIA-25JAN01-B77.5",
            "count": 50,
            "created_time": "2025-01-01T01:57:42.076446Z",
            "yes_price": 12,
            "no_price": 88,
            "taker_side": "yes"
        },
        {
            "trade_id": "7a6c0d44-6c64-40f1-bb3d-4ef9d992d395",
            "ticker": "KXHIGHMIA-25JAN01-B77.5",
            "count": 62,
            "created_time": "2025-01-01T01:52:55.992544Z",
            "yes_price": 11,
            "no_price": 89,
            "taker_side": "yes"
        },
        {
            "trade_id": "1b86f900-747a-474f-954f-3620542ad193",
            "ticker": "KXHIGHMIA-25JAN01-B77.5",
            "count": 1,
            "created_time": "2025-01-01T00:29:13.29881Z",
            "yes_price": 3,
            "no_price": 97,
            "taker_side": "no"
        },
        {
            "trade_id": "2ef663ab-b871-4781-852a-387373329d6c",
            "ticker": "KXHIGHMIA-25JAN01-B77.5",
            "count": 39,
            "created_time": "2024-12-31T22:22:16.272431Z",
            "yes_price": 12,
            "no_price": 88,
            "taker_side": "yes"
        },
        {
            "trade_id": "87255e5e-3525-4da1-9b24-d33b50ddb3e1",
            "ticker": "KXHIGHMIA-25JAN01-B77.5",
            "count": 3,
            "created_time": "2024-12-31T21:56:44.791563Z",
            "yes_price": 12,
            "no_price": 88,
            "taker_side": "yes"
        },
        {
            "trade_id": "538ac252-6f0f-4b6b-8a0b-b97f2ebf8a95",
            "ticker": "KXHIGHMIA-25JAN01-B77.5",
            "count": 106,
            "created_time": "2024-12-31T21:56:44.791563Z",
            "yes_price": 13,
            "no_price": 87,
            "taker_side": "yes"
        },
        {
            "trade_id": "fe394b86-a539-4750-8cfc-681d7c4a090a",
            "ticker": "KXHIGHMIA-25JAN01-B77.5",
            "count": 360,
            "created_time": "2024-12-31T21:49:16.5799Z",
            "yes_price": 20,
            "no_price": 80,
            "taker_side": "yes"
        },
        {
            "trade_id": "f6b8739c-98d6-4986-9df8-8d9b7f7c2fa1",
            "ticker": "KXHIGHMIA-25JAN01-B77.5",
            "count": 17,
            "created_time": "2024-12-31T21:49:16.5799Z",
            "yes_price": 10,
            "no_price": 90,
            "taker_side": "yes"
        },
        {
            "trade_id": "da24fb81-52c2-4a96-86e5-3e6d5d8862a0",
            "ticker": "KXHIGHMIA-25JAN01-B77.5",
            "count": 100,
            "created_time": "2024-12-31T21:49:16.5799Z",
            "yes_price": 15,
            "no_price": 85,
            "taker_side": "yes"
        },
        {
            "trade_id": "852301cc-43d0-4b9e-b37d-58a6d1a6e967",
            "ticker": "KXHIGHMIA-25JAN01-B77.5",
            "count": 5,
            "created_time": "2024-12-31T21:49:16.5799Z",
            "yes_price": 12,
            "no_price": 88,
            "taker_side": "yes"
        },
        {
            "trade_id": "3ec4e070-43de-47e9-9291-1bf1e7c6428d",
            "ticker": "KXHIGHMIA-25JAN01-B77.5",
            "count": 40,
            "created_time": "2024-12-31T21:49:16.5799Z",
            "yes_price": 13,
            "no_price": 87,
            "taker_side": "yes"
        },
        {
            "trade_id": "9d9beef7-76a1-44ac-b03b-1f1d128e28d5",
            "ticker": "KXHIGHMIA-25JAN01-B77.5",
            "count": 1,
            "created_time": "2024-12-31T21:39:45.896337Z",
            "yes_price": 9,
            "no_price": 91,
            "taker_side": "no"
        },
        {
            "trade_id": "1f14ce5e-00ec-4bb3-9a34-6533ebd2e619",
            "ticker": "KXHIGHMIA-25JAN01-B77.5",
            "count": 1,
            "created_time": "2024-12-31T21:39:39.331293Z",
            "yes_price": 9,
            "no_price": 91,
            "taker_side": "no"
        },
        {
            "trade_id": "663797a2-8dbe-4f8e-8ac2-14ef46cbbc9d",
            "ticker": "KXHIGHMIA-25JAN01-B77.5",
            "count": 1,
            "created_time": "2024-12-31T21:38:38.996207Z",
            "yes_price": 8,
            "no_price": 92,
            "taker_side": "no"
        },
        {
            "trade_id": "7844e539-fcbb-4916-a312-ea209bf347e3",
            "ticker": "KXHIGHMIA-25JAN01-B77.5",
            "count": 12,
            "created_time": "2024-12-31T21:00:31.231777Z",
            "yes_price": 9,
            "no_price": 91,
            "taker_side": "no"
        },
        {
            "trade_id": "fa5726f8-075f-409e-94ef-fbe72f456f1a",
            "ticker": "KXHIGHMIA-25JAN01-B77.5",
            "count": 88,
            "created_time": "2024-12-31T20:51:19.119373Z",
            "yes_price": 9,
            "no_price": 91,
            "taker_side": "no"
        },
        {
            "trade_id": "57f47201-d595-44af-bb4f-388c3cfc4bf9",
            "ticker": "KXHIGHMIA-25JAN01-B77.5",
            "count": 21,
            "created_time": "2024-12-31T20:51:19.119373Z",
            "yes_price": 10,
            "no_price": 90,
            "taker_side": "no"
        },
        {
            "trade_id": "52b4de04-5c4a-4e5d-ac66-12adbe26a5df",
            "ticker": "KXHIGHMIA-25JAN01-B77.5",
            "count": 50,
            "created_time": "2024-12-31T20:13:47.338367Z",
            "yes_price": 10,
            "no_price": 90,
            "taker_side": "no"
        },
        {
            "trade_id": "9b2b7ea7-757a-469f-9b44-e29b77c4a9e7",
            "ticker": "KXHIGHMIA-25JAN01-B77.5",
            "count": 17,
            "created_time": "2024-12-31T20:12:50.749816Z",
            "yes_price": 10,
            "no_price": 90,
            "taker_side": "no"
        },
        {
            "trade_id": "bf52e624-4668-4c29-a103-dd725a8ffb51",
            "ticker": "KXHIGHMIA-25JAN01-B77.5",
            "count": 20,
            "created_time": "2024-12-31T20:11:11.149688Z",
            "yes_price": 10,
            "no_price": 90,
            "taker_side": "no"
        },
        {
            "trade_id": "cd2e9e6f-aa7b-4fd7-9550-994f704e6a54",
            "ticker": "KXHIGHMIA-25JAN01-B77.5",
            "count": 36,
            "created_time": "2024-12-31T20:01:02.299221Z",
            "yes_price": 11,
            "no_price": 89,
            "taker_side": "yes"
        },
        {
            "trade_id": "8300c614-ca21-4919-bb4e-d8a3405b7c44",
            "ticker": "KXHIGHMIA-25JAN01-B77.5",
            "count": 40,
            "created_time": "2024-12-31T20:01:02.299221Z",
            "yes_price": 13,
            "no_price": 87,
            "taker_side": "yes"
        },
        {
            "trade_id": "5eee197a-508c-4126-903b-9dc73697ff4b",
            "ticker": "KXHIGHMIA-25JAN01-B77.5",
            "count": 41,
            "created_time": "2024-12-31T20:01:02.299221Z",
            "yes_price": 12,
            "no_price": 88,
            "taker_side": "yes"
        },
        {
            "trade_id": "a9dede4d-1fc1-48d9-a722-1d1be31813ae",
            "ticker": "KXHIGHMIA-25JAN01-B77.5",
            "count": 63,
            "created_time": "2024-12-31T19:45:39.23302Z",
            "yes_price": 10,
            "no_price": 90,
            "taker_side": "no"
        },
        {
            "trade_id": "c8592eb2-8ca3-4df4-99c0-c7dd73788daf",
            "ticker": "KXHIGHMIA-25JAN01-B77.5",
            "count": 36,
            "created_time": "2024-12-31T19:45:38.845486Z",
            "yes_price": 11,
            "no_price": 89,
            "taker_side": "no"
        },
        {
            "trade_id": "6408039c-4b73-4050-8e5b-36564659137c",
            "ticker": "KXHIGHMIA-25JAN01-B77.5",
            "count": 40,
            "created_time": "2024-12-31T19:38:09.302141Z",
            "yes_price": 10,
            "no_price": 90,
            "taker_side": "yes"
        },
        {
            "trade_id": "ba01f225-e9d8-41e4-8e58-33d2efb4b556",
            "ticker": "KXHIGHMIA-25JAN01-B77.5",
            "count": 43,
            "created_time": "2024-12-31T19:10:35.123393Z",
            "yes_price": 9,
            "no_price": 91,
            "taker_side": "no"
        },
        {
            "trade_id": "1e53d38f-e023-471a-a3e7-9427a4a336f2",
            "ticker": "KXHIGHMIA-25JAN01-B77.5",
            "count": 1,
            "created_time": "2024-12-31T19:07:29.853839Z",
            "yes_price": 9,
            "no_price": 91,
            "taker_side": "no"
        },
        {
            "trade_id": "9ea89c77-5bdc-45e0-bd67-56f386e8f6f0",
            "ticker": "KXHIGHMIA-25JAN01-B77.5",
            "count": 4,
            "created_time": "2024-12-31T17:38:00.249967Z",
            "yes_price": 22,
            "no_price": 78,
            "taker_side": "yes"
        }
    ],
    "KXHIGHMIA-25JAN01-B79.5": [
        {
            "trade_id": "bfab129e-ac70-4402-b2af-7966df852cef",
            "ticker": "KXHIGHMIA-25JAN01-B79.5",
            "count": 93,
            "created_time": "2025-01-02T01:11:40.423209Z",
            "yes_price": 1,
            "no_price": 99,
            "taker_side": "yes"
        },
        {
            "trade_id": "8cefe224-f2c8-4878-b460-b51cd82ee465",
            "ticker": "KXHIGHMIA-25JAN01-B79.5",
            "count": 53,
            "created_time": "2025-01-01T23:44:51.262618Z",
            "yes_price": 1,
            "no_price": 99,
            "taker_side": "yes"
        },
        {
            "trade_id": "df1c46dc-fb26-4891-a6e3-7b2e42e13131",
            "ticker": "KXHIGHMIA-25JAN01-B79.5",
            "count": 2,
            "created_time": "2025-01-01T21:29:18.466424Z",
            "yes_price": 1,
            "no_price": 99,
            "taker_side": "yes"
        },
        {
            "trade_id": "e10113ec-498a-4212-82cf-ceb2462e6814",
            "ticker": "KXHIGHMIA-25JAN01-B79.5",
            "count": 7,
            "created_time": "2025-01-01T21:29:02.125669Z",
            "yes_price": 1,
            "no_price": 99,
            "taker_side": "yes"
        },
        {
            "trade_id": "b3747dff-2df0-4288-863e-ec5845ab1837",
            "ticker": "KXHIGHMIA-25JAN01-B79.5",
            "count": 30,
            "created_time": "2025-01-01T21:18:55.256468Z",
            "yes_price": 1,
            "no_price": 99,
            "taker_side": "yes"
        },
        {
            "trade_id": "c5a84e0e-97ef-49ab-a51f-4d98daf26779",
            "ticker": "KXHIGHMIA-25JAN01-B79.5",
            "count": 799,
            "created_time": "2025-01-01T20:59:57.369905Z",
            "yes_price": 1,
            "no_price": 99,
            "taker_side": "yes"
        },
        {
            "trade_id": "24bfdd9b-aba6-45fc-86be-52db329499ea",
            "ticker": "KXHIGHMIA-25JAN01-B79.5",
            "count": 192,
            "created_time": "2025-01-01T20:46:29.892219Z",
            "yes_price": 1,
            "no_price": 99,
            "taker_side": "yes"
        },
        {
            "trade_id": "f908e850-00d6-4828-8ce6-878be990545f",
            "ticker": "KXHIGHMIA-25JAN01-B79.5",
            "count": 22,
            "created_time": "2025-01-01T20:46:08.447424Z",
            "yes_price": 1,
            "no_price": 99,
            "taker_side": "yes"
        },
        {
            "trade_id": "498d3aa9-e598-488a-9e95-988c42859000",
            "ticker": "KXHIGHMIA-25JAN01-B79.5",
            "count": 28,
            "created_time": "2025-01-01T20:41:05.81877Z",
            "yes_price": 1,
            "no_price": 99,
            "taker_side": "yes"
        },
        {
            "trade_id": "f0a7419d-00a1-481c-8acd-8bfbc73a59f3",
            "ticker": "KXHIGHMIA-25JAN01-B79.5",
            "count": 38,
            "created_time": "2025-01-01T20:35:54.928835Z",
            "yes_price": 1,
            "no_price": 99,
            "taker_side": "yes"
        },
        {
            "trade_id": "9badd56b-fb5d-4a88-be89-a7fc01ea75fd",
            "ticker": "KXHIGHMIA-25JAN01-B79.5",
            "count": 250,
            "created_time": "2025-01-01T20:35:14.277538Z",
            "yes_price": 1,
            "no_price": 99,
            "taker_side": "yes"
        },
        {
            "trade_id": "83897883-fdb2-4dc7-9253-d64795820db9",
            "ticker": "KXHIGHMIA-25JAN01-B79.5",
            "count": 10,
            "created_time": "2025-01-01T20:33:43.448436Z",
            "yes_price": 1,
            "no_price": 99,
            "taker_side": "yes"
        },
        {
            "trade_id": "5eed97da-1769-4558-94cd-5d758a2926f0",
            "ticker": "KXHIGHMIA-25JAN01-B79.5",
            "count": 200,
            "created_time": "2025-01-01T20:33:35.041455Z",
            "yes_price": 1,
            "no_price": 99,
            "taker_side": "yes"
        },
        {
            "trade_id": "ce9a59df-6567-4691-ac96-ca127c729657",
            "ticker": "KXHIGHMIA-25JAN01-B79.5",
            "count": 50,
            "created_time": "2025-01-01T20:30:45.75484Z",
            "yes_price": 1,
            "no_price": 99,
            "taker_side": "yes"
        },
        {
            "trade_id": "114b987b-1db2-41c6-a4e5-553052ad08d1",
            "ticker": "KXHIGHMIA-25JAN01-B79.5",
            "count": 18,
            "created_time": "2025-01-01T20:30:45.480642Z",
            "yes_price": 1,
            "no_price": 99,
            "taker_side": "yes"
        },
        {
            "trade_id": "27dc891d-9966-4bdf-9210-3320a01a7cd9",
            "ticker": "KXHIGHMIA-25JAN01-B79.5",
            "count": 50,
            "created_time": "2025-01-01T20:26:31.354881Z",
            "yes_price": 1,
            "no_price": 99,
            "taker_side": "yes"
        },
        {
            "trade_id": "c08d8c21-4483-47c8-a605-7ac3eee6b0d4",
            "ticker": "KXHIGHMIA-25JAN01-B79.5",
            "count": 24,
            "created_time": "2025-01-01T20:26:30.257424Z",
            "yes_price": 1,
            "no_price": 99,
            "taker_side": "yes"
        },
        {
            "trade_id": "0f071bbc-92cd-485b-a808-c2c2ee03a607",
            "ticker": "KXHIGHMIA-25JAN01-B79.5",
            "count": 50,
            "created_time": "2025-01-01T20:20:45.348889Z",
            "yes_price": 1,
            "no_price": 99,
            "taker_side": "yes"
        },
        {
            "trade_id": "48d9d04a-bc7b-47b4-8d36-1529b2a44e2e",
            "ticker": "KXHIGHMIA-25JAN01-B79.5",
            "count": 32,
            "created_time": "2025-01-01T20:20:45.029907Z",
            "yes_price": 1,
            "no_price": 99,
            "taker_side": "yes"
        },
        {
            "trade_id": "b86c4dce-45e5-4f4e-b3c1-27170be445ab",
            "ticker": "KXHIGHMIA-25JAN01-B79.5",
            "count": 63,
            "created_time": "2025-01-01T20:19:52.502313Z",
            "yes_price": 1,
            "no_price": 99,
            "taker_side": "yes"
        },
        {
            "trade_id": "3cc910fd-12f7-4951-9573-6b09d7c28a12",
            "ticker": "KXHIGHMIA-25JAN01-B79.5",
            "count": 93,
            "created_time": "2025-01-01T20:19:03.660074Z",
            "yes_price": 1,
            "no_price": 99,
            "taker_side": "yes"
        },
        {
            "trade_id": "e6535f9b-f94b-418e-86de-26aaef8ec950",
            "ticker": "KXHIGHMIA-25JAN01-B79.5",
            "count": 3,
            "created_time": "2025-01-01T20:17:52.109235Z",
            "yes_price": 1,
            "no_price": 99,
            "taker_side": "yes"
        },
        {
            "trade_id": "ac8e93ab-8398-4aa4-8958-a5dbaaa24b56",
            "ticker": "KXHIGHMIA-25JAN01-B79.5",
            "count": 50,
            "created_time": "2025-01-01T20:16:08.526476Z",
            "yes_price": 1,
            "no_price": 99,
            "taker_side": "yes"
        },
        {
            "trade_id": "aa569a1a-e7d7-4ec2-a984-b6b6d87bdeec",
            "ticker": "KXHIGHMIA-25JAN01-B79.5",
            "count": 49,
            "created_time": "2025-01-01T20:16:07.526694Z",
            "yes_price": 1,
            "no_price": 99,
            "taker_side": "yes"
        },
        {
            "trade_id": "4b0c7d20-f106-43b5-a9b2-4ae9066107bd",
            "ticker": "KXHIGHMIA-25JAN01-B79.5",
            "count": 41,
            "created_time": "2025-01-01T20:16:06.519104Z",
            "yes_price": 1,
            "no_price": 99,
            "taker_side": "yes"
        },
        {
            "trade_id": "e636d30b-175d-4d1b-92a6-e057b9fdaa0f",
            "ticker": "KXHIGHMIA-25JAN01-B79.5",
            "count": 596,
            "created_time": "2025-01-01T20:12:43.201972Z",
            "yes_price": 1,
            "no_price": 99,
            "taker_side": "yes"
        },
        {
            "trade_id": "ce698d00-faf0-4aae-8bce-36c2918df6b1",
            "ticker": "KXHIGHMIA-25JAN01-B79.5",
            "count": 6,
            "created_time": "2025-01-01T20:12:10.141628Z",
            "yes_price": 1,
            "no_price": 99,
            "taker_side": "no"
        },
        {
            "trade_id": "b77668a8-e463-4475-8652-c3d266d279be",
            "ticker": "KXHIGHMIA-25JAN01-B79.5",
            "count": 2036,
            "created_time": "2025-01-01T20:12:10.141628Z",
            "yes_price": 1,
            "no_price": 99,
            "taker_side": "no"
        },
        {
            "trade_id": "4d7eebf0-4c11-4eee-9d0a-4d95c8166f91",
            "ticker": "KXHIGHMIA-25JAN01-B79.5",
            "count": 150,
            "created_time": "2025-01-01T20:12:10.141628Z",
            "yes_price": 1,
            "no_price": 99,
            "taker_side": "no"
        },
        {
            "trade_id": "37287755-a481-4e8f-b1cb-52b8eab427fe",
            "ticker": "KXHIGHMIA-25JAN01-B79.5",
            "count": 816,
            "created_time": "2025-01-01T20:12:10.141628Z",
            "yes_price": 1,
            "no_price": 99,
            "taker_side": "no"
        },
        {
            "trade_id": "c374e17b-b7af-4080-9d6e-0415a5ad27af",
            "ticker": "KXHIGHMIA-25JAN01-B79.5",
            "count": 13,
            "created_time": "2025-01-01T20:12:08.24388Z",
            "yes_price": 5,
            "no_price": 95,
            "taker_side": "yes"
        },
        {
            "trade_id": "874b2f7a-8d28-4bac-a596-7c9153d3af1f",
            "ticker": "KXHIGHMIA-25JAN01-B79.5",
            "count": 37,
            "created_time": "2025-01-01T20:12:06.287156Z",
            "yes_price": 5,
            "no_price": 95,
            "taker_side": "yes"
        },
        {
            "trade_id": "c1ef8aa8-c627-4876-b48e-4348bc5822e7",
            "ticker": "KXHIGHMIA-25JAN01-B79.5",
            "count": 12,
            "created_time": "2025-01-01T20:12:04.359496Z",
            "yes_price": 2,
            "no_price": 98,
            "taker_side": "no"
        },
        {
            "trade_id": "a3295685-73c7-40fe-a945-af2e0849198a",
            "ticker": "KXHIGHMIA-25JAN01-B79.5",
            "count": 100,
            "created_time": "2025-01-01T20:12:04.359496Z",
            "yes_price": 2,
            "no_price": 98,
            "taker_side": "no"
        },
        {
            "trade_id": "f8aaf52d-84c7-48ea-8e5d-d9ff804aa25b",
            "ticker": "KXHIGHMIA-25JAN01-B79.5",
            "count": 50,
            "created_time": "2025-01-01T20:12:04.093884Z",
            "yes_price": 36,
            "no_price": 64,
            "taker_side": "no"
        },
        {
            "trade_id": "e805b7c0-dadb-476a-9c0e-fba34cb4d71b",
            "ticker": "KXHIGHMIA-25JAN01-B79.5",
            "count": 50,
            "created_time": "2025-01-01T20:12:04.093884Z",
            "yes_price": 36,
            "no_price": 64,
            "taker_side": "no"
        },
        {
            "trade_id": "e1c17bbe-9f73-4d4a-b101-11b2aa3df7f3",
            "ticker": "KXHIGHMIA-25JAN01-B79.5",
            "count": 200,
            "created_time": "2025-01-01T20:12:04.093884Z",
            "yes_price": 21,
            "no_price": 79,
            "taker_side": "no"
        },
        {
            "trade_id": "c173ace3-1cc0-48f0-a13f-6086267a8539",
            "ticker": "KXHIGHMIA-25JAN01-B79.5",
            "count": 50,
            "created_time": "2025-01-01T20:12:04.093884Z",
            "yes_price": 13,
            "no_price": 87,
            "taker_side": "no"
        },
        {
            "trade_id": "b8a808b3-6908-4172-9360-7b01960dd4cb",
            "ticker": "KXHIGHMIA-25JAN01-B79.5",
            "count": 50,
            "created_time": "2025-01-01T20:12:04.093884Z",
            "yes_price": 6,
            "no_price": 94,
            "taker_side": "no"
        },
        {
            "trade_id": "b52398d8-789f-4ea8-a3f5-612a16d8ba9e",
            "ticker": "KXHIGHMIA-25JAN01-B79.5",
            "count": 100,
            "created_time": "2025-01-01T20:12:04.093884Z",
            "yes_price": 35,
            "no_price": 65,
            "taker_side": "no"
        },
        {
            "trade_id": "5b1d71c3-3227-4312-aea4-d3355c85abfd",
            "ticker": "KXHIGHMIA-25JAN01-B79.5",
            "count": 50,
            "created_time": "2025-01-01T20:12:04.093884Z",
            "yes_price": 15,
            "no_price": 85,
            "taker_side": "no"
        },
        {
            "trade_id": "5317161f-6267-4cc7-a9ac-beca5510564f",
            "ticker": "KXHIGHMIA-25JAN01-B79.5",
            "count": 35,
            "created_time": "2025-01-01T20:12:04.093884Z",
            "yes_price": 37,
            "no_price": 63,
            "taker_side": "no"
        },
        {
            "trade_id": "3bb0af43-bfa0-4a9f-bdf6-29235674539d",
            "ticker": "KXHIGHMIA-25JAN01-B79.5",
            "count": 50,
            "created_time": "2025-01-01T20:12:04.093884Z",
            "yes_price": 7,
            "no_price": 93,
            "taker_side": "no"
        },
        {
            "trade_id": "38938325-2ff1-4290-aa5e-49356516af5c",
            "ticker": "KXHIGHMIA-25JAN01-B79.5",
            "count": 100,
            "created_time": "2025-01-01T20:12:04.093884Z",
            "yes_price": 10,
            "no_price": 90,
            "taker_side": "no"
        },
        {
            "trade_id": "27c43027-984d-4bca-bef7-3a37c628812e",
            "ticker": "KXHIGHMIA-25JAN01-B79.5",
            "count": 28,
            "created_time": "2025-01-01T20:12:04.093884Z",
            "yes_price": 20,
            "no_price": 80,
            "taker_side": "no"
        },
        {
            "trade_id": "275110af-e780-41d5-8950-67218d2debb7",
            "ticker": "KXHIGHMIA-25JAN01-B79.5",
            "count": 36,
            "created_time": "2025-01-01T20:12:04.093884Z",
            "yes_price": 41,
            "no_price": 59,
            "taker_side": "no"
        },
        {
            "trade_id": "37737db1-be98-489e-bd47-c04a026f5c0c",
            "ticker": "KXHIGHMIA-25JAN01-B79.5",
            "count": 1,
            "created_time": "2025-01-01T20:11:33.352916Z",
            "yes_price": 59,
            "no_price": 41,
            "taker_side": "yes"
        },
        {
            "trade_id": "2796ecca-0c19-41dd-bba6-df019c5a67c0",
            "ticker": "KXHIGHMIA-25JAN01-B79.5",
            "count": 96,
            "created_time": "2025-01-01T20:11:33.352916Z",
            "yes_price": 60,
            "no_price": 40,
            "taker_side": "yes"
        },
        {
            "trade_id": "b52f2c41-fb90-484f-9216-1ad55e712e84",
            "ticker": "KXHIGHMIA-25JAN01-B79.5",
            "count": 50,
            "created_time": "2025-01-01T20:11:15.554699Z",
            "yes_price": 58,
            "no_price": 42,
            "taker_side": "yes"
        },
        {
            "trade_id": "acede56e-2e31-4cf2-8fa5-ad7b3e59677d",
            "ticker": "KXHIGHMIA-25JAN01-B79.5",
            "count": 50,
            "created_time": "2025-01-01T20:11:15.554699Z",
            "yes_price": 57,
            "no_price": 43,
            "taker_side": "yes"
        },
        {
            "trade_id": "69ff3daa-9033-4c9f-a0af-2ce7db0cd7d5",
            "ticker": "KXHIGHMIA-25JAN01-B79.5",
            "count": 500,
            "created_time": "2025-01-01T20:11:15.554699Z",
            "yes_price": 59,
            "no_price": 41,
            "taker_side": "yes"
        },
        {
            "trade_id": "7651cfe8-bf89-4c54-989c-965c8125eae0",
            "ticker": "KXHIGHMIA-25JAN01-B79.5",
            "count": 40,
            "created_time": "2025-01-01T20:10:38.369601Z",
            "yes_price": 57,
            "no_price": 43,
            "taker_side": "yes"
        },
        {
            "trade_id": "f860dab0-7b4b-4240-9287-48b932286a87",
            "ticker": "KXHIGHMIA-25JAN01-B79.5",
            "count": 31,
            "created_time": "2025-01-01T20:09:43.923427Z",
            "yes_price": 57,
            "no_price": 43,
            "taker_side": "yes"
        },
        {
            "trade_id": "b2be33c9-a275-4f2e-b473-53ab002cdd87",
            "ticker": "KXHIGHMIA-25JAN01-B79.5",
            "count": 139,
            "created_time": "2025-01-01T20:09:43.923427Z",
            "yes_price": 57,
            "no_price": 43,
            "taker_side": "yes"
        },
        {
            "trade_id": "00dbd2e1-32d5-47a5-ad84-89e9a14f42ec",
            "ticker": "KXHIGHMIA-25JAN01-B79.5",
            "count": 18,
            "created_time": "2025-01-01T20:09:28.655153Z",
            "yes_price": 57,
            "no_price": 43,
            "taker_side": "yes"
        },
        {
            "trade_id": "b8733c65-f2c8-4dea-a542-22e6d489106b",
            "ticker": "KXHIGHMIA-25JAN01-B79.5",
            "count": 75,
            "created_time": "2025-01-01T20:06:54.289634Z",
            "yes_price": 49,
            "no_price": 51,
            "taker_side": "yes"
        },
        {
            "trade_id": "2fc38478-f495-434c-88f6-6e0f57114292",
            "ticker": "KXHIGHMIA-25JAN01-B79.5",
            "count": 78,
            "created_time": "2025-01-01T20:06:21.084814Z",
            "yes_price": 44,
            "no_price": 56,
            "taker_side": "yes"
        },
        {
            "trade_id": "c53ec8f9-b036-4cfa-b39f-163d5d52f0c0",
            "ticker": "KXHIGHMIA-25JAN01-B79.5",
            "count": 3,
            "created_time": "2025-01-01T20:06:17.505172Z",
            "yes_price": 51,
            "no_price": 49,
            "taker_side": "no"
        },
        {
            "trade_id": "00577a40-d7f8-4b26-ac86-a4bfd757ab4e",
            "ticker": "KXHIGHMIA-25JAN01-B79.5",
            "count": 3,
            "created_time": "2025-01-01T20:06:12.149033Z",
            "yes_price": 56,
            "no_price": 44,
            "taker_side": "yes"
        },
        {
            "trade_id": "493bbc0e-362f-4f1a-9b0d-3eeb0a6a5cf6",
            "ticker": "KXHIGHMIA-25JAN01-B79.5",
            "count": 17,
            "created_time": "2025-01-01T20:06:08.751119Z",
            "yes_price": 57,
            "no_price": 43,
            "taker_side": "yes"
        },
        {
            "trade_id": "5fe50af3-dc13-4056-b122-d0dd5fbb801c",
            "ticker": "KXHIGHMIA-25JAN01-B79.5",
            "count": 2,
            "created_time": "2025-01-01T20:05:32.892386Z",
            "yes_price": 57,
            "no_price": 43,
            "taker_side": "yes"
        },
        {
            "trade_id": "08641a22-598f-41db-8310-df0cb4cdcfe4",
            "ticker": "KXHIGHMIA-25JAN01-B79.5",
            "count": 31,
            "created_time": "2025-01-01T20:05:12.188757Z",
            "yes_price": 52,
            "no_price": 48,
            "taker_side": "yes"
        },
        {
            "trade_id": "7fa0f1ec-0185-48bf-8edf-bf759916b83c",
            "ticker": "KXHIGHMIA-25JAN01-B79.5",
            "count": 1000,
            "created_time": "2025-01-01T20:05:11.911377Z",
            "yes_price": 52,
            "no_price": 48,
            "taker_side": "yes"
        },
        {
            "trade_id": "37cdc75a-5cb7-4317-8df9-da719537fb9d",
            "ticker": "KXHIGHMIA-25JAN01-B79.5",
            "count": 1000,
            "created_time": "2025-01-01T20:05:02.577413Z",
            "yes_price": 52,
            "no_price": 48,
            "taker_side": "yes"
        },
        {
            "trade_id": "67784a85-a267-4776-97ea-a66d3b3aa797",
            "ticker": "KXHIGHMIA-25JAN01-B79.5",
            "count": 41,
            "created_time": "2025-01-01T20:04:37.409095Z",
            "yes_price": 50,
            "no_price": 50,
            "taker_side": "yes"
        },
        {
            "trade_id": "0d3ace5f-d4b8-4085-94ef-f3c41c1c7dfd",
            "ticker": "KXHIGHMIA-25JAN01-B79.5",
            "count": 1,
            "created_time": "2025-01-01T20:04:36.647234Z",
            "yes_price": 47,
            "no_price": 53,
            "taker_side": "yes"
        },
        {
            "trade_id": "bae4f549-0687-4224-95f4-a3eba120ee1d",
            "ticker": "KXHIGHMIA-25JAN01-B79.5",
            "count": 30,
            "created_time": "2025-01-01T20:04:30.912207Z",
            "yes_price": 40,
            "no_price": 60,
            "taker_side": "yes"
        },
        {
            "trade_id": "61616dc0-8080-4aaa-ac60-7ad96764e1b9",
            "ticker": "KXHIGHMIA-25JAN01-B79.5",
            "count": 133,
            "created_time": "2025-01-01T20:04:27.466575Z",
            "yes_price": 38,
            "no_price": 62,
            "taker_side": "yes"
        },
        {
            "trade_id": "4cdf9246-b947-42a7-a314-ada6a928d5ad",
            "ticker": "KXHIGHMIA-25JAN01-B79.5",
            "count": 52,
            "created_time": "2025-01-01T20:04:27.466575Z",
            "yes_price": 38,
            "no_price": 62,
            "taker_side": "yes"
        },
        {
            "trade_id": "ce55fb79-3f15-485b-83fc-db19f86f0059",
            "ticker": "KXHIGHMIA-25JAN01-B79.5",
            "count": 35,
            "created_time": "2025-01-01T20:04:25.567502Z",
            "yes_price": 34,
            "no_price": 66,
            "taker_side": "yes"
        },
        {
            "trade_id": "b3cb7929-1987-4662-9990-18a1f8ae387c",
            "ticker": "KXHIGHMIA-25JAN01-B79.5",
            "count": 30,
            "created_time": "2025-01-01T20:04:22.185134Z",
            "yes_price": 35,
            "no_price": 65,
            "taker_side": "yes"
        },
        {
            "trade_id": "69d81228-a569-4e3e-9bb6-c7994613fb0e",
            "ticker": "KXHIGHMIA-25JAN01-B79.5",
            "count": 99,
            "created_time": "2025-01-01T20:04:06.739297Z",
            "yes_price": 31,
            "no_price": 69,
            "taker_side": "yes"
        },
        {
            "trade_id": "9cb7244b-a972-46f3-971a-ff407ca0849f",
            "ticker": "KXHIGHMIA-25JAN01-B79.5",
            "count": 7,
            "created_time": "2025-01-01T20:02:09.956326Z",
            "yes_price": 22,
            "no_price": 78,
            "taker_side": "no"
        },
        {
            "trade_id": "6d692d47-a154-40eb-85e1-3ecca4e270a4",
            "ticker": "KXHIGHMIA-25JAN01-B79.5",
            "count": 64,
            "created_time": "2025-01-01T20:02:05.33033Z",
            "yes_price": 23,
            "no_price": 77,
            "taker_side": "yes"
        },
        {
            "trade_id": "245e2a7c-df52-4b3e-a804-591028426025",
            "ticker": "KXHIGHMIA-25JAN01-B79.5",
            "count": 32,
            "created_time": "2025-01-01T20:02:05.33033Z",
            "yes_price": 23,
            "no_price": 77,
            "taker_side": "yes"
        },
        {
            "trade_id": "6745ad91-c197-4b1c-9b9c-304b6d83f1ea",
            "ticker": "KXHIGHMIA-25JAN01-B79.5",
            "count": 200,
            "created_time": "2025-01-01T20:01:19.809984Z",
            "yes_price": 22,
            "no_price": 78,
            "taker_side": "no"
        },
        {
            "trade_id": "fb77ec0d-6369-4551-a305-4c3c1267e801",
            "ticker": "KXHIGHMIA-25JAN01-B79.5",
            "count": 10,
            "created_time": "2025-01-01T20:00:50.630803Z",
            "yes_price": 24,
            "no_price": 76,
            "taker_side": "yes"
        },
        {
            "trade_id": "61ec2b40-2657-47af-955a-06dd4fe3a07f",
            "ticker": "KXHIGHMIA-25JAN01-B79.5",
            "count": 5,
            "created_time": "2025-01-01T19:59:51.740326Z",
            "yes_price": 25,
            "no_price": 75,
            "taker_side": "yes"
        },
        {
            "trade_id": "df166d82-2608-4871-99e9-d7900f56c102",
            "ticker": "KXHIGHMIA-25JAN01-B79.5",
            "count": 2,
            "created_time": "2025-01-01T19:58:21.227829Z",
            "yes_price": 19,
            "no_price": 81,
            "taker_side": "no"
        },
        {
            "trade_id": "d77d5af8-4af9-4ace-9a6b-653c407c290e",
            "ticker": "KXHIGHMIA-25JAN01-B79.5",
            "count": 29,
            "created_time": "2025-01-01T19:58:16.28839Z",
            "yes_price": 20,
            "no_price": 80,
            "taker_side": "no"
        },
        {
            "trade_id": "6a89b84b-97d9-4b81-bba9-ddf367c91b77",
            "ticker": "KXHIGHMIA-25JAN01-B79.5",
            "count": 80,
            "created_time": "2025-01-01T19:58:16.28839Z",
            "yes_price": 20,
            "no_price": 80,
            "taker_side": "no"
        },
        {
            "trade_id": "5a5e3e36-abb6-4f9c-b9a3-7ed948661630",
            "ticker": "KXHIGHMIA-25JAN01-B79.5",
            "count": 1,
            "created_time": "2025-01-01T19:57:34.226387Z",
            "yes_price": 31,
            "no_price": 69,
            "taker_side": "yes"
        },
        {
            "trade_id": "5c4670b1-f33a-4dda-aa97-7b21162eaf82",
            "ticker": "KXHIGHMIA-25JAN01-B79.5",
            "count": 43,
            "created_time": "2025-01-01T19:57:15.292557Z",
            "yes_price": 33,
            "no_price": 67,
            "taker_side": "yes"
        },
        {
            "trade_id": "43feb2d3-e400-47f1-b760-7c2ca4d1454d",
            "ticker": "KXHIGHMIA-25JAN01-B79.5",
            "count": 80,
            "created_time": "2025-01-01T19:57:14.860006Z",
            "yes_price": 25,
            "no_price": 75,
            "taker_side": "no"
        },
        {
            "trade_id": "022832bd-4f9f-4fe8-930b-804b4acea0f4",
            "ticker": "KXHIGHMIA-25JAN01-B79.5",
            "count": 2,
            "created_time": "2025-01-01T19:57:07.243474Z",
            "yes_price": 33,
            "no_price": 67,
            "taker_side": "yes"
        },
        {
            "trade_id": "a1f601bd-52aa-4249-81ff-24174f45781e",
            "ticker": "KXHIGHMIA-25JAN01-B79.5",
            "count": 49,
            "created_time": "2025-01-01T19:56:55.447716Z",
            "yes_price": 27,
            "no_price": 73,
            "taker_side": "yes"
        },
        {
            "trade_id": "8e64d2c2-f605-441b-baa0-f0276e5a663d",
            "ticker": "KXHIGHMIA-25JAN01-B79.5",
            "count": 123,
            "created_time": "2025-01-01T19:56:55.447716Z",
            "yes_price": 27,
            "no_price": 73,
            "taker_side": "yes"
        },
        {
            "trade_id": "7c4ec21a-f541-47c1-9109-e60fab2f21ed",
            "ticker": "KXHIGHMIA-25JAN01-B79.5",
            "count": 123,
            "created_time": "2025-01-01T19:56:54.290291Z",
            "yes_price": 27,
            "no_price": 73,
            "taker_side": "no"
        },
        {
            "trade_id": "46e7f7bb-5731-44e2-a2b6-f64dc909df49",
            "ticker": "KXHIGHMIA-25JAN01-B79.5",
            "count": 254,
            "created_time": "2025-01-01T19:56:54.290291Z",
            "yes_price": 28,
            "no_price": 72,
            "taker_side": "no"
        },
        {
            "trade_id": "10cf7261-2066-43cf-89d1-c07532412e2d",
            "ticker": "KXHIGHMIA-25JAN01-B79.5",
            "count": 148,
            "created_time": "2025-01-01T19:56:49.656448Z",
            "yes_price": 32,
            "no_price": 68,
            "taker_side": "yes"
        },
        {
            "trade_id": "da4d3627-4bce-4d9d-b4a9-ea446de962ab",
            "ticker": "KXHIGHMIA-25JAN01-B79.5",
            "count": 1,
            "created_time": "2025-01-01T19:56:30.082678Z",
            "yes_price": 32,
            "no_price": 68,
            "taker_side": "yes"
        },
        {
            "trade_id": "46064ac2-9519-4a93-82ed-8e5d7fd4f655",
            "ticker": "KXHIGHMIA-25JAN01-B79.5",
            "count": 90,
            "created_time": "2025-01-01T19:54:30.885544Z",
            "yes_price": 22,
            "no_price": 78,
            "taker_side": "no"
        },
        {
            "trade_id": "36e5939e-5611-4337-b39b-14549e9708df",
            "ticker": "KXHIGHMIA-25JAN01-B79.5",
            "count": 80,
            "created_time": "2025-01-01T19:54:30.885544Z",
            "yes_price": 23,
            "no_price": 77,
            "taker_side": "no"
        },
        {
            "trade_id": "2c8e4063-29e7-496c-a159-65b0a800bdda",
            "ticker": "KXHIGHMIA-25JAN01-B79.5",
            "count": 121,
            "created_time": "2025-01-01T19:54:30.885544Z",
            "yes_price": 23,
            "no_price": 77,
            "taker_side": "no"
        },
        {
            "trade_id": "28958d0f-c73f-4689-b237-aa81c70d314e",
            "ticker": "KXHIGHMIA-25JAN01-B79.5",
            "count": 100,
            "created_time": "2025-01-01T19:54:30.885544Z",
            "yes_price": 22,
            "no_price": 78,
            "taker_side": "no"
        },
        {
            "trade_id": "31764a45-5f68-4de0-8066-2a5e8fb2e1bd",
            "ticker": "KXHIGHMIA-25JAN01-B79.5",
            "count": 500,
            "created_time": "2025-01-01T19:52:52.860834Z",
            "yes_price": 20,
            "no_price": 80,
            "taker_side": "yes"
        },
        {
            "trade_id": "ad0a200a-9c84-40bf-b80a-107007709aa7",
            "ticker": "KXHIGHMIA-25JAN01-B79.5",
            "count": 24,
            "created_time": "2025-01-01T19:52:43.570207Z",
            "yes_price": 18,
            "no_price": 82,
            "taker_side": "yes"
        },
        {
            "trade_id": "d86269ed-1ed3-492a-a869-6ea5c68c938e",
            "ticker": "KXHIGHMIA-25JAN01-B79.5",
            "count": 25,
            "created_time": "2025-01-01T19:52:42.054204Z",
            "yes_price": 19,
            "no_price": 81,
            "taker_side": "yes"
        },
        {
            "trade_id": "da854b16-aadd-40b5-b2e3-7a47539aacc8",
            "ticker": "KXHIGHMIA-25JAN01-B79.5",
            "count": 31,
            "created_time": "2025-01-01T19:52:23.222106Z",
            "yes_price": 16,
            "no_price": 84,
            "taker_side": "yes"
        },
        {
            "trade_id": "7a368280-dd3b-4f3b-b0ad-713c3ed3aac4",
            "ticker": "KXHIGHMIA-25JAN01-B79.5",
            "count": 500,
            "created_time": "2025-01-01T19:52:23.222106Z",
            "yes_price": 16,
            "no_price": 84,
            "taker_side": "yes"
        },
        {
            "trade_id": "cd3a1443-27fa-4423-9b49-a601f80b7ca0",
            "ticker": "KXHIGHMIA-25JAN01-B79.5",
            "count": 52,
            "created_time": "2025-01-01T19:51:15.110742Z",
            "yes_price": 18,
            "no_price": 82,
            "taker_side": "yes"
        },
        {
            "trade_id": "8d39343d-3510-46c6-adc2-eae6341e21b7",
            "ticker": "KXHIGHMIA-25JAN01-B79.5",
            "count": 33,
            "created_time": "2025-01-01T19:50:41.700251Z",
            "yes_price": 18,
            "no_price": 82,
            "taker_side": "yes"
        },
        {
            "trade_id": "bc4d7802-069e-4beb-b87d-94be8daf636c",
            "ticker": "KXHIGHMIA-25JAN01-B79.5",
            "count": 22,
            "created_time": "2025-01-01T19:45:58.507288Z",
            "yes_price": 15,
            "no_price": 85,
            "taker_side": "no"
        },
        {
            "trade_id": "51d2f3e8-8cff-4d40-813f-155829f783b9",
            "ticker": "KXHIGHMIA-25JAN01-B79.5",
            "count": 209,
            "created_time": "2025-01-01T19:45:58.507288Z",
            "yes_price": 13,
            "no_price": 87,
            "taker_side": "no"
        },
        {
            "trade_id": "1e86695f-d42b-41e6-8026-80cec41c17d4",
            "ticker": "KXHIGHMIA-25JAN01-B79.5",
            "count": 100,
            "created_time": "2025-01-01T19:45:58.507288Z",
            "yes_price": 14,
            "no_price": 86,
            "taker_side": "no"
        },
        {
            "trade_id": "6662aba5-cb8f-4ba0-9a12-87a16e646fd3",
            "ticker": "KXHIGHMIA-25JAN01-B79.5",
            "count": 31,
            "created_time": "2025-01-01T19:45:57.933301Z",
            "yes_price": 22,
            "no_price": 78,
            "taker_side": "yes"
        },
        {
            "trade_id": "de4ee663-d65e-4696-bfd2-cf0646340e10",
            "ticker": "KXHIGHMIA-25JAN01-B79.5",
            "count": 33,
            "created_time": "2025-01-01T19:44:34.604549Z",
            "yes_price": 15,
            "no_price": 85,
            "taker_side": "yes"
        },
        {
            "trade_id": "c6783386-3554-4729-a2e2-ab85f100cfe7",
            "ticker": "KXHIGHMIA-25JAN01-B79.5",
            "count": 120,
            "created_time": "2025-01-01T19:44:34.604549Z",
            "yes_price": 15,
            "no_price": 85,
            "taker_side": "yes"
        },
        {
            "trade_id": "e61b67dc-d0f5-483e-89a1-db85e03e4685",
            "ticker": "KXHIGHMIA-25JAN01-B79.5",
            "count": 20,
            "created_time": "2025-01-01T19:43:00.126385Z",
            "yes_price": 19,
            "no_price": 81,
            "taker_side": "no"
        },
        {
            "trade_id": "73bfef85-6345-4473-a302-6e268ba98f9a",
            "ticker": "KXHIGHMIA-25JAN01-B79.5",
            "count": 80,
            "created_time": "2025-01-01T19:43:00.126385Z",
            "yes_price": 19,
            "no_price": 81,
            "taker_side": "no"
        },
        {
            "trade_id": "5f029e82-1446-4bb2-859f-e1747fa0f275",
            "ticker": "KXHIGHMIA-25JAN01-B79.5",
            "count": 31,
            "created_time": "2025-01-01T19:42:50.06357Z",
            "yes_price": 22,
            "no_price": 78,
            "taker_side": "no"
        },
        {
            "trade_id": "77ecf515-e0b4-46c2-b388-af2595648536",
            "ticker": "KXHIGHMIA-25JAN01-B79.5",
            "count": 30,
            "created_time": "2025-01-01T19:42:24.715817Z",
            "yes_price": 25,
            "no_price": 75,
            "taker_side": "no"
        },
        {
            "trade_id": "4b4b7f85-8438-4241-9723-1e43cc07d8ac",
            "ticker": "KXHIGHMIA-25JAN01-B79.5",
            "count": 50,
            "created_time": "2025-01-01T19:42:24.715817Z",
            "yes_price": 25,
            "no_price": 75,
            "taker_side": "no"
        },
        {
            "trade_id": "2f93d893-bbe5-4453-b018-097584bc43f8",
            "ticker": "KXHIGHMIA-25JAN01-B79.5",
            "count": 33,
            "created_time": "2025-01-01T19:40:54.418043Z",
            "yes_price": 27,
            "no_price": 73,
            "taker_side": "yes"
        },
        {
            "trade_id": "c342fa2c-20ca-4a95-8781-725bbd6dc6bc",
            "ticker": "KXHIGHMIA-25JAN01-B79.5",
            "count": 40,
            "created_time": "2025-01-01T19:40:09.231629Z",
            "yes_price": 29,
            "no_price": 71,
            "taker_side": "no"
        },
        {
            "trade_id": "46a92e9c-d9bc-4996-8473-3bb98deeea5c",
            "ticker": "KXHIGHMIA-25JAN01-B79.5",
            "count": 10,
            "created_time": "2025-01-01T19:39:36.767779Z",
            "yes_price": 30,
            "no_price": 70,
            "taker_side": "yes"
        },
        {
            "trade_id": "f842ce61-6ff9-4f0b-8175-f5b4338c74d5",
            "ticker": "KXHIGHMIA-25JAN01-B79.5",
            "count": 86,
            "created_time": "2025-01-01T19:39:16.898105Z",
            "yes_price": 24,
            "no_price": 76,
            "taker_side": "no"
        },
        {
            "trade_id": "a8a5eaca-5133-4ee6-a871-1667fada0a7f",
            "ticker": "KXHIGHMIA-25JAN01-B79.5",
            "count": 2,
            "created_time": "2025-01-01T19:38:59.042466Z",
            "yes_price": 28,
            "no_price": 72,
            "taker_side": "no"
        },
        {
            "trade_id": "35f77c58-cac5-45d2-9d6b-4f4be8890d5b",
            "ticker": "KXHIGHMIA-25JAN01-B79.5",
            "count": 412,
            "created_time": "2025-01-01T19:38:59.042466Z",
            "yes_price": 27,
            "no_price": 73,
            "taker_side": "no"
        },
        {
            "trade_id": "14b9ad39-a9d3-4dc2-9acd-f51eb8d8bdf4",
            "ticker": "KXHIGHMIA-25JAN01-B79.5",
            "count": 40,
            "created_time": "2025-01-01T19:38:49.759628Z",
            "yes_price": 30,
            "no_price": 70,
            "taker_side": "yes"
        },
        {
            "trade_id": "71ce2066-da61-4d87-9875-217b143ec274",
            "ticker": "KXHIGHMIA-25JAN01-B79.5",
            "count": 70,
            "created_time": "2025-01-01T19:38:37.183848Z",
            "yes_price": 31,
            "no_price": 69,
            "taker_side": "yes"
        },
        {
            "trade_id": "052ec13a-b60b-4652-b52e-160473e5e882",
            "ticker": "KXHIGHMIA-25JAN01-B79.5",
            "count": 13,
            "created_time": "2025-01-01T19:38:37.183848Z",
            "yes_price": 31,
            "no_price": 69,
            "taker_side": "yes"
        },
        {
            "trade_id": "4465e619-a8d8-4c51-9d9a-699a2541249d",
            "ticker": "KXHIGHMIA-25JAN01-B79.5",
            "count": 52,
            "created_time": "2025-01-01T19:38:08.246228Z",
            "yes_price": 28,
            "no_price": 72,
            "taker_side": "no"
        },
        {
            "trade_id": "142cf162-320f-442e-8cde-2df699be6aaa",
            "ticker": "KXHIGHMIA-25JAN01-B79.5",
            "count": 80,
            "created_time": "2025-01-01T19:38:08.246228Z",
            "yes_price": 28,
            "no_price": 72,
            "taker_side": "no"
        },
        {
            "trade_id": "d3b0f9d6-6c49-4575-8053-1610c4492df5",
            "ticker": "KXHIGHMIA-25JAN01-B79.5",
            "count": 6,
            "created_time": "2025-01-01T19:37:35.807487Z",
            "yes_price": 29,
            "no_price": 71,
            "taker_side": "no"
        },
        {
            "trade_id": "5922e852-3f7b-45d5-a162-0d861e75520c",
            "ticker": "KXHIGHMIA-25JAN01-B79.5",
            "count": 7,
            "created_time": "2025-01-01T19:33:32.775513Z",
            "yes_price": 36,
            "no_price": 64,
            "taker_side": "yes"
        },
        {
            "trade_id": "e28b998d-e96e-495b-a4db-7160d815de82",
            "ticker": "KXHIGHMIA-25JAN01-B79.5",
            "count": 2,
            "created_time": "2025-01-01T19:33:10.963977Z",
            "yes_price": 29,
            "no_price": 71,
            "taker_side": "no"
        },
        {
            "trade_id": "46d75061-bfae-4846-9ace-7ac0606b062d",
            "ticker": "KXHIGHMIA-25JAN01-B79.5",
            "count": 250,
            "created_time": "2025-01-01T19:33:10.963977Z",
            "yes_price": 29,
            "no_price": 71,
            "taker_side": "no"
        },
        {
            "trade_id": "3ff09e57-9b91-454e-9589-dbd429a4e754",
            "ticker": "KXHIGHMIA-25JAN01-B79.5",
            "count": 280,
            "created_time": "2025-01-01T19:27:31.388195Z",
            "yes_price": 36,
            "no_price": 64,
            "taker_side": "no"
        },
        {
            "trade_id": "03cc61a3-fff3-4527-9f2d-5384cdd7e2ce",
            "ticker": "KXHIGHMIA-25JAN01-B79.5",
            "count": 25,
            "created_time": "2025-01-01T19:26:24.472228Z",
            "yes_price": 39,
            "no_price": 61,
            "taker_side": "yes"
        },
        {
            "trade_id": "555fbd46-059c-42a4-add2-2c23059724e2",
            "ticker": "KXHIGHMIA-25JAN01-B79.5",
            "count": 20,
