{
    "KXHIGHMIA-25FEB28-T72": [
        {
            "trade_id": "dd97c124-e3f7-4fa1-b250-c120fc364ae8",
            "ticker": "KXHIGHMIA-25FEB28-T72",
            "count": 2,
            "created_time": "2025-02-28T14:31:57.774497Z",
            "yes_price": 1,
            "no_price": 99,
            "taker_side": "yes"
        },
        {
            "trade_id": "74fb50f0-7b7b-430f-bfcb-e0ab3516d848",
            "ticker": "KXHIGHMIA-25FEB28-T72",
            "count": 29,
            "created_time": "2025-02-28T14:30:24.313252Z",
            "yes_price": 1,
            "no_price": 99,
            "taker_side": "yes"
        },
        {
            "trade_id": "4407e70d-0752-4559-9003-d54879447fc7",
            "ticker": "KXHIGHMIA-25FEB28-T72",
            "count": 21,
            "created_time": "2025-02-28T14:27:08.811828Z",
            "yes_price": 1,
            "no_price": 99,
            "taker_side": "yes"
        },
        {
            "trade_id": "027dbd86-8f8b-4182-abf7-708f4c7e7490",
            "ticker": "KXHIGHMIA-25FEB28-T72",
            "count": 7,
            "created_time": "2025-02-28T14:27:08.811828Z",
            "yes_price": 1,
            "no_price": 99,
            "taker_side": "yes"
        },
        {
            "trade_id": "834a709c-cf2e-4dde-88a9-be0f9ed5723a",
            "ticker": "KXHIGHMIA-25FEB28-T72",
            "count": 93,
            "created_time": "2025-02-27T21:23:39.172793Z",
            "yes_price": 1,
            "no_price": 99,
            "taker_side": "yes"
        }
    ],
    "KXHIGHMIA-25FEB28-B72.5": [
        {
            "trade_id": "576a5868-833b-4968-8ed3-eadba052abf7",
            "ticker": "KXHIGHMIA-25FEB28-B72.5",
            "count": 2,
            "created_time": "2025-02-28T14:31:56.289064Z",
            "yes_price": 1,
            "no_price": 99,
            "taker_side": "yes"
        },
        {
            "trade_id": "afdce0ec-5a9f-454f-9b6b-b5ab851172cf",
            "ticker": "KXHIGHMIA-25FEB28-B72.5",
            "count": 29,
            "created_time": "2025-02-28T14:30:23.014782Z",
            "yes_price": 1,
            "no_price": 99,
            "taker_side": "yes"
        },
        {
            "trade_id": "cb9c19c1-d05a-4a5f-ad62-3f61d2022428",
            "ticker": "KXHIGHMIA-25FEB28-B72.5",
            "count": 7,
            "created_time": "2025-02-28T14:27:07.696016Z",
            "yes_price": 1,
            "no_price": 99,
            "taker_side": "yes"
        },
        {
            "trade_id": "8c623f42-8201-49b7-b747-ae5763996881",
            "ticker": "KXHIGHMIA-25FEB28-B72.5",
            "count": 21,
            "created_time": "2025-02-28T14:27:07.696016Z",
            "yes_price": 1,
            "no_price": 99,
            "taker_side": "yes"
        },
        {
            "trade_id": "30726165-8e60-41bd-94ef-4918502d3fd4",
            "ticker": "KXHIGHMIA-25FEB28-B72.5",
            "count": 100,
            "created_time": "2025-02-28T00:10:24.8232Z",
            "yes_price": 1,
            "no_price": 99,
            "taker_side": "yes"
        },
        {
            "trade_id": "7b4f02c9-35d4-4da5-8d7c-59129b634ce4",
            "ticker": "KXHIGHMIA-25FEB28-B72.5",
            "count": 93,
            "created_time": "2025-02-27T21:23:46.707621Z",
            "yes_price": 1,
            "no_price": 99,
            "taker_side": "yes"
        }
    ],
    "KXHIGHMIA-25FEB28-B74.5": [
        {
            "trade_id": "a1ccbbc4-793d-49f5-85dd-06bb68336265",
            "ticker": "KXHIGHMIA-25FEB28-B74.5",
            "count": 101,
            "created_time": "2025-02-28T15:37:26.912433Z",
            "yes_price": 1,
            "no_price": 99,
            "taker_side": "yes"
        },
        {
            "trade_id": "6abf1652-2511-489b-93b5-197a7deb4848",
            "ticker": "KXHIGHMIA-25FEB28-B74.5",
            "count": 2,
            "created_time": "2025-02-28T14:31:54.757513Z",
            "yes_price": 1,
            "no_price": 99,
            "taker_side": "yes"
        },
        {
            "trade_id": "c797fa90-437b-45a4-a94f-cbfa545d00b1",
            "ticker": "KXHIGHMIA-25FEB28-B74.5",
            "count": 22,
            "created_time": "2025-02-28T14:30:21.754749Z",
            "yes_price": 1,
            "no_price": 99,
            "taker_side": "yes"
        },
        {
            "trade_id": "6990f511-b3fe-4408-92b8-f56e0c67fcf9",
            "ticker": "KXHIGHMIA-25FEB28-B74.5",
            "count": 7,
            "created_time": "2025-02-28T14:30:21.754749Z",
            "yes_price": 1,
            "no_price": 99,
            "taker_side": "yes"
        },
        {
            "trade_id": "98337d6d-c8ff-476f-81fb-34b694007fb3",
            "ticker": "KXHIGHMIA-25FEB28-B74.5",
            "count": 28,
            "created_time": "2025-02-28T14:27:06.410805Z",
            "yes_price": 1,
            "no_price": 99,
            "taker_side": "yes"
        },
        {
            "trade_id": "3e33fa23-a091-4f40-8171-bd1995dc0a19",
            "ticker": "KXHIGHMIA-25FEB28-B74.5",
            "count": 200,
            "created_time": "2025-02-28T04:55:39.199769Z",
            "yes_price": 1,
            "no_price": 99,
            "taker_side": "yes"
        },
        {
            "trade_id": "5c2c068b-580a-4323-bd1e-ab0e3f7f85b0",
            "ticker": "KXHIGHMIA-25FEB28-B74.5",
            "count": 44,
            "created_time": "2025-02-28T02:48:48.612614Z",
            "yes_price": 1,
            "no_price": 99,
            "taker_side": "no"
        },
        {
            "trade_id": "bf422d76-b624-4892-8c21-ee4a224e54ac",
            "ticker": "KXHIGHMIA-25FEB28-B74.5",
            "count": 6,
            "created_time": "2025-02-28T02:39:50.128246Z",
            "yes_price": 1,
            "no_price": 99,
            "taker_side": "yes"
        },
        {
            "trade_id": "c08dd33a-c953-4e71-b57e-7e144551132d",
            "ticker": "KXHIGHMIA-25FEB28-B74.5",
            "count": 14,
            "created_time": "2025-02-28T01:33:22.365631Z",
            "yes_price": 1,
            "no_price": 99,
            "taker_side": "no"
        },
        {
            "trade_id": "5e924bfe-0e5d-4541-8d39-9b368cb93965",
            "ticker": "KXHIGHMIA-25FEB28-B74.5",
            "count": 100,
            "created_time": "2025-02-28T01:33:22.365631Z",
            "yes_price": 1,
            "no_price": 99,
            "taker_side": "no"
        },
        {
            "trade_id": "fcae9add-4166-4c39-b765-bab471ef2729",
            "ticker": "KXHIGHMIA-25FEB28-B74.5",
            "count": 7,
            "created_time": "2025-02-28T00:21:26.171314Z",
            "yes_price": 1,
            "no_price": 99,
            "taker_side": "no"
        },
        {
            "trade_id": "f11797f2-6917-4e4d-87f2-b27afdb9f612",
            "ticker": "KXHIGHMIA-25FEB28-B74.5",
            "count": 10,
            "created_time": "2025-02-28T00:18:25.683767Z",
            "yes_price": 1,
            "no_price": 99,
            "taker_side": "no"
        },
        {
            "trade_id": "b5efc33c-cef9-4a75-a928-deccc0fd7057",
            "ticker": "KXHIGHMIA-25FEB28-B74.5",
            "count": 69,
            "created_time": "2025-02-28T00:08:55.968284Z",
            "yes_price": 1,
            "no_price": 99,
            "taker_side": "yes"
        },
        {
            "trade_id": "e42eeee8-8982-455b-8f5c-5a2d86c211ac",
            "ticker": "KXHIGHMIA-25FEB28-B74.5",
            "count": 31,
            "created_time": "2025-02-27T21:23:58.624057Z",
            "yes_price": 3,
            "no_price": 97,
            "taker_side": "yes"
        }
    ],
    "KXHIGHMIA-25FEB28-B76.5": [
        {
            "trade_id": "eeb6b32f-86ab-42a9-b7df-015dd5a9e1b9",
            "ticker": "KXHIGHMIA-25FEB28-B76.5",
            "count": 50,
            "created_time": "2025-02-28T17:45:31.432004Z",
            "yes_price": 1,
            "no_price": 99,
            "taker_side": "no"
        },
        {
            "trade_id": "bc048d6f-3df9-45f0-8d9f-d768da7143fe",
            "ticker": "KXHIGHMIA-25FEB28-B76.5",
            "count": 20,
            "created_time": "2025-02-28T17:41:43.851659Z",
            "yes_price": 1,
            "no_price": 99,
            "taker_side": "yes"
        },
        {
            "trade_id": "19c22b76-6413-445a-8588-504ea459e73d",
            "ticker": "KXHIGHMIA-25FEB28-B76.5",
            "count": 300,
            "created_time": "2025-02-28T17:41:43.851659Z",
            "yes_price": 1,
            "no_price": 99,
            "taker_side": "yes"
        },
        {
            "trade_id": "0b10a413-fd91-47f9-ae6d-8dfc4614dd69",
            "ticker": "KXHIGHMIA-25FEB28-B76.5",
            "count": 30,
            "created_time": "2025-02-28T16:35:55.193666Z",
            "yes_price": 1,
            "no_price": 99,
            "taker_side": "yes"
        },
        {
            "trade_id": "66fdcf7d-9932-46d4-9f77-22e5e5e8b325",
            "ticker": "KXHIGHMIA-25FEB28-B76.5",
            "count": 254,
            "created_time": "2025-02-28T15:02:07.52051Z",
            "yes_price": 1,
            "no_price": 99,
            "taker_side": "no"
        },
        {
            "trade_id": "1be55087-6e27-4c3f-9893-de6b7eedf30e",
            "ticker": "KXHIGHMIA-25FEB28-B76.5",
            "count": 50,
            "created_time": "2025-02-28T14:49:26.62561Z",
            "yes_price": 1,
            "no_price": 99,
            "taker_side": "no"
        },
        {
            "trade_id": "c85d2632-ff11-41c9-bf10-9136180484f5",
            "ticker": "KXHIGHMIA-25FEB28-B76.5",
            "count": 90,
            "created_time": "2025-02-28T14:45:41.665333Z",
            "yes_price": 1,
            "no_price": 99,
            "taker_side": "no"
        },
        {
            "trade_id": "bc02a84f-5d06-4746-a309-ab6b82e5dc14",
            "ticker": "KXHIGHMIA-25FEB28-B76.5",
            "count": 2,
            "created_time": "2025-02-28T14:31:53.316989Z",
            "yes_price": 5,
            "no_price": 95,
            "taker_side": "yes"
        },
        {
            "trade_id": "267fa127-19f1-4846-996b-201c46f65006",
            "ticker": "KXHIGHMIA-25FEB28-B76.5",
            "count": 2,
            "created_time": "2025-02-28T14:31:52.912279Z",
            "yes_price": 5,
            "no_price": 95,
            "taker_side": "yes"
        },
        {
            "trade_id": "c1b23ed8-a3b3-43f3-aab2-eea1054c00cd",
            "ticker": "KXHIGHMIA-25FEB28-B76.5",
            "count": 100,
            "created_time": "2025-02-28T14:01:18.660898Z",
            "yes_price": 5,
            "no_price": 95,
            "taker_side": "yes"
        },
        {
            "trade_id": "1a8a2858-2f23-4f3d-a620-eb73da5b91fa",
            "ticker": "KXHIGHMIA-25FEB28-B76.5",
            "count": 87,
            "created_time": "2025-02-28T14:01:18.660898Z",
            "yes_price": 5,
            "no_price": 95,
            "taker_side": "yes"
        },
        {
            "trade_id": "f93c4ce6-6370-462f-a8f9-3c9548b8f3c4",
            "ticker": "KXHIGHMIA-25FEB28-B76.5",
            "count": 100,
            "created_time": "2025-02-28T13:46:07.725619Z",
            "yes_price": 1,
            "no_price": 99,
            "taker_side": "yes"
        },
        {
            "trade_id": "e406cfff-9a6c-4f79-9c6d-f84dfb7983d1",
            "ticker": "KXHIGHMIA-25FEB28-B76.5",
            "count": 100,
            "created_time": "2025-02-28T13:01:16.971111Z",
            "yes_price": 1,
            "no_price": 99,
            "taker_side": "no"
        },
        {
            "trade_id": "c55e02af-b221-4365-a7b9-071bb1eccb8b",
            "ticker": "KXHIGHMIA-25FEB28-B76.5",
            "count": 100,
            "created_time": "2025-02-28T13:00:18.909619Z",
            "yes_price": 2,
            "no_price": 98,
            "taker_side": "no"
        },
        {
            "trade_id": "e641e040-17e4-4e20-87d7-d940d6209273",
            "ticker": "KXHIGHMIA-25FEB28-B76.5",
            "count": 115,
            "created_time": "2025-02-28T05:32:44.643876Z",
            "yes_price": 7,
            "no_price": 93,
            "taker_side": "yes"
        },
        {
            "trade_id": "bf866f21-4e8f-4a13-a419-b769ea1c6361",
            "ticker": "KXHIGHMIA-25FEB28-B76.5",
            "count": 15,
            "created_time": "2025-02-28T05:32:44.643876Z",
            "yes_price": 6,
            "no_price": 94,
            "taker_side": "yes"
        },
        {
            "trade_id": "165a9cf5-10d4-4107-9c82-16461117bc72",
            "ticker": "KXHIGHMIA-25FEB28-B76.5",
            "count": 6,
            "created_time": "2025-02-28T05:32:44.643876Z",
            "yes_price": 5,
            "no_price": 95,
            "taker_side": "yes"
        },
        {
            "trade_id": "e83cfe71-3f9a-454b-bdf3-6957456bc49f",
            "ticker": "KXHIGHMIA-25FEB28-B76.5",
            "count": 2,
            "created_time": "2025-02-28T04:35:29.277885Z",
            "yes_price": 8,
            "no_price": 92,
            "taker_side": "yes"
        },
        {
            "trade_id": "dc1d8524-c240-4344-ae33-d36ae229b5d8",
            "ticker": "KXHIGHMIA-25FEB28-B76.5",
            "count": 100,
            "created_time": "2025-02-28T04:35:28.94598Z",
            "yes_price": 7,
            "no_price": 93,
            "taker_side": "yes"
        },
        {
            "trade_id": "a718851b-2ebb-4d30-a91c-5ff94aecf54d",
            "ticker": "KXHIGHMIA-25FEB28-B76.5",
            "count": 71,
            "created_time": "2025-02-28T04:35:28.94598Z",
            "yes_price": 6,
            "no_price": 94,
            "taker_side": "yes"
        },
        {
            "trade_id": "a1b29f65-33a2-4c63-ab7c-884d363771fc",
            "ticker": "KXHIGHMIA-25FEB28-B76.5",
            "count": 5,
            "created_time": "2025-02-28T04:35:28.94598Z",
            "yes_price": 6,
            "no_price": 94,
            "taker_side": "yes"
        },
        {
            "trade_id": "917d8886-c1ce-4a2f-b7d6-b5e6960bfac5",
            "ticker": "KXHIGHMIA-25FEB28-B76.5",
            "count": 16,
            "created_time": "2025-02-28T04:35:28.94598Z",
            "yes_price": 6,
            "no_price": 94,
            "taker_side": "yes"
        },
        {
            "trade_id": "700ee042-fa15-46b6-a738-bebcf6050a23",
            "ticker": "KXHIGHMIA-25FEB28-B76.5",
            "count": 50,
            "created_time": "2025-02-28T04:35:28.94598Z",
            "yes_price": 5,
            "no_price": 95,
            "taker_side": "yes"
        },
        {
            "trade_id": "63f38f4b-fe3b-4e3d-bbd1-379355326970",
            "ticker": "KXHIGHMIA-25FEB28-B76.5",
            "count": 100,
            "created_time": "2025-02-28T04:35:28.94598Z",
            "yes_price": 5,
            "no_price": 95,
            "taker_side": "yes"
        },
        {
            "trade_id": "4f70d005-8d6e-41cf-92d0-18ca1a17350d",
            "ticker": "KXHIGHMIA-25FEB28-B76.5",
            "count": 42,
            "created_time": "2025-02-28T04:35:28.94598Z",
            "yes_price": 8,
            "no_price": 92,
            "taker_side": "yes"
        },
        {
            "trade_id": "b7b56a98-139f-4ce2-b751-918dd46fc78e",
            "ticker": "KXHIGHMIA-25FEB28-B76.5",
            "count": 8,
            "created_time": "2025-02-28T02:42:46.350292Z",
            "yes_price": 6,
            "no_price": 94,
            "taker_side": "yes"
        },
        {
            "trade_id": "84809ee5-2a60-478e-a080-aa60a02d97f6",
            "ticker": "KXHIGHMIA-25FEB28-B76.5",
            "count": 240,
            "created_time": "2025-02-28T02:42:46.350292Z",
            "yes_price": 6,
            "no_price": 94,
            "taker_side": "yes"
        },
        {
            "trade_id": "77d07afb-5b1f-4a4c-bf21-cf1783daa197",
            "ticker": "KXHIGHMIA-25FEB28-B76.5",
            "count": 2,
            "created_time": "2025-02-28T02:42:46.350292Z",
            "yes_price": 4,
            "no_price": 96,
            "taker_side": "yes"
        },
        {
            "trade_id": "44a5e291-2cac-49dc-862c-52ff71ff3af0",
            "ticker": "KXHIGHMIA-25FEB28-B76.5",
            "count": 44,
            "created_time": "2025-02-28T02:42:46.350292Z",
            "yes_price": 8,
            "no_price": 92,
            "taker_side": "yes"
        },
        {
            "trade_id": "01b676f1-bd2d-4e22-8a90-325b4eacd2f7",
            "ticker": "KXHIGHMIA-25FEB28-B76.5",
            "count": 6,
            "created_time": "2025-02-28T02:42:46.350292Z",
            "yes_price": 4,
            "no_price": 96,
            "taker_side": "yes"
        },
        {
            "trade_id": "cc1bb941-9230-4a99-9b02-dc5004f2b175",
            "ticker": "KXHIGHMIA-25FEB28-B76.5",
            "count": 6,
            "created_time": "2025-02-28T02:19:16.295108Z",
            "yes_price": 2,
            "no_price": 98,
            "taker_side": "no"
        },
        {
            "trade_id": "a22f0292-9e36-480d-8f09-90706b5b29f9",
            "ticker": "KXHIGHMIA-25FEB28-B76.5",
            "count": 2,
            "created_time": "2025-02-28T01:04:46.252847Z",
            "yes_price": 4,
            "no_price": 96,
            "taker_side": "yes"
        },
        {
            "trade_id": "3b1098cd-ed0a-441f-8121-de567f854666",
            "ticker": "KXHIGHMIA-25FEB28-B76.5",
            "count": 6,
            "created_time": "2025-02-28T01:04:46.252847Z",
            "yes_price": 4,
            "no_price": 96,
            "taker_side": "yes"
        },
        {
            "trade_id": "24371138-aade-490a-ac6c-a84dec81c2f7",
            "ticker": "KXHIGHMIA-25FEB28-B76.5",
            "count": 2,
            "created_time": "2025-02-28T01:04:46.252847Z",
            "yes_price": 4,
            "no_price": 96,
            "taker_side": "yes"
        },
        {
            "trade_id": "a82cab05-6752-4c0a-90b4-c92fbad0dbaf",
            "ticker": "KXHIGHMIA-25FEB28-B76.5",
            "count": 7,
            "created_time": "2025-02-28T00:21:26.106473Z",
            "yes_price": 3,
            "no_price": 97,
            "taker_side": "no"
        },
        {
            "trade_id": "a6257f6a-2cc1-4d3f-a0ae-67056320f5a7",
            "ticker": "KXHIGHMIA-25FEB28-B76.5",
            "count": 10,
            "created_time": "2025-02-28T00:18:25.768423Z",
            "yes_price": 3,
            "no_price": 97,
            "taker_side": "no"
        },
        {
            "trade_id": "f3d48304-7bbb-4584-981f-88318c2c4211",
            "ticker": "KXHIGHMIA-25FEB28-B76.5",
            "count": 196,
            "created_time": "2025-02-27T23:27:58.39675Z",
            "yes_price": 3,
            "no_price": 97,
            "taker_side": "no"
        },
        {
            "trade_id": "fdb2769c-c6be-4e69-968a-acbea90503b6",
            "ticker": "KXHIGHMIA-25FEB28-B76.5",
            "count": 250,
            "created_time": "2025-02-27T22:55:11.716766Z",
            "yes_price": 3,
            "no_price": 97,
            "taker_side": "no"
        },
        {
            "trade_id": "3067bb34-5ccd-444b-9882-4bb600367681",
            "ticker": "KXHIGHMIA-25FEB28-B76.5",
            "count": 1,
            "created_time": "2025-02-27T22:38:36.986531Z",
            "yes_price": 4,
            "no_price": 96,
            "taker_side": "yes"
        },
        {
            "trade_id": "e8e3cae0-af50-4958-b500-d4e3ab5ac6da",
            "ticker": "KXHIGHMIA-25FEB28-B76.5",
            "count": 11,
            "created_time": "2025-02-27T22:38:29.242119Z",
            "yes_price": 4,
            "no_price": 96,
            "taker_side": "yes"
        },
        {
            "trade_id": "cf288e3f-4fa9-493e-90fe-14ea188ab776",
            "ticker": "KXHIGHMIA-25FEB28-B76.5",
            "count": 4,
            "created_time": "2025-02-27T22:38:06.02724Z",
            "yes_price": 4,
            "no_price": 96,
            "taker_side": "yes"
        },
        {
            "trade_id": "484dc3de-19c2-4289-8560-d333abb5282a",
            "ticker": "KXHIGHMIA-25FEB28-B76.5",
            "count": 9,
            "created_time": "2025-02-27T22:37:55.614388Z",
            "yes_price": 4,
            "no_price": 96,
            "taker_side": "yes"
        },
        {
            "trade_id": "761b0311-6958-427d-9fe6-4a222c9f119e",
            "ticker": "KXHIGHMIA-25FEB28-B76.5",
            "count": 9,
            "created_time": "2025-02-27T22:37:28.926849Z",
            "yes_price": 4,
            "no_price": 96,
            "taker_side": "yes"
        },
        {
            "trade_id": "64529747-212f-438e-b6fd-85fbe1cb1ed9",
            "ticker": "KXHIGHMIA-25FEB28-B76.5",
            "count": 37,
            "created_time": "2025-02-27T22:28:30.743363Z",
            "yes_price": 3,
            "no_price": 97,
            "taker_side": "no"
        },
        {
            "trade_id": "8d490beb-5c5f-424c-b445-8f77b8113bc4",
            "ticker": "KXHIGHMIA-25FEB28-B76.5",
            "count": 4,
            "created_time": "2025-02-27T22:06:58.825472Z",
            "yes_price": 4,
            "no_price": 96,
            "taker_side": "yes"
        },
        {
            "trade_id": "81f988a0-fdbe-4879-b464-da8a3bb03d07",
            "ticker": "KXHIGHMIA-25FEB28-B76.5",
            "count": 46,
            "created_time": "2025-02-27T21:24:07.86361Z",
            "yes_price": 4,
            "no_price": 96,
            "taker_side": "yes"
        }
    ],
    "KXHIGHMIA-25FEB28-B78.5": [
        {
            "trade_id": "b90bd939-bae6-4a93-a7a0-1e4a7ab6ce19",
            "ticker": "KXHIGHMIA-25FEB28-B78.5",
            "count": 1,
            "created_time": "2025-02-28T21:16:55.638115Z",
            "yes_price": 1,
            "no_price": 99,
            "taker_side": "yes"
        },
        {
            "trade_id": "11d73ee4-db9f-451d-a4fc-b1aff64c6599",
            "ticker": "KXHIGHMIA-25FEB28-B78.5",
            "count": 199,
            "created_time": "2025-02-28T21:16:55.638115Z",
            "yes_price": 1,
            "no_price": 99,
            "taker_side": "yes"
        },
        {
            "trade_id": "44a361cb-4004-44a3-bcad-f8d2e6f8cf57",
            "ticker": "KXHIGHMIA-25FEB28-B78.5",
            "count": 2,
            "created_time": "2025-02-28T20:31:27.715156Z",
            "yes_price": 1,
            "no_price": 99,
            "taker_side": "yes"
        },
        {
            "trade_id": "9f2a5c21-6041-4909-9be9-7c0981d9f442",
            "ticker": "KXHIGHMIA-25FEB28-B78.5",
            "count": 920,
            "created_time": "2025-02-28T20:16:43.730341Z",
            "yes_price": 1,
            "no_price": 99,
            "taker_side": "yes"
        },
        {
            "trade_id": "6a32fd6e-1ec5-4700-b980-4825b6418807",
            "ticker": "KXHIGHMIA-25FEB28-B78.5",
            "count": 123,
            "created_time": "2025-02-28T19:45:01.542802Z",
            "yes_price": 1,
            "no_price": 99,
            "taker_side": "yes"
        },
        {
            "trade_id": "8be26804-6cdc-4eb3-81ab-46337b8a70fb",
            "ticker": "KXHIGHMIA-25FEB28-B78.5",
            "count": 41,
            "created_time": "2025-02-28T19:42:34.200317Z",
            "yes_price": 1,
            "no_price": 99,
            "taker_side": "yes"
        },
        {
            "trade_id": "df70a9fc-10bb-499e-ac57-3120a1e65eac",
            "ticker": "KXHIGHMIA-25FEB28-B78.5",
            "count": 300,
            "created_time": "2025-02-28T19:39:40.308937Z",
            "yes_price": 1,
            "no_price": 99,
            "taker_side": "yes"
        },
        {
            "trade_id": "761637f6-7629-4176-b376-555d979b9381",
            "ticker": "KXHIGHMIA-25FEB28-B78.5",
            "count": 4276,
            "created_time": "2025-02-28T19:39:40.308937Z",
            "yes_price": 1,
            "no_price": 99,
            "taker_side": "yes"
        },
        {
            "trade_id": "126809c8-69eb-46d6-8c22-35152698147f",
            "ticker": "KXHIGHMIA-25FEB28-B78.5",
            "count": 50,
            "created_time": "2025-02-28T19:39:40.308937Z",
            "yes_price": 1,
            "no_price": 99,
            "taker_side": "yes"
        },
        {
            "trade_id": "f594a6a1-b9a3-4ee7-a02d-f17047422025",
            "ticker": "KXHIGHMIA-25FEB28-B78.5",
            "count": 724,
            "created_time": "2025-02-28T19:38:59.723365Z",
            "yes_price": 1,
            "no_price": 99,
            "taker_side": "yes"
        },
        {
            "trade_id": "a9f380ae-93e9-44fb-8b22-7e9934d9848f",
            "ticker": "KXHIGHMIA-25FEB28-B78.5",
            "count": 2080,
            "created_time": "2025-02-28T19:38:59.723365Z",
            "yes_price": 1,
            "no_price": 99,
            "taker_side": "yes"
        },
        {
            "trade_id": "7e163d18-1b64-4f19-b01e-95de9ade4cf7",
            "ticker": "KXHIGHMIA-25FEB28-B78.5",
            "count": 156,
            "created_time": "2025-02-28T19:35:30.389782Z",
            "yes_price": 1,
            "no_price": 99,
            "taker_side": "yes"
        },
        {
            "trade_id": "9a0f837a-0f42-4dd2-9f69-f85351d3d9be",
            "ticker": "KXHIGHMIA-25FEB28-B78.5",
            "count": 2337,
            "created_time": "2025-02-28T19:27:28.090298Z",
            "yes_price": 1,
            "no_price": 99,
            "taker_side": "yes"
        },
        {
            "trade_id": "e2778a4f-c518-488c-8041-84de79e93ace",
            "ticker": "KXHIGHMIA-25FEB28-B78.5",
            "count": 402,
            "created_time": "2025-02-28T19:21:06.833791Z",
            "yes_price": 1,
            "no_price": 99,
            "taker_side": "yes"
        },
        {
            "trade_id": "e0e7b590-728a-4340-a209-54d7330c83a0",
            "ticker": "KXHIGHMIA-25FEB28-B78.5",
            "count": 11,
            "created_time": "2025-02-28T19:21:03.023901Z",
            "yes_price": 1,
            "no_price": 99,
            "taker_side": "yes"
        },
        {
            "trade_id": "abe50d37-11c8-4b3f-8788-e3624503951a",
            "ticker": "KXHIGHMIA-25FEB28-B78.5",
            "count": 914,
            "created_time": "2025-02-28T19:21:03.023901Z",
            "yes_price": 1,
            "no_price": 99,
            "taker_side": "yes"
        },
        {
            "trade_id": "7d8558d6-0dd2-4c77-979f-aca3a69ba17c",
            "ticker": "KXHIGHMIA-25FEB28-B78.5",
            "count": 50,
            "created_time": "2025-02-28T19:21:03.023901Z",
            "yes_price": 1,
            "no_price": 99,
            "taker_side": "yes"
        },
        {
            "trade_id": "3991c727-671a-471e-bcf5-c35797b0d401",
            "ticker": "KXHIGHMIA-25FEB28-B78.5",
            "count": 25,
            "created_time": "2025-02-28T19:21:03.023901Z",
            "yes_price": 1,
            "no_price": 99,
            "taker_side": "yes"
        },
        {
            "trade_id": "1c935d9b-1ec0-48d0-8814-6f6c66c958d4",
            "ticker": "KXHIGHMIA-25FEB28-B78.5",
            "count": 100,
            "created_time": "2025-02-28T19:20:55.512389Z",
            "yes_price": 1,
            "no_price": 99,
            "taker_side": "yes"
        },
        {
            "trade_id": "2d963a88-e3e5-460a-90a9-54dc385747b4",
            "ticker": "KXHIGHMIA-25FEB28-B78.5",
            "count": 420,
            "created_time": "2025-02-28T19:20:52.003827Z",
            "yes_price": 1,
            "no_price": 99,
            "taker_side": "yes"
        },
        {
            "trade_id": "6580040e-fb79-4ea5-9af8-5b213cbbde51",
            "ticker": "KXHIGHMIA-25FEB28-B78.5",
            "count": 50,
            "created_time": "2025-02-28T19:20:44.379094Z",
            "yes_price": 1,
            "no_price": 99,
            "taker_side": "yes"
        },
        {
            "trade_id": "ff51c5a6-d139-49aa-8b91-866cb8af9ca7",
            "ticker": "KXHIGHMIA-25FEB28-B78.5",
            "count": 3000,
            "created_time": "2025-02-28T19:19:30.099726Z",
            "yes_price": 3,
            "no_price": 97,
            "taker_side": "no"
        },
        {
            "trade_id": "d4e45439-e799-44a4-a97a-28b10ae87c63",
            "ticker": "KXHIGHMIA-25FEB28-B78.5",
            "count": 150,
            "created_time": "2025-02-28T19:19:30.099726Z",
            "yes_price": 1,
            "no_price": 99,
            "taker_side": "no"
        },
        {
            "trade_id": "cb43f88b-7229-412e-aa36-6a60c88c9d49",
            "ticker": "KXHIGHMIA-25FEB28-B78.5",
            "count": 20,
            "created_time": "2025-02-28T19:19:30.099726Z",
            "yes_price": 4,
            "no_price": 96,
            "taker_side": "no"
        },
        {
            "trade_id": "b23c79f7-67f2-463e-8a38-3d525eae348e",
            "ticker": "KXHIGHMIA-25FEB28-B78.5",
            "count": 300,
            "created_time": "2025-02-28T19:19:30.099726Z",
            "yes_price": 4,
            "no_price": 96,
            "taker_side": "no"
        },
        {
            "trade_id": "abeff74a-1861-47d5-ae33-f91416d6a3df",
            "ticker": "KXHIGHMIA-25FEB28-B78.5",
            "count": 210,
            "created_time": "2025-02-28T19:19:30.099726Z",
            "yes_price": 3,
            "no_price": 97,
            "taker_side": "no"
        },
        {
            "trade_id": "a93f284a-5ca2-4ce8-b8ba-d930bf794297",
            "ticker": "KXHIGHMIA-25FEB28-B78.5",
            "count": 99,
            "created_time": "2025-02-28T19:19:30.099726Z",
            "yes_price": 16,
            "no_price": 84,
            "taker_side": "no"
        },
        {
            "trade_id": "9d8d0d28-34a9-4822-a1a0-f36bedaba8c0",
            "ticker": "KXHIGHMIA-25FEB28-B78.5",
            "count": 300,
            "created_time": "2025-02-28T19:19:30.099726Z",
            "yes_price": 2,
            "no_price": 98,
            "taker_side": "no"
        },
        {
            "trade_id": "9186e88c-a9ea-4a27-9eb8-62fb609bb66e",
            "ticker": "KXHIGHMIA-25FEB28-B78.5",
            "count": 20,
            "created_time": "2025-02-28T19:19:30.099726Z",
            "yes_price": 2,
            "no_price": 98,
            "taker_side": "no"
        },
        {
            "trade_id": "8fb34f7c-db4d-40dd-b818-10acdfea0dae",
            "ticker": "KXHIGHMIA-25FEB28-B78.5",
            "count": 100,
            "created_time": "2025-02-28T19:19:30.099726Z",
            "yes_price": 14,
            "no_price": 86,
            "taker_side": "no"
        },
        {
            "trade_id": "8f144aa8-a417-4710-80f5-668d6ca15b6c",
            "ticker": "KXHIGHMIA-25FEB28-B78.5",
            "count": 10,
            "created_time": "2025-02-28T19:19:30.099726Z",
            "yes_price": 1,
            "no_price": 99,
            "taker_side": "no"
        },
        {
            "trade_id": "842ba143-b999-439f-9f17-1458fe71f3c8",
            "ticker": "KXHIGHMIA-25FEB28-B78.5",
            "count": 3,
            "created_time": "2025-02-28T19:19:30.099726Z",
            "yes_price": 6,
            "no_price": 94,
            "taker_side": "no"
        },
        {
            "trade_id": "7332a428-47f6-42cb-8be0-c9c238938b98",
            "ticker": "KXHIGHMIA-25FEB28-B78.5",
            "count": 17,
            "created_time": "2025-02-28T19:19:30.099726Z",
            "yes_price": 25,
            "no_price": 75,
            "taker_side": "no"
        },
        {
            "trade_id": "64c0db22-d03b-43bd-b1c8-b0aec7f408e1",
            "ticker": "KXHIGHMIA-25FEB28-B78.5",
            "count": 11,
            "created_time": "2025-02-28T19:19:30.099726Z",
            "yes_price": 5,
            "no_price": 95,
            "taker_side": "no"
        },
        {
            "trade_id": "4ee83e98-610f-47b6-8cc0-e1d1abb028f5",
            "ticker": "KXHIGHMIA-25FEB28-B78.5",
            "count": 300,
            "created_time": "2025-02-28T19:19:30.099726Z",
            "yes_price": 16,
            "no_price": 84,
            "taker_side": "no"
        },
        {
            "trade_id": "4b9e3440-99b2-41ef-a952-667fe7033bc1",
            "ticker": "KXHIGHMIA-25FEB28-B78.5",
            "count": 50,
            "created_time": "2025-02-28T19:19:30.099726Z",
            "yes_price": 6,
            "no_price": 94,
            "taker_side": "no"
        },
        {
            "trade_id": "4278a865-a3a5-470b-87f3-5ff13273a6f3",
            "ticker": "KXHIGHMIA-25FEB28-B78.5",
            "count": 7,
            "created_time": "2025-02-28T19:19:30.099726Z",
            "yes_price": 5,
            "no_price": 95,
            "taker_side": "no"
        },
        {
            "trade_id": "3ede9776-14fd-45d1-b202-e973b71e8700",
            "ticker": "KXHIGHMIA-25FEB28-B78.5",
            "count": 200,
            "created_time": "2025-02-28T19:19:30.099726Z",
            "yes_price": 15,
            "no_price": 85,
            "taker_side": "no"
        },
        {
            "trade_id": "31bc41c9-91c8-478e-9203-67bdf80b2e76",
            "ticker": "KXHIGHMIA-25FEB28-B78.5",
            "count": 50,
            "created_time": "2025-02-28T19:19:30.099726Z",
            "yes_price": 15,
            "no_price": 85,
            "taker_side": "no"
        },
        {
            "trade_id": "2317cd52-7580-4909-8fdf-7476128597ef",
            "ticker": "KXHIGHMIA-25FEB28-B78.5",
            "count": 19,
            "created_time": "2025-02-28T19:19:30.099726Z",
            "yes_price": 17,
            "no_price": 83,
            "taker_side": "no"
        },
        {
            "trade_id": "16437c68-e3a1-46b3-bbc7-b3c752bb3ddb",
            "ticker": "KXHIGHMIA-25FEB28-B78.5",
            "count": 100,
            "created_time": "2025-02-28T19:19:30.099726Z",
            "yes_price": 5,
            "no_price": 95,
            "taker_side": "no"
        },
        {
            "trade_id": "1634afe5-a65e-4228-8cfa-df091df1b79d",
            "ticker": "KXHIGHMIA-25FEB28-B78.5",
            "count": 50,
            "created_time": "2025-02-28T19:19:30.099726Z",
            "yes_price": 4,
            "no_price": 96,
            "taker_side": "no"
        },
        {
            "trade_id": "9e4b136e-6a88-4a89-a440-36d2088f70fa",
            "ticker": "KXHIGHMIA-25FEB28-B78.5",
            "count": 36,
            "created_time": "2025-02-28T19:19:29.750008Z",
            "yes_price": 25,
            "no_price": 75,
            "taker_side": "yes"
        },
        {
            "trade_id": "1d08366c-013b-4f19-aedb-2068adeb718b",
            "ticker": "KXHIGHMIA-25FEB28-B78.5",
            "count": 2,
            "created_time": "2025-02-28T19:15:25.481321Z",
            "yes_price": 19,
            "no_price": 81,
            "taker_side": "no"
        },
        {
            "trade_id": "9b42c495-e29f-41be-a6fb-deb5aeec0f8a",
            "ticker": "KXHIGHMIA-25FEB28-B78.5",
            "count": 6,
            "created_time": "2025-02-28T19:11:24.793356Z",
            "yes_price": 34,
            "no_price": 66,
            "taker_side": "no"
        },
        {
            "trade_id": "5ba8cb83-7f15-45fd-871c-7dd690065098",
            "ticker": "KXHIGHMIA-25FEB28-B78.5",
            "count": 50,
            "created_time": "2025-02-28T19:10:58.621317Z",
            "yes_price": 35,
            "no_price": 65,
            "taker_side": "no"
        },
        {
            "trade_id": "ada31ac7-e842-4856-bd38-92a720f7e898",
            "ticker": "KXHIGHMIA-25FEB28-B78.5",
            "count": 10,
            "created_time": "2025-02-28T19:06:48.478795Z",
            "yes_price": 36,
            "no_price": 64,
            "taker_side": "yes"
        },
        {
            "trade_id": "2654127d-4e9e-42d5-b2bd-0a60e603984f",
            "ticker": "KXHIGHMIA-25FEB28-B78.5",
            "count": 23,
            "created_time": "2025-02-28T19:01:46.456376Z",
            "yes_price": 34,
            "no_price": 66,
            "taker_side": "yes"
        },
        {
            "trade_id": "10cea3c8-5eb7-48f9-9d84-4e39c35b0801",
            "ticker": "KXHIGHMIA-25FEB28-B78.5",
            "count": 4,
            "created_time": "2025-02-28T19:01:46.456376Z",
            "yes_price": 36,
            "no_price": 64,
            "taker_side": "yes"
        },
        {
            "trade_id": "e61999b4-94dc-41ab-844a-4843dae8071a",
            "ticker": "KXHIGHMIA-25FEB28-B78.5",
            "count": 10,
            "created_time": "2025-02-28T18:54:16.566146Z",
            "yes_price": 34,
            "no_price": 66,
            "taker_side": "no"
        },
        {
            "trade_id": "08e6010d-6c18-4f97-b499-50344857c3a9",
            "ticker": "KXHIGHMIA-25FEB28-B78.5",
            "count": 33,
            "created_time": "2025-02-28T18:54:16.566146Z",
            "yes_price": 34,
            "no_price": 66,
            "taker_side": "no"
        },
        {
            "trade_id": "96fdae37-b994-4ff3-bcdd-927c8711a94e",
            "ticker": "KXHIGHMIA-25FEB28-B78.5",
            "count": 20,
            "created_time": "2025-02-28T18:53:15.832296Z",
            "yes_price": 37,
            "no_price": 63,
            "taker_side": "no"
        },
        {
            "trade_id": "ce88f66f-3a3d-4232-bb6b-56482962800a",
            "ticker": "KXHIGHMIA-25FEB28-B78.5",
            "count": 2,
            "created_time": "2025-02-28T18:51:46.372282Z",
            "yes_price": 43,
            "no_price": 57,
            "taker_side": "yes"
        },
        {
            "trade_id": "a86b5a1e-cd62-4b21-bc52-6c0180eae410",
            "ticker": "KXHIGHMIA-25FEB28-B78.5",
            "count": 20,
            "created_time": "2025-02-28T18:51:46.372282Z",
            "yes_price": 44,
            "no_price": 56,
            "taker_side": "yes"
        },
        {
            "trade_id": "9627952f-92d8-4ece-8ea5-af76f5f04d9c",
            "ticker": "KXHIGHMIA-25FEB28-B78.5",
            "count": 2,
            "created_time": "2025-02-28T18:51:46.372282Z",
            "yes_price": 42,
            "no_price": 58,
            "taker_side": "yes"
        },
        {
            "trade_id": "51b67216-ee89-4348-996a-2123b2f66ab5",
            "ticker": "KXHIGHMIA-25FEB28-B78.5",
            "count": 1,
            "created_time": "2025-02-28T18:51:46.372282Z",
            "yes_price": 44,
            "no_price": 56,
            "taker_side": "yes"
        },
        {
            "trade_id": "bb809add-0bd5-4dad-b5d1-54a10a015456",
            "ticker": "KXHIGHMIA-25FEB28-B78.5",
            "count": 50,
            "created_time": "2025-02-28T18:51:36.456538Z",
            "yes_price": 39,
            "no_price": 61,
            "taker_side": "no"
        },
        {
            "trade_id": "6679d753-c23f-4357-b561-62be3d95c724",
            "ticker": "KXHIGHMIA-25FEB28-B78.5",
            "count": 13,
            "created_time": "2025-02-28T18:51:36.456538Z",
            "yes_price": 39,
            "no_price": 61,
            "taker_side": "no"
        },
        {
            "trade_id": "17285a91-78ff-4a84-8b10-099bfc36576e",
            "ticker": "KXHIGHMIA-25FEB28-B78.5",
            "count": 2,
            "created_time": "2025-02-28T18:50:41.796048Z",
            "yes_price": 40,
            "no_price": 60,
            "taker_side": "no"
        },
        {
            "trade_id": "9756bda8-21c8-4cb6-9cf8-42ff3b5c8c06",
            "ticker": "KXHIGHMIA-25FEB28-B78.5",
            "count": 1,
            "created_time": "2025-02-28T18:50:15.701011Z",
            "yes_price": 40,
            "no_price": 60,
            "taker_side": "yes"
        },
        {
            "trade_id": "6236e858-b1b6-4f25-9a71-352f6b30af79",
            "ticker": "KXHIGHMIA-25FEB28-B78.5",
            "count": 11,
            "created_time": "2025-02-28T18:44:36.877974Z",
            "yes_price": 40,
            "no_price": 60,
            "taker_side": "no"
        },
        {
            "trade_id": "dfce47ef-9479-4734-821c-d7981ea6f6cb",
            "ticker": "KXHIGHMIA-25FEB28-B78.5",
            "count": 17,
            "created_time": "2025-02-28T18:44:26.373176Z",
            "yes_price": 40,
            "no_price": 60,
            "taker_side": "no"
        },
        {
            "trade_id": "9be82bd3-4602-4b6d-9315-ddcdd4ba7f81",
            "ticker": "KXHIGHMIA-25FEB28-B78.5",
            "count": 12,
            "created_time": "2025-02-28T18:43:44.164918Z",
            "yes_price": 45,
            "no_price": 55,
            "taker_side": "yes"
        },
        {
            "trade_id": "32cb8471-5803-41cd-bd76-4b436f432ec2",
            "ticker": "KXHIGHMIA-25FEB28-B78.5",
            "count": 1,
            "created_time": "2025-02-28T18:43:44.164918Z",
            "yes_price": 45,
            "no_price": 55,
            "taker_side": "yes"
        },
        {
            "trade_id": "f75bd7cd-453f-40a6-bdf6-56bc4f2fa2ec",
            "ticker": "KXHIGHMIA-25FEB28-B78.5",
            "count": 73,
            "created_time": "2025-02-28T18:43:37.321308Z",
            "yes_price": 44,
            "no_price": 56,
            "taker_side": "yes"
        },
        {
            "trade_id": "ef2c0e2c-490c-4345-8808-3c5882acfe3b",
            "ticker": "KXHIGHMIA-25FEB28-B78.5",
            "count": 12,
            "created_time": "2025-02-28T18:43:37.321308Z",
            "yes_price": 44,
            "no_price": 56,
            "taker_side": "yes"
        },
        {
            "trade_id": "c0364a57-22a3-4857-9b35-03458f9aca40",
            "ticker": "KXHIGHMIA-25FEB28-B78.5",
            "count": 50,
            "created_time": "2025-02-28T18:43:37.321308Z",
            "yes_price": 43,
            "no_price": 57,
            "taker_side": "yes"
        },
        {
            "trade_id": "95db8793-9d63-49fe-9ffc-7218c89d4c2a",
            "ticker": "KXHIGHMIA-25FEB28-B78.5",
            "count": 1,
            "created_time": "2025-02-28T18:43:37.321308Z",
            "yes_price": 43,
            "no_price": 57,
            "taker_side": "yes"
        },
        {
            "trade_id": "6335a721-65c1-4eb2-804d-e0dce80feb25",
            "ticker": "KXHIGHMIA-25FEB28-B78.5",
            "count": 420,
            "created_time": "2025-02-28T18:43:37.321308Z",
            "yes_price": 43,
            "no_price": 57,
            "taker_side": "yes"
        },
        {
            "trade_id": "2a30669b-6f2d-4229-961e-9af598ef316e",
            "ticker": "KXHIGHMIA-25FEB28-B78.5",
            "count": 1,
            "created_time": "2025-02-28T18:43:37.321308Z",
            "yes_price": 44,
            "no_price": 56,
            "taker_side": "yes"
        },
        {
            "trade_id": "d15fbf3e-1aad-448d-aace-af8cb2d26eb2",
            "ticker": "KXHIGHMIA-25FEB28-B78.5",
            "count": 1,
            "created_time": "2025-02-28T18:43:35.157261Z",
            "yes_price": 42,
            "no_price": 58,
            "taker_side": "yes"
        },
        {
            "trade_id": "64b0a96f-3033-478a-a41d-af0e6fb7c7b5",
            "ticker": "KXHIGHMIA-25FEB28-B78.5",
            "count": 2,
            "created_time": "2025-02-28T18:43:35.157261Z",
            "yes_price": 39,
            "no_price": 61,
            "taker_side": "yes"
        },
        {
            "trade_id": "2b3a97c4-8ba2-42eb-a09d-24ccc69a503a",
            "ticker": "KXHIGHMIA-25FEB28-B78.5",
            "count": 2,
            "created_time": "2025-02-28T18:43:29.596929Z",
            "yes_price": 38,
            "no_price": 62,
            "taker_side": "yes"
        },
        {
            "trade_id": "c95d6be8-22d1-4e74-9ed5-b08f5caca69e",
            "ticker": "KXHIGHMIA-25FEB28-B78.5",
            "count": 2,
            "created_time": "2025-02-28T18:43:14.258894Z",
            "yes_price": 37,
            "no_price": 63,
            "taker_side": "yes"
        },
        {
            "trade_id": "513b154c-6c2d-4358-869f-e4023121f962",
            "ticker": "KXHIGHMIA-25FEB28-B78.5",
            "count": 1,
            "created_time": "2025-02-28T18:40:24.947848Z",
            "yes_price": 39,
            "no_price": 61,
            "taker_side": "yes"
        },
        {
            "trade_id": "ae4b0080-7db2-4551-998a-c78aaf415056",
            "ticker": "KXHIGHMIA-25FEB28-B78.5",
            "count": 1,
            "created_time": "2025-02-28T18:39:17.32591Z",
            "yes_price": 36,
            "no_price": 64,
            "taker_side": "yes"
        },
        {
            "trade_id": "208b922e-9780-41b7-9b20-ede22861c4a2",
            "ticker": "KXHIGHMIA-25FEB28-B78.5",
            "count": 1,
            "created_time": "2025-02-28T18:39:13.537266Z",
            "yes_price": 35,
            "no_price": 65,
            "taker_side": "yes"
        },
        {
            "trade_id": "a86a3a3b-d254-48e0-9ca5-e648c2c32466",
            "ticker": "KXHIGHMIA-25FEB28-B78.5",
            "count": 1,
            "created_time": "2025-02-28T18:38:36.941229Z",
            "yes_price": 34,
            "no_price": 66,
            "taker_side": "yes"
        },
        {
            "trade_id": "5014560a-80d8-43a9-8955-ded29ee45824",
            "ticker": "KXHIGHMIA-25FEB28-B78.5",
            "count": 1,
            "created_time": "2025-02-28T18:34:25.806871Z",
            "yes_price": 44,
            "no_price": 56,
            "taker_side": "yes"
        },
        {
            "trade_id": "fe2b12dd-7a68-4a8e-a51b-fe15998f225a",
            "ticker": "KXHIGHMIA-25FEB28-B78.5",
            "count": 1,
            "created_time": "2025-02-28T18:31:25.490015Z",
            "yes_price": 44,
            "no_price": 56,
            "taker_side": "yes"
        },
        {
            "trade_id": "f6e9ea91-7383-470e-a242-9f97088edcc0",
            "ticker": "KXHIGHMIA-25FEB28-B78.5",
            "count": 1,
            "created_time": "2025-02-28T18:31:25.490015Z",
            "yes_price": 36,
            "no_price": 64,
            "taker_side": "yes"
        },
        {
            "trade_id": "f44779f2-9825-4427-b0c8-f82b981c9598",
            "ticker": "KXHIGHMIA-25FEB28-B78.5",
            "count": 2,
            "created_time": "2025-02-28T18:31:25.490015Z",
            "yes_price": 33,
            "no_price": 67,
            "taker_side": "yes"
        },
        {
            "trade_id": "f3341f3a-3984-49d9-aec5-daf8f71add12",
            "ticker": "KXHIGHMIA-25FEB28-B78.5",
            "count": 11,
            "created_time": "2025-02-28T18:31:25.490015Z",
            "yes_price": 48,
            "no_price": 52,
            "taker_side": "yes"
        },
        {
            "trade_id": "e5634a70-32cf-474d-847a-0fb598123bdc",
            "ticker": "KXHIGHMIA-25FEB28-B78.5",
            "count": 2,
            "created_time": "2025-02-28T18:31:25.490015Z",
            "yes_price": 38,
            "no_price": 62,
            "taker_side": "yes"
        },
        {
            "trade_id": "e3a3e2a5-0803-4963-879b-0e76a8b19247",
            "ticker": "KXHIGHMIA-25FEB28-B78.5",
            "count": 1,
            "created_time": "2025-02-28T18:31:25.490015Z",
            "yes_price": 45,
            "no_price": 55,
            "taker_side": "yes"
        },
        {
            "trade_id": "de2d5eb7-b9c0-462c-9939-2914c83dba53",
            "ticker": "KXHIGHMIA-25FEB28-B78.5",
            "count": 1,
            "created_time": "2025-02-28T18:31:25.490015Z",
            "yes_price": 38,
            "no_price": 62,
            "taker_side": "yes"
        },
        {
            "trade_id": "d66fc08b-48b5-4dcb-b671-403b118f19ba",
            "ticker": "KXHIGHMIA-25FEB28-B78.5",
            "count": 1,
            "created_time": "2025-02-28T18:31:25.490015Z",
            "yes_price": 45,
            "no_price": 55,
            "taker_side": "yes"
        },
        {
            "trade_id": "c98166ff-0409-4fad-a62b-a3bddcde475a",
            "ticker": "KXHIGHMIA-25FEB28-B78.5",
            "count": 1,
            "created_time": "2025-02-28T18:31:25.490015Z",
            "yes_price": 40,
            "no_price": 60,
            "taker_side": "yes"
        },
        {
            "trade_id": "c7af0186-3ee8-4bd2-a9ad-0a4d5741ca73",
            "ticker": "KXHIGHMIA-25FEB28-B78.5",
            "count": 1,
            "created_time": "2025-02-28T18:31:25.490015Z",
            "yes_price": 40,
            "no_price": 60,
            "taker_side": "yes"
        },
        {
            "trade_id": "c6c3827e-29c7-413b-84f2-b29293f56079",
            "ticker": "KXHIGHMIA-25FEB28-B78.5",
            "count": 2,
            "created_time": "2025-02-28T18:31:25.490015Z",
            "yes_price": 32,
            "no_price": 68,
            "taker_side": "yes"
        },
        {
            "trade_id": "c4083895-386e-4038-8604-a57b04112c42",
            "ticker": "KXHIGHMIA-25FEB28-B78.5",
            "count": 1,
            "created_time": "2025-02-28T18:31:25.490015Z",
            "yes_price": 37,
            "no_price": 63,
            "taker_side": "yes"
        },
        {
            "trade_id": "b362c6fc-6389-4283-a6b4-649d1684d118",
            "ticker": "KXHIGHMIA-25FEB28-B78.5",
            "count": 17,
            "created_time": "2025-02-28T18:31:25.490015Z",
            "yes_price": 50,
            "no_price": 50,
            "taker_side": "yes"
        },
        {
            "trade_id": "8e24f319-816f-4c49-b6e5-9545cc9cc280",
            "ticker": "KXHIGHMIA-25FEB28-B78.5",
            "count": 33,
            "created_time": "2025-02-28T18:31:25.490015Z",
            "yes_price": 50,
            "no_price": 50,
            "taker_side": "yes"
        },
        {
            "trade_id": "73214bae-c08c-498c-985b-5ee692b702fd",
            "ticker": "KXHIGHMIA-25FEB28-B78.5",
            "count": 18,
            "created_time": "2025-02-28T18:31:25.490015Z",
            "yes_price": 40,
            "no_price": 60,
            "taker_side": "yes"
        },
        {
            "trade_id": "7130e30f-df5f-483d-9628-536566fea9b0",
            "ticker": "KXHIGHMIA-25FEB28-B78.5",
            "count": 1,
            "created_time": "2025-02-28T18:31:25.490015Z",
            "yes_price": 42,
            "no_price": 58,
            "taker_side": "yes"
        },
        {
            "trade_id": "7088ba6a-3987-4583-9d31-0402cd81de37",
            "ticker": "KXHIGHMIA-25FEB28-B78.5",
            "count": 15,
            "created_time": "2025-02-28T18:31:25.490015Z",
            "yes_price": 45,
            "no_price": 55,
            "taker_side": "yes"
        },
        {
            "trade_id": "6ecd2fb2-3c32-4c47-b0a8-c6d0072dc63e",
            "ticker": "KXHIGHMIA-25FEB28-B78.5",
            "count": 7,
            "created_time": "2025-02-28T18:31:25.490015Z",
            "yes_price": 49,
            "no_price": 51,
            "taker_side": "yes"
        },
        {
            "trade_id": "57434d05-c28b-49dd-899d-4e4a8da1b569",
            "ticker": "KXHIGHMIA-25FEB28-B78.5",
            "count": 50,
            "created_time": "2025-02-28T18:31:25.490015Z",
            "yes_price": 39,
            "no_price": 61,
            "taker_side": "yes"
        },
        {
            "trade_id": "4ad0d323-8f02-4efb-b741-0da275aede07",
            "ticker": "KXHIGHMIA-25FEB28-B78.5",
            "count": 3,
            "created_time": "2025-02-28T18:31:25.490015Z",
            "yes_price": 35,
            "no_price": 65,
            "taker_side": "yes"
        },
        {
            "trade_id": "39b36488-a7f4-4765-b775-1bc6952ad54b",
            "ticker": "KXHIGHMIA-25FEB28-B78.5",
            "count": 17,
            "created_time": "2025-02-28T18:31:25.490015Z",
            "yes_price": 41,
            "no_price": 59,
            "taker_side": "yes"
        },
        {
            "trade_id": "303115b0-62d3-4932-92f9-5a5ef6e1edcd",
            "ticker": "KXHIGHMIA-25FEB28-B78.5",
            "count": 1,
            "created_time": "2025-02-28T18:31:25.490015Z",
            "yes_price": 39,
            "no_price": 61,
            "taker_side": "yes"
        },
        {
            "trade_id": "2506fe99-053f-4dc4-b473-10c9395b8cc2",
            "ticker": "KXHIGHMIA-25FEB28-B78.5",
            "count": 20,
            "created_time": "2025-02-28T18:31:25.490015Z",
            "yes_price": 49,
            "no_price": 51,
            "taker_side": "yes"
        },
        {
            "trade_id": "2430e4ca-ce5c-4b7f-8e30-862c21088383",
            "ticker": "KXHIGHMIA-25FEB28-B78.5",
            "count": 3,
            "created_time": "2025-02-28T18:31:25.490015Z",
            "yes_price": 34,
            "no_price": 66,
            "taker_side": "yes"
        },
        {
            "trade_id": "21a0610e-c7c5-4339-b5a9-88e4362a13bf",
            "ticker": "KXHIGHMIA-25FEB28-B78.5",
            "count": 300,
            "created_time": "2025-02-28T18:31:25.490015Z",
            "yes_price": 49,
            "no_price": 51,
            "taker_side": "yes"
        },
        {
            "trade_id": "1f9647b7-a718-4d1f-835e-b6c0e1386f06",
            "ticker": "KXHIGHMIA-25FEB28-B78.5",
            "count": 1,
            "created_time": "2025-02-28T18:31:25.490015Z",
            "yes_price": 43,
            "no_price": 57,
            "taker_side": "yes"
        },
        {
            "trade_id": "13b0c277-094e-4ca2-bf72-0bc8eec40dad",
            "ticker": "KXHIGHMIA-25FEB28-B78.5",
            "count": 1,
            "created_time": "2025-02-28T18:31:25.490015Z",
            "yes_price": 41,
            "no_price": 59,
            "taker_side": "yes"
        },
        {
            "trade_id": "0c654710-16e7-4850-936f-9a5f9fccb440",
            "ticker": "KXHIGHMIA-25FEB28-B78.5",
            "count": 1,
            "created_time": "2025-02-28T18:31:25.490015Z",
            "yes_price": 41,
            "no_price": 59,
            "taker_side": "yes"
        },
        {
            "trade_id": "022e8ad9-b087-4c2d-af80-0efc65c7b4e1",
            "ticker": "KXHIGHMIA-25FEB28-B78.5",
            "count": 1,
            "created_time": "2025-02-28T18:31:25.490015Z",
            "yes_price": 50,
            "no_price": 50,
            "taker_side": "yes"
        },
        {
            "trade_id": "84042d82-345c-4ef4-82a7-6e8f983aeb23",
            "ticker": "KXHIGHMIA-25FEB28-B78.5",
            "count": 50,
            "created_time": "2025-02-28T18:30:24.105513Z",
            "yes_price": 25,
            "no_price": 75,
            "taker_side": "no"
        },
        {
            "trade_id": "582c9880-f69d-43d3-b1c7-62b144e8ad0b",
            "ticker": "KXHIGHMIA-25FEB28-B78.5",
            "count": 99,
            "created_time": "2025-02-28T18:30:24.105513Z",
            "yes_price": 24,
            "no_price": 76,
            "taker_side": "no"
        },
        {
            "trade_id": "334222a8-d5e7-4d3c-bbda-a2b392c4e9a4",
            "ticker": "KXHIGHMIA-25FEB28-B78.5",
            "count": 7,
            "created_time": "2025-02-28T18:30:24.105513Z",
            "yes_price": 22,
            "no_price": 78,
            "taker_side": "no"
        },
        {
            "trade_id": "d69f95b2-4dd6-42ea-8252-55aa764e87f4",
            "ticker": "KXHIGHMIA-25FEB28-B78.5",
            "count": 20,
            "created_time": "2025-02-28T18:28:06.344926Z",
            "yes_price": 33,
            "no_price": 67,
            "taker_side": "yes"
        },
        {
            "trade_id": "81f163b3-9191-4707-831d-1e3338de7344",
            "ticker": "KXHIGHMIA-25FEB28-B78.5",
            "count": 23,
            "created_time": "2025-02-28T18:28:06.344926Z",
            "yes_price": 31,
            "no_price": 69,
            "taker_side": "yes"
        },
        {
            "trade_id": "7346a2e9-652a-4866-bb18-f5b4153265e4",
            "ticker": "KXHIGHMIA-25FEB28-B78.5",
            "count": 2,
            "created_time": "2025-02-28T18:28:06.344926Z",
            "yes_price": 32,
            "no_price": 68,
            "taker_side": "yes"
        },
        {
            "trade_id": "ee1e3792-9f70-428c-b5f1-1c7b8d53208e",
            "ticker": "KXHIGHMIA-25FEB28-B78.5",
            "count": 2,
            "created_time": "2025-02-28T18:18:30.446541Z",
            "yes_price": 32,
            "no_price": 68,
            "taker_side": "yes"
        },
        {
            "trade_id": "ea6603a5-a1c5-4a31-be9a-4056ef89b746",
            "ticker": "KXHIGHMIA-25FEB28-B78.5",
            "count": 1,
            "created_time": "2025-02-28T18:18:30.446541Z",
            "yes_price": 32,
            "no_price": 68,
            "taker_side": "yes"
        },
        {
            "trade_id": "464ee231-220d-4d1c-919c-89218a13ab3d",
            "ticker": "KXHIGHMIA-25FEB28-B78.5",
            "count": 3,
            "created_time": "2025-02-28T18:18:30.446541Z",
            "yes_price": 32,
            "no_price": 68,
            "taker_side": "yes"
        },
        {
            "trade_id": "30452f07-41fe-42d9-8223-d49879dea747",
            "ticker": "KXHIGHMIA-25FEB28-B78.5",
            "count": 50,
            "created_time": "2025-02-28T18:18:30.446541Z",
            "yes_price": 31,
            "no_price": 69,
            "taker_side": "yes"
        },
        {
            "trade_id": "22a5fc71-d151-4915-8978-025cfb69735d",
            "ticker": "KXHIGHMIA-25FEB28-B78.5",
            "count": 4,
            "created_time": "2025-02-28T18:18:30.446541Z",
            "yes_price": 32,
            "no_price": 68,
            "taker_side": "yes"
        },
        {
            "trade_id": "e890b375-a645-4b31-be4d-a53361396f2a",
            "ticker": "KXHIGHMIA-25FEB28-B78.5",
            "count": 4,
            "created_time": "2025-02-28T18:16:54.82275Z",
            "yes_price": 31,
            "no_price": 69,
            "taker_side": "no"
        },
        {
            "trade_id": "376e121b-b2a1-4e82-9d8e-b20b4273916c",
            "ticker": "KXHIGHMIA-25FEB28-B78.5",
            "count": 23,
            "created_time": "2025-02-28T18:16:44.841311Z",
            "yes_price": 34,
            "no_price": 66,
            "taker_side": "no"
        },
        {
            "trade_id": "f28c1c39-6817-450b-a470-7b499f9cd8f7",
            "ticker": "KXHIGHMIA-25FEB28-B78.5",
            "count": 53,
            "created_time": "2025-02-28T18:13:05.021422Z",
            "yes_price": 35,
            "no_price": 65,
            "taker_side": "yes"
        },
        {
            "trade_id": "39363789-637e-4d13-93c0-487c609c3afe",
            "ticker": "KXHIGHMIA-25FEB28-B78.5",
            "count": 3,
            "created_time": "2025-02-28T18:11:50.15975Z",
            "yes_price": 40,
            "no_price": 60,
            "taker_side": "no"
        },
        {
            "trade_id": "f6c3b1e5-d317-40e1-bc46-78ecef631aab",
            "ticker": "KXHIGHMIA-25FEB28-B78.5",
            "count": 10,
            "created_time": "2025-02-28T18:09:29.254384Z",
            "yes_price": 40,
            "no_price": 60,
            "taker_side": "yes"
        },
        {
            "trade_id": "ec820afb-5039-4cce-b02e-7ebc566e47ba",
            "ticker": "KXHIGHMIA-25FEB28-B78.5",
            "count": 11,
            "created_time": "2025-02-28T18:09:29.254384Z",
            "yes_price": 36,
            "no_price": 64,
            "taker_side": "yes"
        },
        {
            "trade_id": "e715e1da-3530-426e-a92e-347a5efa77fc",
            "ticker": "KXHIGHMIA-25FEB28-B78.5",
            "count": 1,
            "created_time": "2025-02-28T18:09:29.254384Z",
            "yes_price": 39,
            "no_price": 61,
            "taker_side": "yes"
        },
        {
            "trade_id": "d759252e-761c-4dbf-892b-35c8c385db7d",
            "ticker": "KXHIGHMIA-25FEB28-B78.5",
            "count": 1,
            "created_time": "2025-02-28T18:09:29.254384Z",
            "yes_price": 38,
            "no_price": 62,
            "taker_side": "yes"
        },
        {
            "trade_id": "d0ab707a-603e-44f5-aba8-c6742bd326d0",
            "ticker": "KXHIGHMIA-25FEB28-B78.5",
            "count": 1,
            "created_time": "2025-02-28T18:09:29.254384Z",
            "yes_price": 36,
            "no_price": 64,
            "taker_side": "yes"
        },
        {
            "trade_id": "89123158-0f63-47d3-afe0-6e1caf5a991b",
            "ticker": "KXHIGHMIA-25FEB28-B78.5",
            "count": 50,
            "created_time": "2025-02-28T18:09:29.254384Z",
            "yes_price": 39,
            "no_price": 61,
            "taker_side": "yes"
        },
        {
            "trade_id": "5746c523-2b27-4555-9e85-df41ea374fe8",
            "ticker": "KXHIGHMIA-25FEB28-B78.5",
            "count": 20,
            "created_time": "2025-02-28T18:09:29.254384Z",
            "yes_price": 40,
            "no_price": 60,
            "taker_side": "yes"
        },
        {
            "trade_id": "2d07a841-adba-4660-9876-98aad4e2d394",
            "ticker": "KXHIGHMIA-25FEB28-B78.5",
            "count": 1,
            "created_time": "2025-02-28T18:09:29.254384Z",
            "yes_price": 40,
            "no_price": 60,
            "taker_side": "yes"
        },
        {
            "trade_id": "2a0d7625-43f4-43ef-8558-b5e1466219d6",
            "ticker": "KXHIGHMIA-25FEB28-B78.5",
            "count": 1,
            "created_time": "2025-02-28T18:09:29.254384Z",
            "yes_price": 35,
            "no_price": 65,
            "taker_side": "yes"
        },
        {
            "trade_id": "25893b3b-5df1-446c-b263-ae520498f74d",
            "ticker": "KXHIGHMIA-25FEB28-B78.5",
            "count": 1,
            "created_time": "2025-02-28T18:09:29.254384Z",
            "yes_price": 37,
            "no_price": 63,
            "taker_side": "yes"
        },
        {
            "trade_id": "c248228e-b72b-4d89-8b70-5ce86cf0454d",
            "ticker": "KXHIGHMIA-25FEB28-B78.5",
            "count": 23,
            "created_time": "2025-02-28T18:09:16.208055Z",
            "yes_price": 34,
            "no_price": 66,
            "taker_side": "yes"
        },
        {
            "trade_id": "c52edb7a-ba6f-45e9-b020-abf0f8077817",
            "ticker": "KXHIGHMIA-25FEB28-B78.5",
            "count": 1,
            "created_time": "2025-02-28T18:08:50.890113Z",
            "yes_price": 34,
            "no_price": 66,
            "taker_side": "yes"
        },
        {
            "trade_id": "104ec88d-8c1a-431e-a9d3-032e6a4c7403",
            "ticker": "KXHIGHMIA-25FEB28-B78.5",
            "count": 1,
            "created_time": "2025-02-28T18:08:50.725447Z",
            "yes_price": 33,
            "no_price": 67,
            "taker_side": "yes"
        },
        {
            "trade_id": "a150dea0-4e5f-40c9-9c8e-7386769275c0",
            "ticker": "KXHIGHMIA-25FEB28-B78.5",
            "count": 1,
            "created_time": "2025-02-28T18:08:50.567337Z",
            "yes_price": 32,
            "no_price": 68,
            "taker_side": "yes"
        },
        {
            "trade_id": "387a1e5e-7d31-4193-9da9-f59be03d1335",
            "ticker": "KXHIGHMIA-25FEB28-B78.5",
            "count": 1,
            "created_time": "2025-02-28T18:08:10.705986Z",
            "yes_price": 31,
            "no_price": 69,
            "taker_side": "yes"
        },
        {
            "trade_id": "9e2a458b-c3a3-4196-8245-e2227a2fa822",
            "ticker": "KXHIGHMIA-25FEB28-B78.5",
            "count": 1,
            "created_time": "2025-02-28T18:07:43.149563Z",
            "yes_price": 31,
            "no_price": 69,
            "taker_side": "yes"
        },
        {
            "trade_id": "fa51a144-e903-4cf9-9662-2ed7cedff3c6",
            "ticker": "KXHIGHMIA-25FEB28-B78.5",
            "count": 1,
            "created_time": "2025-02-28T18:07:09.048106Z",
            "yes_price": 31,
            "no_price": 69,
            "taker_side": "yes"
        },
        {
            "trade_id": "6a75e5eb-c276-40f2-b13e-d2a20b9f11dc",
            "ticker": "KXHIGHMIA-25FEB28-B78.5",
            "count": 1,
            "created_time": "2025-02-28T17:59:07.474189Z",
            "yes_price": 36,
            "no_price": 64,
            "taker_side": "yes"
        },
        {
            "trade_id": "1c38516c-8b6e-4694-bc0d-ab70bedd4a47",
            "ticker": "KXHIGHMIA-25FEB28-B78.5",
            "count": 1,
            "created_time": "2025-02-28T17:59:07.474189Z",
            "yes_price": 37,
            "no_price": 63,
            "taker_side": "yes"
        },
        {
            "trade_id": "c654d3d0-410e-446a-9750-4b07a843c6a5",
            "ticker": "KXHIGHMIA-25FEB28-B78.5",
            "count": 1,
            "created_time": "2025-02-28T17:58:57.312459Z",
            "yes_price": 35,
            "no_price": 65,
            "taker_side": "yes"
        },
        {
            "trade_id": "72acfde2-22bc-40f8-8ac6-93ad6f6c9937",
            "ticker": "KXHIGHMIA-25FEB28-B78.5",
            "count": 28,
            "created_time": "2025-02-28T17:58:57.312459Z",
            "yes_price": 36,
            "no_price": 64,
            "taker_side": "yes"
        },
        {
            "trade_id": "0a15a100-03d4-4966-8bd8-3b87af3a3bbe",
            "ticker": "KXHIGHMIA-25FEB28-B78.5",
            "count": 40,
            "created_time": "2025-02-28T17:56:30.83116Z",
            "yes_price": 27,
            "no_price": 73,
            "taker_side": "no"
        },
        {
            "trade_id": "0f01fb54-e910-432a-8cc3-6f7367bf8332",
            "ticker": "KXHIGHMIA-25FEB28-B78.5",
            "count": 1,
            "created_time": "2025-02-28T17:48:04.498887Z",
            "yes_price": 35,
            "no_price": 65,
            "taker_side": "yes"
        },
        {
            "trade_id": "097a794b-8873-4cf9-a216-9179178f9a64",
            "ticker": "KXHIGHMIA-25FEB28-B78.5",
            "count": 4,
            "created_time": "2025-02-28T17:48:04.498887Z",
            "yes_price": 39,
            "no_price": 61,
            "taker_side": "yes"
        },
        {
            "trade_id": "e54c81eb-af82-4452-b79f-4dc1961c1e76",
            "ticker": "KXHIGHMIA-25FEB28-B78.5",
            "count": 99,
            "created_time": "2025-02-28T17:47:58.54987Z",
            "yes_price": 30,
            "no_price": 70,
            "taker_side": "no"
        },
        {
            "trade_id": "b773b897-9ef8-4528-a0f9-08580d2e0178",
            "ticker": "KXHIGHMIA-25FEB28-B78.5",
            "count": 50,
            "created_time": "2025-02-28T17:47:58.54987Z",
            "yes_price": 32,
            "no_price": 68,
            "taker_side": "no"
        },
        {
            "trade_id": "561382dd-3a0c-4bcb-b07d-17295500a039",
            "ticker": "KXHIGHMIA-25FEB28-B78.5",
            "count": 5,
            "created_time": "2025-02-28T17:47:58.54987Z",
            "yes_price": 31,
            "no_price": 69,
            "taker_side": "no"
        },
        {
            "trade_id": "3cfbc3bb-fbaa-4dbe-98ab-38f7afccbc53",
            "ticker": "KXHIGHMIA-25FEB28-B78.5",
            "count": 41,
            "created_time": "2025-02-28T17:47:58.54987Z",
            "yes_price": 27,
            "no_price": 73,
            "taker_side": "no"
        },
        {
            "trade_id": "32dd8590-b947-4bb7-9983-7d1f8c7e6fc5",
            "ticker": "KXHIGHMIA-25FEB28-B78.5",
            "count": 5,
            "created_time": "2025-02-28T17:47:58.54987Z",
            "yes_price": 29,
            "no_price": 71,
            "taker_side": "no"
        },
        {
            "trade_id": "1aa06532-a324-432f-954a-466c0922f875",
            "ticker": "KXHIGHMIA-25FEB28-B78.5",
            "count": 300,
            "created_time": "2025-02-28T17:47:58.54987Z",
            "yes_price": 29,
            "no_price": 71,
            "taker_side": "no"
        },
        {
            "trade_id": "f9c7227f-d890-4189-950a-c9601b9d3f6e",
            "ticker": "KXHIGHMIA-25FEB28-B78.5",
            "count": 14,
            "created_time": "2025-02-28T17:43:40.983446Z",
            "yes_price": 34,
            "no_price": 66,
            "taker_side": "yes"
        },
        {
            "trade_id": "d9be773e-32e8-425a-bd5a-01a7a36ae18a",
            "ticker": "KXHIGHMIA-25FEB28-B78.5",
            "count": 6,
            "created_time": "2025-02-28T17:43:40.983446Z",
            "yes_price": 34,
            "no_price": 66,
            "taker_side": "yes"
        },
        {
            "trade_id": "90293f3f-2ce2-41f5-a852-943d2d6fe516",
            "ticker": "KXHIGHMIA-25FEB28-B78.5",
            "count": 10,
            "created_time": "2025-02-28T17:43:40.983446Z",
            "yes_price": 35,
            "no_price": 65,
            "taker_side": "yes"
        },
        {
            "trade_id": "773d2da1-da5c-493c-a846-f7b4fe927956",
            "ticker": "KXHIGHMIA-25FEB28-B78.5",
            "count": 1,
            "created_time": "2025-02-28T17:43:40.983446Z",
            "yes_price": 34,
            "no_price": 66,
            "taker_side": "yes"
        },
        {
            "trade_id": "6ae07c83-a75e-4686-b80c-40559c6b1527",
            "ticker": "KXHIGHMIA-25FEB28-B78.5",
            "count": 55,
            "created_time": "2025-02-28T17:43:40.983446Z",
            "yes_price": 33,
            "no_price": 67,
            "taker_side": "yes"
        },
        {
            "trade_id": "62a04928-7445-4649-8921-0b24733b8e76",
            "ticker": "KXHIGHMIA-25FEB28-B78.5",
            "count": 15,
            "created_time": "2025-02-28T17:43:40.983446Z",
            "yes_price": 34,
            "no_price": 66,
            "taker_side": "yes"
        },
        {
            "trade_id": "5384bbaf-3838-4c4f-b39e-4f1408d1c5e8",
            "ticker": "KXHIGHMIA-25FEB28-B78.5",
            "count": 1,
            "created_time": "2025-02-28T17:43:40.983446Z",
            "yes_price": 33,
            "no_price": 67,
            "taker_side": "yes"
        },
        {
            "trade_id": "09ff4fcb-e7e0-48ae-a902-10e8c365bbd7",
            "ticker": "KXHIGHMIA-25FEB28-B78.5",
            "count": 398,
            "created_time": "2025-02-28T17:43:40.983446Z",
            "yes_price": 35,
            "no_price": 65,
            "taker_side": "yes"
        },
        {
            "trade_id": "109611e7-95b0-431b-b444-55fcc06b05ab",
            "ticker": "KXHIGHMIA-25FEB28-B78.5",
            "count": 5,
            "created_time": "2025-02-28T17:43:39.869036Z",
            "yes_price": 33,
            "no_price": 67,
            "taker_side": "yes"
        },
        {
            "trade_id": "c52503b6-d004-468b-8c37-c99836de8eba",
            "ticker": "KXHIGHMIA-25FEB28-B78.5",
            "count": 1,
            "created_time": "2025-02-28T17:37:42.733724Z",
            "yes_price": 32,
            "no_price": 68,
            "taker_side": "yes"
        },
        {
            "trade_id": "a6f70d17-cffd-4298-a52e-64a093eb9426",
            "ticker": "KXHIGHMIA-25FEB28-B78.5",
            "count": 53,
            "created_time": "2025-02-28T17:37:42.733724Z",
            "yes_price": 33,
            "no_price": 67,
            "taker_side": "yes"
        },
        {
            "trade_id": "8c7f476f-f564-41c8-ad1d-3ae197bd7937",
            "ticker": "KXHIGHMIA-25FEB28-B78.5",
            "count": 1,
            "created_time": "2025-02-28T17:36:28.059152Z",
            "yes_price": 30,
            "no_price": 70,
            "taker_side": "yes"
        },
        {
            "trade_id": "82636dff-a3a8-4ca7-a45e-e01ff30d5208",
            "ticker": "KXHIGHMIA-25FEB28-B78.5",
            "count": 1,
            "created_time": "2025-02-28T17:36:28.059152Z",
            "yes_price": 32,
            "no_price": 68,
            "taker_side": "yes"
        },
        {
            "trade_id": "57c4d925-8f3a-4d7e-a58f-b33ce486c33c",
            "ticker": "KXHIGHMIA-25FEB28-B78.5",
            "count": 12,
            "created_time": "2025-02-28T17:36:28.059152Z",
            "yes_price": 33,
            "no_price": 67,
            "taker_side": "yes"
        },
        {
            "trade_id": "3d8da51c-41ae-4534-828e-7c09b6c94a39",
            "ticker": "KXHIGHMIA-25FEB28-B78.5",
            "count": 2,
            "created_time": "2025-02-28T17:36:28.059152Z",
            "yes_price": 30,
            "no_price": 70,
            "taker_side": "yes"
        },
        {
            "trade_id": "2c0b0d78-4ce9-47c4-9274-2b20bd938303",
            "ticker": "KXHIGHMIA-25FEB28-B78.5",
            "count": 1,
            "created_time": "2025-02-28T17:36:28.059152Z",
            "yes_price": 31,
            "no_price": 69,
            "taker_side": "yes"
        },
        {
            "trade_id": "6df89149-b0f1-4a1c-9d5d-8ff984dedc8b",
            "ticker": "KXHIGHMIA-25FEB28-B78.5",
            "count": 7,
            "created_time": "2025-02-28T17:36:09.862739Z",
            "yes_price": 30,
            "no_price": 70,
            "taker_side": "yes"
        },
        {
            "trade_id": "153cffce-7c97-4d24-8219-b2ea779f57e9",
            "ticker": "KXHIGHMIA-25FEB28-B78.5",
            "count": 1,
            "created_time": "2025-02-28T17:36:09.862739Z",
            "yes_price": 29,
            "no_price": 71,
            "taker_side": "yes"
        },
        {
            "trade_id": "a510ff3f-7f0e-4c2c-b833-d935c8d8ea79",
            "ticker": "KXHIGHMIA-25FEB28-B78.5",
            "count": 1,
            "created_time": "2025-02-28T17:32:18.523912Z",
            "yes_price": 29,
            "no_price": 71,
            "taker_side": "yes"
        },
        {
            "trade_id": "0ffa0c03-90e3-418b-ac23-5cfc4a284a76",
            "ticker": "KXHIGHMIA-25FEB28-B78.5",
            "count": 2,
            "created_time": "2025-02-28T17:32:18.523912Z",
            "yes_price": 30,
            "no_price": 70,
            "taker_side": "yes"
        },
        {
            "trade_id": "a2769041-1baf-4344-ab7a-139cd4d1b70f",
            "ticker": "KXHIGHMIA-25FEB28-B78.5",
            "count": 1,
            "created_time": "2025-02-28T17:31:28.260115Z",
            "yes_price": 28,
            "no_price": 72,
            "taker_side": "yes"
        },
        {
            "trade_id": "5e409231-e053-4bea-a471-ca261ae6225e",
            "ticker": "KXHIGHMIA-25FEB28-B78.5",
            "count": 1,
            "created_time": "2025-02-28T17:31:28.260115Z",
            "yes_price": 29,
            "no_price": 71,
            "taker_side": "yes"
        },
        {
            "trade_id": "180f70c4-a213-4175-ae60-506d7c079d47",
            "ticker": "KXHIGHMIA-25FEB28-B78.5",
            "count": 1,
            "created_time": "2025-02-28T17:31:28.260115Z",
            "yes_price": 27,
            "no_price": 73,
            "taker_side": "yes"
        },
        {
            "trade_id": "120763a2-b6d6-428c-8b7f-c60b6555b4b8",
            "ticker": "KXHIGHMIA-25FEB28-B78.5",
            "count": 3,
            "created_time": "2025-02-28T17:31:28.260115Z",
            "yes_price": 30,
            "no_price": 70,
            "taker_side": "yes"
        },
        {
            "trade_id": "f280d8b5-83c4-48c1-ba4b-70c67f78f030",
            "ticker": "KXHIGHMIA-25FEB28-B78.5",
            "count": 50,
            "created_time": "2025-02-28T17:13:06.401283Z",
            "yes_price": 26,
            "no_price": 74,
            "taker_side": "yes"
        },
        {
            "trade_id": "aa5f603b-b399-44a1-a489-36d8a4ed2728",
            "ticker": "KXHIGHMIA-25FEB28-B78.5",
            "count": 23,
            "created_time": "2025-02-28T17:13:06.401283Z",
            "yes_price": 23,
            "no_price": 77,
            "taker_side": "yes"
        },
        {
            "trade_id": "1d50d469-1e45-4c5a-8967-2a37372461be",
            "ticker": "KXHIGHMIA-25FEB28-B78.5",
            "count": 2,
            "created_time": "2025-02-28T17:11:46.158544Z",
            "yes_price": 23,
            "no_price": 77,
            "taker_side": "no"
        },
        {
            "trade_id": "e0797115-453e-41ba-bf58-d1dbcf985c12",
            "ticker": "KXHIGHMIA-25FEB28-B78.5",
            "count": 1,
            "created_time": "2025-02-28T17:09:47.763944Z",
            "yes_price": 28,
            "no_price": 72,
            "taker_side": "yes"
        },
        {
            "trade_id": "d93b1c05-fb1e-4a16-b2af-a4631bf9bfa9",
            "ticker": "KXHIGHMIA-25FEB28-B78.5",
            "count": 1,
            "created_time": "2025-02-28T17:09:47.763944Z",
            "yes_price": 25,
            "no_price": 75,
            "taker_side": "yes"
        },
        {
            "trade_id": "d3286ed9-f297-4fb8-808f-aac62fe801f6",
            "ticker": "KXHIGHMIA-25FEB28-B78.5",
            "count": 1,
            "created_time": "2025-02-28T17:09:47.763944Z",
            "yes_price": 27,
            "no_price": 73,
            "taker_side": "yes"
        },
        {
            "trade_id": "afa69669-2492-4621-90e0-ea445b6e6cfc",
            "ticker": "KXHIGHMIA-25FEB28-B78.5",
            "count": 1,
            "created_time": "2025-02-28T17:09:47.763944Z",
            "yes_price": 26,
            "no_price": 74,
            "taker_side": "yes"
        },
        {
            "trade_id": "a3598655-4d08-434d-ae6d-9adaacd15360",
            "ticker": "KXHIGHMIA-25FEB28-B78.5",
            "count": 1,
            "created_time": "2025-02-28T17:09:47.763944Z",
            "yes_price": 29,
            "no_price": 71,
            "taker_side": "yes"
        },
        {
            "trade_id": "4e692b74-e17d-4c8b-8124-0ef3639b2711",
            "ticker": "KXHIGHMIA-25FEB28-B78.5",
            "count": 27,
            "created_time": "2025-02-28T17:09:47.763944Z",
            "yes_price": 29,
            "no_price": 71,
            "taker_side": "yes"
        },
        {
            "trade_id": "c6d868db-6468-4e4e-9573-4ac2dadb56ae",
            "ticker": "KXHIGHMIA-25FEB28-B78.5",
            "count": 13,
            "created_time": "2025-02-28T17:04:38.960245Z",
            "yes_price": 27,
            "no_price": 73,
            "taker_side": "yes"
        },
        {
            "trade_id": "c19135c0-f3aa-48e1-b15f-99c246525522",
            "ticker": "KXHIGHMIA-25FEB28-B78.5",
            "count": 1,
            "created_time": "2025-02-28T17:04:38.960245Z",
            "yes_price": 24,
            "no_price": 76,
            "taker_side": "yes"
        },
        {
            "trade_id": "96e3770a-25f4-41f7-a90b-1181b67c73b3",
            "ticker": "KXHIGHMIA-25FEB28-B78.5",
            "count": 1,
            "created_time": "2025-02-28T17:04:38.960245Z",
            "yes_price": 25,
            "no_price": 75,
            "taker_side": "yes"
        },
        {
            "trade_id": "4f37b982-26d0-4b7b-b6db-44224805d733",
            "ticker": "KXHIGHMIA-25FEB28-B78.5",
            "count": 1,
            "created_time": "2025-02-28T17:04:38.960245Z",
            "yes_price": 27,
            "no_price": 73,
            "taker_side": "yes"
        },
        {
            "trade_id": "26af383a-ecec-418c-b1ac-12869b572242",
            "ticker": "KXHIGHMIA-25FEB28-B78.5",
            "count": 1,
            "created_time": "2025-02-28T17:04:38.960245Z",
            "yes_price": 26,
            "no_price": 74,
            "taker_side": "yes"
        },
        {
            "trade_id": "9d2d66a3-ef03-4760-bc20-a843213e84fd",
            "ticker": "KXHIGHMIA-25FEB28-B78.5",
            "count": 1,
            "created_time": "2025-02-28T17:03:37.961419Z",
            "yes_price": 23,
            "no_price": 77,
            "taker_side": "yes"
        },
        {
            "trade_id": "87b0ec2c-d2b0-4b0e-b003-adbed52a59e1",
            "ticker": "KXHIGHMIA-25FEB28-B78.5",
            "count": 18,
            "created_time": "2025-02-28T16:58:36.781417Z",
            "yes_price": 20,
            "no_price": 80,
            "taker_side": "no"
        },
        {
            "trade_id": "d3506292-1c33-4a5c-b421-8ab5fac6526d",
            "ticker": "KXHIGHMIA-25FEB28-B78.5",
            "count": 1,
            "created_time": "2025-02-28T16:48:19.375758Z",
            "yes_price": 22,
            "no_price": 78,
            "taker_side": "yes"
        },
        {
            "trade_id": "fee731a1-3897-4e73-8259-90a1e9a246d9",
            "ticker": "KXHIGHMIA-25FEB28-B78.5",
            "count": 18,
            "created_time": "2025-02-28T16:35:14.715747Z",
            "yes_price": 23,
            "no_price": 77,
            "taker_side": "no"
        },
        {
            "trade_id": "361f6045-c523-4c38-b5b9-dd5a1042395b",
            "ticker": "KXHIGHMIA-25FEB28-B78.5",
            "count": 8,
            "created_time": "2025-02-28T16:18:26.167787Z",
            "yes_price": 22,
            "no_price": 78,
            "taker_side": "yes"
        },
        {
            "trade_id": "c9e89968-41ab-4b02-a32c-70433f42ca5c",
            "ticker": "KXHIGHMIA-25FEB28-B78.5",
            "count": 17,
            "created_time": "2025-02-28T15:59:35.205353Z",
            "yes_price": 22,
            "no_price": 78,
            "taker_side": "yes"
        },
        {
            "trade_id": "082643fe-76b2-4433-a1b0-a343a14b57e1",
            "ticker": "KXHIGHMIA-25FEB28-B78.5",
            "count": 4,
            "created_time": "2025-02-28T15:59:35.205353Z",
            "yes_price": 21,
            "no_price": 79,
            "taker_side": "yes"
        },
        {
            "trade_id": "aa661285-1aa7-4781-97e1-6af0e9d3639a",
            "ticker": "KXHIGHMIA-25FEB28-B78.5",
            "count": 34,
            "created_time": "2025-02-28T15:57:58.993384Z",
            "yes_price": 18,
            "no_price": 82,
            "taker_side": "yes"
        },
        {
            "trade_id": "709a849e-6bf7-43dc-ae2d-1eb45995eb9d",
            "ticker": "KXHIGHMIA-25FEB28-B78.5",
            "count": 2,
            "created_time": "2025-02-28T15:57:58.993384Z",
            "yes_price": 20,
            "no_price": 80,
            "taker_side": "yes"
        },
        {
            "trade_id": "4e200348-363a-4b02-9742-34c0d01ebdfd",
            "ticker": "KXHIGHMIA-25FEB28-B78.5",
            "count": 19,
            "created_time": "2025-02-28T15:57:58.993384Z",
            "yes_price": 19,
            "no_price": 81,
            "taker_side": "yes"
        },
        {
            "trade_id": "36fc366c-9aea-4c1c-b179-6028be492c34",
            "ticker": "KXHIGHMIA-25FEB28-B78.5",
            "count": 50,
            "created_time": "2025-02-28T15:57:58.993384Z",
            "yes_price": 19,
            "no_price": 81,
            "taker_side": "yes"
        },
        {
            "trade_id": "0fb92f81-5361-4411-b5fe-bad4c6e51fe0",
            "ticker": "KXHIGHMIA-25FEB28-B78.5",
            "count": 300,
            "created_time": "2025-02-28T15:57:58.993384Z",
            "yes_price": 21,
            "no_price": 79,
            "taker_side": "yes"
        },
        {
            "trade_id": "89c4097f-31ae-4778-b72e-bd447bee5580",
            "ticker": "KXHIGHMIA-25FEB28-B78.5",
            "count": 20,
            "created_time": "2025-02-28T15:29:09.839761Z",
            "yes_price": 19,
            "no_price": 81,
            "taker_side": "yes"
        },
        {
            "trade_id": "c1a853c7-2e73-4c53-baf4-e970fa64658d",
            "ticker": "KXHIGHMIA-25FEB28-B78.5",
            "count": 15,
            "created_time": "2025-02-28T15:11:08.967527Z",
            "yes_price": 15,
            "no_price": 85,
            "taker_side": "no"
        },
        {
            "trade_id": "cca221c6-26c5-4ea8-ac31-04025a462160",
            "ticker": "KXHIGHMIA-25FEB28-B78.5",
            "count": 7,
            "created_time": "2025-02-28T15:00:39.878639Z",
            "yes_price": 17,
            "no_price": 83,
            "taker_side": "no"
        },
        {
            "trade_id": "f53de3ac-0010-49b2-adcb-3feaf8916cc9",
            "ticker": "KXHIGHMIA-25FEB28-B78.5",
            "count": 6,
            "created_time": "2025-02-28T14:53:27.83743Z",
            "yes_price": 19,
            "no_price": 81,
            "taker_side": "no"
        },
        {
            "trade_id": "a3b2d5c0-1540-4436-b638-d7fa98f36f7f",
            "ticker": "KXHIGHMIA-25FEB28-B78.5",
            "count": 5,
            "created_time": "2025-02-28T14:53:27.83743Z",
            "yes_price": 19,
            "no_price": 81,
            "taker_side": "no"
        },
        {
            "trade_id": "99ba93b5-9747-4e16-903f-e70c7bc6f154",
            "ticker": "KXHIGHMIA-25FEB28-B78.5",
            "count": 2,
            "created_time": "2025-02-28T14:39:52.703378Z",
            "yes_price": 18,
            "no_price": 82,
            "taker_side": "no"
        },
        {
            "trade_id": "28e598d8-cc3f-49d3-92c1-16b5c57c781e",
            "ticker": "KXHIGHMIA-25FEB28-B78.5",
            "count": 150,
            "created_time": "2025-02-28T14:39:52.703378Z",
            "yes_price": 18,
            "no_price": 82,
            "taker_side": "no"
        },
        {
            "trade_id": "d3c26476-d63f-4495-8ed2-27f204f39813",
            "ticker": "KXHIGHMIA-25FEB28-B78.5",
            "count": 49,
            "created_time": "2025-02-28T14:39:32.290071Z",
            "yes_price": 19,
            "no_price": 81,
            "taker_side": "no"
        },
        {
            "trade_id": "d34e2f92-3b07-44db-8d98-6a0e191aa1d5",
            "ticker": "KXHIGHMIA-25FEB28-B78.5",
            "count": 39,
            "created_time": "2025-02-28T14:39:32.290071Z",
            "yes_price": 20,
            "no_price": 80,
            "taker_side": "no"
        },
        {
            "trade_id": "a7d2bc4f-c3f4-4215-8694-dbef5fd2ca54",
            "ticker": "KXHIGHMIA-25FEB28-B78.5",
            "count": 9,
            "created_time": "2025-02-28T14:39:32.290071Z",
            "yes_price": 19,
            "no_price": 81,
            "taker_side": "no"
        },
        {
            "trade_id": "81fe3128-2bef-4e70-ad0a-1ab1d30e9b32",
            "ticker": "KXHIGHMIA-25FEB28-B78.5",
            "count": 39,
            "created_time": "2025-02-28T14:39:32.290071Z",
            "yes_price": 19,
            "no_price": 81,
            "taker_side": "no"
        },
        {
            "trade_id": "2f8ac71d-cc00-46fc-8160-9153bb9e9304",
            "ticker": "KXHIGHMIA-25FEB28-B78.5",
            "count": 2,
            "created_time": "2025-02-28T14:31:51.152919Z",
            "yes_price": 24,
            "no_price": 76,
            "taker_side": "yes"
        },
        {
            "trade_id": "e5557972-0013-45dc-a21f-22d59ad310c6",
            "ticker": "KXHIGHMIA-25FEB28-B78.5",
            "count": 1,
            "created_time": "2025-02-28T14:31:50.842423Z",
            "yes_price": 24,
            "no_price": 76,
            "taker_side": "yes"
        },
        {
            "trade_id": "c1a370da-9aff-463d-8b98-51054183cd00",
            "ticker": "KXHIGHMIA-25FEB28-B78.5",
            "count": 5,
            "created_time": "2025-02-28T14:31:50.486098Z",
            "yes_price": 24,
            "no_price": 76,
            "taker_side": "yes"
        },
        {
            "trade_id": "76eee072-6d4d-4ba3-ba1d-4e49d3a72d75",
            "ticker": "KXHIGHMIA-25FEB28-B78.5",
            "count": 1,
            "created_time": "2025-02-28T14:31:50.134051Z",
            "yes_price": 24,
            "no_price": 76,
            "taker_side": "yes"
        },
        {
            "trade_id": "819d791f-1cdd-4935-a82a-b7146b9011fa",
            "ticker": "KXHIGHMIA-25FEB28-B78.5",
            "count": 5,
            "created_time": "2025-02-28T14:31:49.432967Z",
            "yes_price": 20,
            "no_price": 80,
            "taker_side": "no"
        },
        {
            "trade_id": "04ed7874-c3eb-468a-80c7-8ed85df9e8c4",
            "ticker": "KXHIGHMIA-25FEB28-B78.5",
            "count": 1,
            "created_time": "2025-02-28T14:31:49.141252Z",
            "yes_price": 20,
            "no_price": 80,
            "taker_side": "no"
        },
        {
            "trade_id": "a457c0e1-ce4c-4b19-9cbe-47a0d9e62602",
            "ticker": "KXHIGHMIA-25FEB28-B78.5",
            "count": 29,
            "created_time": "2025-02-28T14:31:48.843013Z",
            "yes_price": 20,
            "no_price": 80,
            "taker_side": "no"
        },
        {
            "trade_id": "27e9fbd5-26a5-4456-8f08-22110d3574b7",
            "ticker": "KXHIGHMIA-25FEB28-B78.5",
            "count": 4,
            "created_time": "2025-02-28T14:30:18.58678Z",
            "yes_price": 24,
            "no_price": 76,
            "taker_side": "yes"
        },
        {
            "trade_id": "fba50bdf-05e1-481f-bf9b-81a3ae6f444a",
            "ticker": "KXHIGHMIA-25FEB28-B78.5",
            "count": 50,
            "created_time": "2025-02-28T14:29:01.58989Z",
            "yes_price": 22,
            "no_price": 78,
            "taker_side": "yes"
        },
        {
            "trade_id": "f0607807-5b5b-4ee3-80cb-d5b52068a46a",
            "ticker": "KXHIGHMIA-25FEB28-B78.5",
            "count": 110,
            "created_time": "2025-02-28T14:29:01.58989Z",
            "yes_price": 24,
            "no_price": 76,
            "taker_side": "yes"
        },
        {
            "trade_id": "0d99d68d-cdf6-4120-96ba-4b4d24474565",
            "ticker": "KXHIGHMIA-25FEB28-B78.5",
            "count": 45,
            "created_time": "2025-02-28T14:29:01.58989Z",
            "yes_price": 22,
            "no_price": 78,
            "taker_side": "yes"
        },
        {
            "trade_id": "f291f9ea-ef56-41e6-8355-a056b2726e84",
            "ticker": "KXHIGHMIA-25FEB28-B78.5",
            "count": 8,
            "created_time": "2025-02-28T14:26:01.050013Z",
            "yes_price": 20,
            "no_price": 80,
            "taker_side": "no"
        },
        {
            "trade_id": "de2fee80-9760-4f03-814e-7d002bcc43ed",
            "ticker": "KXHIGHMIA-25FEB28-B78.5",
            "count": 44,
            "created_time": "2025-02-28T14:25:52.337223Z",
            "yes_price": 20,
            "no_price": 80,
            "taker_side": "no"
        },
        {
            "trade_id": "abd7a2ef-64c0-483d-b08b-2d966325c530",
            "ticker": "KXHIGHMIA-25FEB28-B78.5",
            "count": 1,
            "created_time": "2025-02-28T14:25:52.337223Z",
            "yes_price": 20,
            "no_price": 80,
            "taker_side": "no"
        },
        {
            "trade_id": "924fe6f9-376a-4426-a44d-f8c1044a46f2",
            "ticker": "KXHIGHMIA-25FEB28-B78.5",
            "count": 17,
            "created_time": "2025-02-28T14:25:52.337223Z",
            "yes_price": 20,
            "no_price": 80,
            "taker_side": "no"
        },
        {
            "trade_id": "79cbbee1-d75f-4ce9-824b-5d52fd67702c",
            "ticker": "KXHIGHMIA-25FEB28-B78.5",
            "count": 38,
            "created_time": "2025-02-28T14:25:41.043187Z",
            "yes_price": 21,
            "no_price": 79,
            "taker_side": "no"
        },
        {
            "trade_id": "020f73ee-f847-4cb9-9f4f-d4023f0f0324",
            "ticker": "KXHIGHMIA-25FEB28-B78.5",
            "count": 3,
            "created_time": "2025-02-28T14:22:39.877207Z",
            "yes_price": 21,
            "no_price": 79,
            "taker_side": "no"
        },
        {
            "trade_id": "e36e29c8-b239-4031-83dd-472544808132",
            "ticker": "KXHIGHMIA-25FEB28-B78.5",
            "count": 53,
            "created_time": "2025-02-28T14:12:14.563451Z",
            "yes_price": 25,
            "no_price": 75,
            "taker_side": "yes"
        },
        {
            "trade_id": "4cd8121a-49fe-489d-be94-2aca7664e867",
            "ticker": "KXHIGHMIA-25FEB28-B78.5",
            "count": 22,
            "created_time": "2025-02-28T14:12:14.563451Z",
            "yes_price": 26,
            "no_price": 74,
            "taker_side": "yes"
        },
        {
            "trade_id": "e2d8359b-4ef2-4d86-9533-5ab2e2ea8262",
            "ticker": "KXHIGHMIA-25FEB28-B78.5",
            "count": 4,
            "created_time": "2025-02-28T13:40:01.016108Z",
            "yes_price": 20,
            "no_price": 80,
            "taker_side": "no"
        },
        {
            "trade_id": "65cd06d4-76d9-49e7-bb64-a2947befce2e",
            "ticker": "KXHIGHMIA-25FEB28-B78.5",
            "count": 19,
            "created_time": "2025-02-28T13:40:01.016108Z",
            "yes_price": 21,
            "no_price": 79,
            "taker_side": "no"
        },
        {
            "trade_id": "c814f5de-6bca-4072-ba64-660d8cacd158",
            "ticker": "KXHIGHMIA-25FEB28-B78.5",
            "count": 1,
            "created_time": "2025-02-28T13:26:23.053273Z",
            "yes_price": 20,
            "no_price": 80,
            "taker_side": "no"
        },
        {
            "trade_id": "27da736b-11e3-437a-9684-7cd33fcff66e",
            "ticker": "KXHIGHMIA-25FEB28-B78.5",
            "count": 12,
            "created_time": "2025-02-28T13:06:24.062031Z",
            "yes_price": 23,
            "no_price": 77,
            "taker_side": "yes"
        },
        {
            "trade_id": "665e2586-e880-4471-8765-802726cb7bc9",
            "ticker": "KXHIGHMIA-25FEB28-B78.5",
            "count": 20,
            "created_time": "2025-02-28T13:06:06.420949Z",
            "yes_price": 23,
            "no_price": 77,
            "taker_side": "yes"
        },
        {
            "trade_id": "b0d1a361-8e54-43cb-a7bf-28f3a121f415",
            "ticker": "KXHIGHMIA-25FEB28-B78.5",
            "count": 43,
            "created_time": "2025-02-28T13:05:52.010634Z",
            "yes_price": 22,
            "no_price": 78,
            "taker_side": "yes"
        },
        {
            "trade_id": "1963e5ba-6444-42a7-8b64-e3f71cf3850a",
            "ticker": "KXHIGHMIA-25FEB28-B78.5",
            "count": 59,
            "created_time": "2025-02-28T13:05:52.010634Z",
            "yes_price": 24,
            "no_price": 76,
            "taker_side": "yes"
        },
        {
            "trade_id": "c96d417d-84e2-46df-a9e4-875a78b5c250",
            "ticker": "KXHIGHMIA-25FEB28-B78.5",
            "count": 16,
            "created_time": "2025-02-28T07:54:36.922663Z",
            "yes_price": 21,
            "no_price": 79,
            "taker_side": "no"
        },
        {
            "trade_id": "a9442747-b8a2-475a-832d-234dfaec4d90",
            "ticker": "KXHIGHMIA-25FEB28-B78.5",
            "count": 44,
            "created_time": "2025-02-28T07:54:36.922663Z",
            "yes_price": 22,
            "no_price": 78,
            "taker_side": "no"
        },
        {
            "trade_id": "8f981a30-2e54-4456-99a1-310c16bb4fa0",
            "ticker": "KXHIGHMIA-25FEB28-B78.5",
            "count": 30,
            "created_time": "2025-02-28T07:42:21.528139Z",
            "yes_price": 22,
            "no_price": 78,
            "taker_side": "yes"
        },
        {
            "trade_id": "07f7853e-2a6c-4e3b-94a3-ff20e55eaa9c",
            "ticker": "KXHIGHMIA-25FEB28-B78.5",
            "count": 2,
            "created_time": "2025-02-28T07:36:27.146463Z",
            "yes_price": 21,
            "no_price": 79,
            "taker_side": "no"
        },
        {
            "trade_id": "3af2c2f3-de92-444d-8137-0d3eaf6ba20d",
            "ticker": "KXHIGHMIA-25FEB28-B78.5",
            "count": 7,
            "created_time": "2025-02-28T07:33:16.951683Z",
            "yes_price": 21,
            "no_price": 79,
            "taker_side": "no"
        },
        {
            "trade_id": "1e360bf4-689f-482c-814f-65b280027ccc",
            "ticker": "KXHIGHMIA-25FEB28-B78.5",
            "count": 34,
            "created_time": "2025-02-28T07:22:32.81867Z",
            "yes_price": 23,
            "no_price": 77,
            "taker_side": "yes"
        },
        {
            "trade_id": "b2d6759d-7c10-4101-b82a-3db437395adc",
            "ticker": "KXHIGHMIA-25FEB28-B78.5",
            "count": 31,
            "created_time": "2025-02-28T07:22:17.393473Z",
            "yes_price": 23,
            "no_price": 77,
            "taker_side": "yes"
        },
        {
            "trade_id": "be324d51-3a18-4aea-9504-6e5cb3d2a8e2",
            "ticker": "KXHIGHMIA-25FEB28-B78.5",
            "count": 27,
            "created_time": "2025-02-28T07:17:26.650399Z",
            "yes_price": 23,
            "no_price": 77,
            "taker_side": "yes"
        },
        {
            "trade_id": "71995970-07c4-4d1b-b938-a27125120575",
            "ticker": "KXHIGHMIA-25FEB28-B78.5",
            "count": 29,
            "created_time": "2025-02-28T06:48:20.769373Z",
            "yes_price": 22,
            "no_price": 78,
            "taker_side": "yes"
        },
        {
            "trade_id": "df7c19d2-0bbe-485f-b878-e342b24e8653",
            "ticker": "KXHIGHMIA-25FEB28-B78.5",
            "count": 25,
            "created_time": "2025-02-28T06:46:24.837489Z",
            "yes_price": 21,
            "no_price": 79,
            "taker_side": "no"
        },
        {
            "trade_id": "23968c8b-f7c7-488d-83e3-4d75153e87ed",
            "ticker": "KXHIGHMIA-25FEB28-B78.5",
            "count": 29,
            "created_time": "2025-02-28T06:46:24.837489Z",
            "yes_price": 21,
            "no_price": 79,
            "taker_side": "no"
        },
        {
            "trade_id": "82e74c59-75ac-42ef-a8fd-11c0824b7b0e",
            "ticker": "KXHIGHMIA-25FEB28-B78.5",
            "count": 73,
            "created_time": "2025-02-28T05:46:26.158024Z",
            "yes_price": 22,
            "no_price": 78,
            "taker_side": "yes"
        },
        {
            "trade_id": "46e1ffc3-6702-4551-b0c7-a4524ef70d92",
            "ticker": "KXHIGHMIA-25FEB28-B78.5",
            "count": 34,
            "created_time": "2025-02-28T05:46:26.158024Z",
            "yes_price": 21,
            "no_price": 79,
            "taker_side": "yes"
        },
        {
            "trade_id": "6d59c5e0-cb4c-410e-80bc-ff0cef884ccf",
            "ticker": "KXHIGHMIA-25FEB28-B78.5",
            "count": 3,
            "created_time": "2025-02-28T05:22:47.782943Z",
            "yes_price": 25,
            "no_price": 75,
            "taker_side": "yes"
        },
        {
            "trade_id": "f46e32c1-265d-4e9f-82b9-3fcd5ca6cb0f",
            "ticker": "KXHIGHMIA-25FEB28-B78.5",
            "count": 41,
            "created_time": "2025-02-28T05:06:12.610283Z",
            "yes_price": 24,
            "no_price": 76,
            "taker_side": "yes"
        },
        {
