{
    "KXHIGHMIA-25MAR19-T76": [
        {
            "trade_id": "383c6e39-78a2-4828-b4b2-3cdb8fc84d13",
            "ticker": "KXHIGHMIA-25MAR19-T76",
            "count": 99,
            "created_time": "2025-03-19T14:12:00.447667Z",
            "yes_price": 1,
            "no_price": 99,
            "taker_side": "yes"
        }
    ],
    "KXHIGHMIA-25MAR19-B76.5": [
        {
            "trade_id": "457147a1-82a8-4937-92fd-d4d0e7433be1",
            "ticker": "KXHIGHMIA-25MAR19-B76.5",
            "count": 99,
            "created_time": "2025-03-19T14:11:36.153503Z",
            "yes_price": 2,
            "no_price": 98,
            "taker_side": "yes"
        },
        {
            "trade_id": "bce04c6f-9265-4c5b-a91c-30d249c8bcd6",
            "ticker": "KXHIGHMIA-25MAR19-B76.5",
            "count": 1498,
            "created_time": "2025-03-19T12:04:37.187391Z",
            "yes_price": 1,
            "no_price": 99,
            "taker_side": "no"
        },
        {
            "trade_id": "35d6c14d-b81f-4770-a167-11f5b85f69b4",
            "ticker": "KXHIGHMIA-25MAR19-B76.5",
            "count": 300,
            "created_time": "2025-03-19T12:04:37.187391Z",
            "yes_price": 1,
            "no_price": 99,
            "taker_side": "no"
        },
        {
            "trade_id": "433bdb54-6b3a-4bb1-bd67-f4fa0c953c8e",
            "ticker": "KXHIGHMIA-25MAR19-B76.5",
            "count": 25,
            "created_time": "2025-03-19T05:24:56.066801Z",
            "yes_price": 2,
            "no_price": 98,
            "taker_side": "yes"
        },
        {
            "trade_id": "3dca6e3b-c449-48df-977d-93c630b4afaa",
            "ticker": "KXHIGHMIA-25MAR19-B76.5",
            "count": 24,
            "created_time": "2025-03-19T05:24:56.066801Z",
            "yes_price": 5,
            "no_price": 95,
            "taker_side": "yes"
        },
        {
            "trade_id": "2d17699c-6b91-4eda-a4bf-16eca84f8a8f",
            "ticker": "KXHIGHMIA-25MAR19-B76.5",
            "count": 5,
            "created_time": "2025-03-19T05:24:56.066801Z",
            "yes_price": 4,
            "no_price": 96,
            "taker_side": "yes"
        },
        {
            "trade_id": "1573cb4e-99de-4033-8153-55d24b9560e7",
            "ticker": "KXHIGHMIA-25MAR19-B76.5",
            "count": 152,
            "created_time": "2025-03-19T04:07:25.607109Z",
            "yes_price": 1,
            "no_price": 99,
            "taker_side": "no"
        },
        {
            "trade_id": "ebc39d6d-abd3-4800-aab4-8fd081858fdd",
            "ticker": "KXHIGHMIA-25MAR19-B76.5",
            "count": 8,
            "created_time": "2025-03-19T03:39:38.235774Z",
            "yes_price": 1,
            "no_price": 99,
            "taker_side": "no"
        },
        {
            "trade_id": "4d2d2051-5cd0-4000-a141-0098329b9ba8",
            "ticker": "KXHIGHMIA-25MAR19-B76.5",
            "count": 200,
            "created_time": "2025-03-19T03:23:52.533582Z",
            "yes_price": 2,
            "no_price": 98,
            "taker_side": "yes"
        },
        {
            "trade_id": "6a765168-7a1f-4fe6-b557-8d38d0149d8e",
            "ticker": "KXHIGHMIA-25MAR19-B76.5",
            "count": 100,
            "created_time": "2025-03-19T02:07:34.917605Z",
            "yes_price": 1,
            "no_price": 99,
            "taker_side": "no"
        },
        {
            "trade_id": "9e57bc0b-0f40-43b6-8c92-c5021e0e8b25",
            "ticker": "KXHIGHMIA-25MAR19-B76.5",
            "count": 12,
            "created_time": "2025-03-19T01:55:31.952141Z",
            "yes_price": 1,
            "no_price": 99,
            "taker_side": "no"
        },
        {
            "trade_id": "e8d99434-95bf-4a99-9fdc-8586628bbc1c",
            "ticker": "KXHIGHMIA-25MAR19-B76.5",
            "count": 5,
            "created_time": "2025-03-19T01:33:52.547353Z",
            "yes_price": 1,
            "no_price": 99,
            "taker_side": "no"
        },
        {
            "trade_id": "b1a858ff-2ffe-4f90-971d-36a37352a98d",
            "ticker": "KXHIGHMIA-25MAR19-B76.5",
            "count": 85,
            "created_time": "2025-03-19T01:13:24.212929Z",
            "yes_price": 1,
            "no_price": 99,
            "taker_side": "no"
        },
        {
            "trade_id": "8edd6a64-19a1-4155-81eb-7d43862d0a08",
            "ticker": "KXHIGHMIA-25MAR19-B76.5",
            "count": 28,
            "created_time": "2025-03-19T00:59:30.119744Z",
            "yes_price": 1,
            "no_price": 99,
            "taker_side": "no"
        },
        {
            "trade_id": "5d67403b-cc2b-4844-9456-3066a2fe59fb",
            "ticker": "KXHIGHMIA-25MAR19-B76.5",
            "count": 14,
            "created_time": "2025-03-19T00:59:30.101848Z",
            "yes_price": 1,
            "no_price": 99,
            "taker_side": "no"
        },
        {
            "trade_id": "469d302b-2e87-414a-8edb-86aa406d0895",
            "ticker": "KXHIGHMIA-25MAR19-B76.5",
            "count": 598,
            "created_time": "2025-03-19T00:56:53.415568Z",
            "yes_price": 1,
            "no_price": 99,
            "taker_side": "yes"
        },
        {
            "trade_id": "bfc4a58d-320d-42af-8eae-7e570ca7ca1e",
            "ticker": "KXHIGHMIA-25MAR19-B76.5",
            "count": 102,
            "created_time": "2025-03-18T22:44:26.826102Z",
            "yes_price": 1,
            "no_price": 99,
            "taker_side": "yes"
        }
    ],
    "KXHIGHMIA-25MAR19-B78.5": [
        {
            "trade_id": "53e3cc42-6a45-45d8-b3c9-ddcd429fb0a1",
            "ticker": "KXHIGHMIA-25MAR19-B78.5",
            "count": 99,
            "created_time": "2025-03-19T18:41:39.601663Z",
            "yes_price": 1,
            "no_price": 99,
            "taker_side": "yes"
        },
        {
            "trade_id": "7e2a9028-f76d-4711-8239-d74d05d53d9b",
            "ticker": "KXHIGHMIA-25MAR19-B78.5",
            "count": 99,
            "created_time": "2025-03-19T18:41:11.375133Z",
            "yes_price": 1,
            "no_price": 99,
            "taker_side": "yes"
        },
        {
            "trade_id": "af084a07-9c5f-46c2-bd8f-070fab4b35b9",
            "ticker": "KXHIGHMIA-25MAR19-B78.5",
            "count": 100,
            "created_time": "2025-03-19T18:38:00.041961Z",
            "yes_price": 1,
            "no_price": 99,
            "taker_side": "yes"
        },
        {
            "trade_id": "bd5a1b85-2a46-47eb-a4b8-8824c0233ed5",
            "ticker": "KXHIGHMIA-25MAR19-B78.5",
            "count": 966,
            "created_time": "2025-03-19T18:24:16.087627Z",
            "yes_price": 1,
            "no_price": 99,
            "taker_side": "yes"
        },
        {
            "trade_id": "5703e6a5-47b4-4a7d-a197-3d872fd65eb0",
            "ticker": "KXHIGHMIA-25MAR19-B78.5",
            "count": 546,
            "created_time": "2025-03-19T18:18:13.608947Z",
            "yes_price": 1,
            "no_price": 99,
            "taker_side": "yes"
        },
        {
            "trade_id": "db8feb57-7574-4864-814c-a166aa5ac728",
            "ticker": "KXHIGHMIA-25MAR19-B78.5",
            "count": 2,
            "created_time": "2025-03-19T18:16:42.677823Z",
            "yes_price": 1,
            "no_price": 99,
            "taker_side": "yes"
        },
        {
            "trade_id": "f34dec1c-ab17-4723-a3f6-4667afb049a4",
            "ticker": "KXHIGHMIA-25MAR19-B78.5",
            "count": 3,
            "created_time": "2025-03-19T18:12:39.251819Z",
            "yes_price": 1,
            "no_price": 99,
            "taker_side": "yes"
        },
        {
            "trade_id": "79f39dd8-690e-4869-923d-2de38f5fac51",
            "ticker": "KXHIGHMIA-25MAR19-B78.5",
            "count": 1053,
            "created_time": "2025-03-19T18:12:39.251819Z",
            "yes_price": 1,
            "no_price": 99,
            "taker_side": "yes"
        },
        {
            "trade_id": "6a6fb73a-6084-4467-83c1-ae7468bc3b2a",
            "ticker": "KXHIGHMIA-25MAR19-B78.5",
            "count": 4735,
            "created_time": "2025-03-19T18:09:31.71506Z",
            "yes_price": 1,
            "no_price": 99,
            "taker_side": "yes"
        },
        {
            "trade_id": "fa41617f-d814-4778-b487-3b775c5ad797",
            "ticker": "KXHIGHMIA-25MAR19-B78.5",
            "count": 200,
            "created_time": "2025-03-19T18:08:04.558547Z",
            "yes_price": 1,
            "no_price": 99,
            "taker_side": "no"
        },
        {
            "trade_id": "904a990f-fb21-49c7-8c81-b7e9779f4086",
            "ticker": "KXHIGHMIA-25MAR19-B78.5",
            "count": 50,
            "created_time": "2025-03-19T18:08:04.558547Z",
            "yes_price": 1,
            "no_price": 99,
            "taker_side": "no"
        },
        {
            "trade_id": "72b7dc93-4a98-456c-9166-df904b7ecb43",
            "ticker": "KXHIGHMIA-25MAR19-B78.5",
            "count": 100,
            "created_time": "2025-03-19T18:08:04.558547Z",
            "yes_price": 1,
            "no_price": 99,
            "taker_side": "no"
        },
        {
            "trade_id": "02163612-f142-4571-88cd-d624d4180c3a",
            "ticker": "KXHIGHMIA-25MAR19-B78.5",
            "count": 139,
            "created_time": "2025-03-19T18:08:04.558547Z",
            "yes_price": 2,
            "no_price": 98,
            "taker_side": "no"
        },
        {
            "trade_id": "c18f04e2-9949-4c67-a551-150790cc8c6d",
            "ticker": "KXHIGHMIA-25MAR19-B78.5",
            "count": 3,
            "created_time": "2025-03-19T18:03:35.817292Z",
            "yes_price": 3,
            "no_price": 97,
            "taker_side": "no"
        },
        {
            "trade_id": "2aa35fba-a7e2-452f-a63a-1859b049020c",
            "ticker": "KXHIGHMIA-25MAR19-B78.5",
            "count": 20,
            "created_time": "2025-03-19T18:03:35.817292Z",
            "yes_price": 6,
            "no_price": 94,
            "taker_side": "no"
        },
        {
            "trade_id": "c2b0ba05-30a7-4b0b-bb27-cf09fc11229e",
            "ticker": "KXHIGHMIA-25MAR19-B78.5",
            "count": 10,
            "created_time": "2025-03-19T17:44:45.427919Z",
            "yes_price": 10,
            "no_price": 90,
            "taker_side": "yes"
        },
        {
            "trade_id": "6623572e-3960-4f51-91ba-33b24442c10d",
            "ticker": "KXHIGHMIA-25MAR19-B78.5",
            "count": 48,
            "created_time": "2025-03-19T17:36:38.612111Z",
            "yes_price": 10,
            "no_price": 90,
            "taker_side": "yes"
        },
        {
            "trade_id": "46eb0e32-84cf-41aa-9735-3bc87abc1c95",
            "ticker": "KXHIGHMIA-25MAR19-B78.5",
            "count": 5,
            "created_time": "2025-03-19T17:36:03.190637Z",
            "yes_price": 10,
            "no_price": 90,
            "taker_side": "yes"
        },
        {
            "trade_id": "93e56478-5d22-4d8e-ae6b-660e03ad1852",
            "ticker": "KXHIGHMIA-25MAR19-B78.5",
            "count": 5,
            "created_time": "2025-03-19T17:35:37.699058Z",
            "yes_price": 9,
            "no_price": 91,
            "taker_side": "yes"
        },
        {
            "trade_id": "8205aad0-7287-4aae-93ff-aba8e6b7d06d",
            "ticker": "KXHIGHMIA-25MAR19-B78.5",
            "count": 15,
            "created_time": "2025-03-19T17:35:20.613601Z",
            "yes_price": 9,
            "no_price": 91,
            "taker_side": "yes"
        },
        {
            "trade_id": "f53158a7-fdd9-4a96-9d93-6f3c55869bb7",
            "ticker": "KXHIGHMIA-25MAR19-B78.5",
            "count": 10,
            "created_time": "2025-03-19T17:34:21.580795Z",
            "yes_price": 9,
            "no_price": 91,
            "taker_side": "yes"
        },
        {
            "trade_id": "dbd05c7c-0dbe-493d-a9ab-84cbb95da527",
            "ticker": "KXHIGHMIA-25MAR19-B78.5",
            "count": 10,
            "created_time": "2025-03-19T17:29:06.259456Z",
            "yes_price": 10,
            "no_price": 90,
            "taker_side": "yes"
        },
        {
            "trade_id": "7fa0df2c-1cea-4d3b-b122-fbc04bab4048",
            "ticker": "KXHIGHMIA-25MAR19-B78.5",
            "count": 10,
            "created_time": "2025-03-19T17:24:48.802697Z",
            "yes_price": 9,
            "no_price": 91,
            "taker_side": "yes"
        },
        {
            "trade_id": "998d1015-b20a-492c-8ed2-0de0c330eef0",
            "ticker": "KXHIGHMIA-25MAR19-B78.5",
            "count": 286,
            "created_time": "2025-03-19T17:04:23.791969Z",
            "yes_price": 9,
            "no_price": 91,
            "taker_side": "yes"
        },
        {
            "trade_id": "2daa215f-cc52-4191-98ad-785257ebc4df",
            "ticker": "KXHIGHMIA-25MAR19-B78.5",
            "count": 53,
            "created_time": "2025-03-19T17:00:09.502348Z",
            "yes_price": 9,
            "no_price": 91,
            "taker_side": "yes"
        },
        {
            "trade_id": "1a43aa4f-b525-4ac2-b9b1-2cc69376a8db",
            "ticker": "KXHIGHMIA-25MAR19-B78.5",
            "count": 48,
            "created_time": "2025-03-19T16:56:17.656321Z",
            "yes_price": 10,
            "no_price": 90,
            "taker_side": "yes"
        },
        {
            "trade_id": "bdd07c91-3dbe-4f95-9339-12b157f5d6d6",
            "ticker": "KXHIGHMIA-25MAR19-B78.5",
            "count": 151,
            "created_time": "2025-03-19T16:55:09.476257Z",
            "yes_price": 2,
            "no_price": 98,
            "taker_side": "no"
        },
        {
            "trade_id": "ce5fac59-badf-4cf2-98e9-4f66d3a7a7eb",
            "ticker": "KXHIGHMIA-25MAR19-B78.5",
            "count": 10,
            "created_time": "2025-03-19T16:46:52.939638Z",
            "yes_price": 2,
            "no_price": 98,
            "taker_side": "no"
        },
        {
            "trade_id": "9b1f74a5-8c1d-470a-b51e-ef5dcbdbeb87",
            "ticker": "KXHIGHMIA-25MAR19-B78.5",
            "count": 44,
            "created_time": "2025-03-19T16:38:25.714177Z",
            "yes_price": 11,
            "no_price": 89,
            "taker_side": "yes"
        },
        {
            "trade_id": "c163d6f3-5fe4-49ef-9f5f-4997db709d8b",
            "ticker": "KXHIGHMIA-25MAR19-B78.5",
            "count": 48,
            "created_time": "2025-03-19T16:24:09.598764Z",
            "yes_price": 11,
            "no_price": 89,
            "taker_side": "yes"
        },
        {
            "trade_id": "b1863e0f-45b6-496f-99b9-8ce5e06bc78a",
            "ticker": "KXHIGHMIA-25MAR19-B78.5",
            "count": 35,
            "created_time": "2025-03-19T16:24:09.598764Z",
            "yes_price": 11,
            "no_price": 89,
            "taker_side": "yes"
        },
        {
            "trade_id": "7284dcc3-befa-46ad-b95b-8bada8a21c3d",
            "ticker": "KXHIGHMIA-25MAR19-B78.5",
            "count": 5,
            "created_time": "2025-03-19T16:24:09.598764Z",
            "yes_price": 4,
            "no_price": 96,
            "taker_side": "yes"
        },
        {
            "trade_id": "709d39a3-157d-4c61-bcac-81119c0d5227",
            "ticker": "KXHIGHMIA-25MAR19-B78.5",
            "count": 3,
            "created_time": "2025-03-19T16:24:09.598764Z",
            "yes_price": 10,
            "no_price": 90,
            "taker_side": "yes"
        },
        {
            "trade_id": "c4607bb0-7596-42dc-882f-0dd99954538a",
            "ticker": "KXHIGHMIA-25MAR19-B78.5",
            "count": 16,
            "created_time": "2025-03-19T16:07:28.015746Z",
            "yes_price": 7,
            "no_price": 93,
            "taker_side": "no"
        },
        {
            "trade_id": "92b6e011-51a9-446e-9fff-05f7273d1e55",
            "ticker": "KXHIGHMIA-25MAR19-B78.5",
            "count": 3,
            "created_time": "2025-03-19T16:07:28.015746Z",
            "yes_price": 3,
            "no_price": 97,
            "taker_side": "no"
        },
        {
            "trade_id": "8b506fcb-2cfe-40e3-9890-812f96ed4749",
            "ticker": "KXHIGHMIA-25MAR19-B78.5",
            "count": 77,
            "created_time": "2025-03-19T16:07:28.015746Z",
            "yes_price": 2,
            "no_price": 98,
            "taker_side": "no"
        },
        {
            "trade_id": "62e56948-eefe-4ec0-8cac-5b610767c882",
            "ticker": "KXHIGHMIA-25MAR19-B78.5",
            "count": 2,
            "created_time": "2025-03-19T15:59:57.767614Z",
            "yes_price": 5,
            "no_price": 95,
            "taker_side": "no"
        },
        {
            "trade_id": "7407fd54-30d4-429e-a543-1027ac4af6b4",
            "ticker": "KXHIGHMIA-25MAR19-B78.5",
            "count": 40,
            "created_time": "2025-03-19T15:57:37.567962Z",
            "yes_price": 11,
            "no_price": 89,
            "taker_side": "yes"
        },
        {
            "trade_id": "5fe4253b-da28-44c8-b2e2-8738f27cb70b",
            "ticker": "KXHIGHMIA-25MAR19-B78.5",
            "count": 1,
            "created_time": "2025-03-19T15:57:37.567962Z",
            "yes_price": 10,
            "no_price": 90,
            "taker_side": "yes"
        },
        {
            "trade_id": "80f654e2-ffc6-42d7-87da-38dd5f666259",
            "ticker": "KXHIGHMIA-25MAR19-B78.5",
            "count": 2,
            "created_time": "2025-03-19T15:55:11.174161Z",
            "yes_price": 5,
            "no_price": 95,
            "taker_side": "no"
        },
        {
            "trade_id": "c9a61004-c411-4525-9a8d-4df278e7cb38",
            "ticker": "KXHIGHMIA-25MAR19-B78.5",
            "count": 180,
            "created_time": "2025-03-19T14:41:11.840576Z",
            "yes_price": 3,
            "no_price": 97,
            "taker_side": "no"
        },
        {
            "trade_id": "ebfcb5ed-12e9-4bf8-89e6-3cb4253a47f3",
            "ticker": "KXHIGHMIA-25MAR19-B78.5",
            "count": 20,
            "created_time": "2025-03-19T14:30:31.091082Z",
            "yes_price": 3,
            "no_price": 97,
            "taker_side": "no"
        },
        {
            "trade_id": "56be3353-f159-4bfb-8d06-a08863651a98",
            "ticker": "KXHIGHMIA-25MAR19-B78.5",
            "count": 2,
            "created_time": "2025-03-19T14:24:48.493368Z",
            "yes_price": 5,
            "no_price": 95,
            "taker_side": "yes"
        },
        {
            "trade_id": "2f901cfe-5b72-4a0e-8904-d84cbe20f3c7",
            "ticker": "KXHIGHMIA-25MAR19-B78.5",
            "count": 1,
            "created_time": "2025-03-19T14:21:54.214748Z",
            "yes_price": 5,
            "no_price": 95,
            "taker_side": "yes"
        },
        {
            "trade_id": "9c7d3a51-f526-428d-9153-342e824ccb61",
            "ticker": "KXHIGHMIA-25MAR19-B78.5",
            "count": 8,
            "created_time": "2025-03-19T14:21:41.013598Z",
            "yes_price": 5,
            "no_price": 95,
            "taker_side": "yes"
        },
        {
            "trade_id": "5e1a8de2-3d02-4a1c-a3ff-9cd784aaab64",
            "ticker": "KXHIGHMIA-25MAR19-B78.5",
            "count": 72,
            "created_time": "2025-03-19T14:17:11.383856Z",
            "yes_price": 5,
            "no_price": 95,
            "taker_side": "yes"
        },
        {
            "trade_id": "1c2bbd68-9aa7-4b95-9ae8-48e592cf81ac",
            "ticker": "KXHIGHMIA-25MAR19-B78.5",
            "count": 11,
            "created_time": "2025-03-19T14:17:11.383856Z",
            "yes_price": 5,
            "no_price": 95,
            "taker_side": "yes"
        },
        {
            "trade_id": "d2889440-bb69-408c-bee1-d3c76e2e76d2",
            "ticker": "KXHIGHMIA-25MAR19-B78.5",
            "count": 31,
            "created_time": "2025-03-19T14:13:41.859063Z",
            "yes_price": 5,
            "no_price": 95,
            "taker_side": "yes"
        },
        {
            "trade_id": "34225f48-2993-47d8-83d7-e70d533baf06",
            "ticker": "KXHIGHMIA-25MAR19-B78.5",
            "count": 85,
            "created_time": "2025-03-19T14:13:41.859063Z",
            "yes_price": 5,
            "no_price": 95,
            "taker_side": "yes"
        },
        {
            "trade_id": "ee6fdcd8-2656-47d1-946d-5bce5b7f2788",
            "ticker": "KXHIGHMIA-25MAR19-B78.5",
            "count": 43,
            "created_time": "2025-03-19T14:03:45.420565Z",
            "yes_price": 5,
            "no_price": 95,
            "taker_side": "yes"
        },
        {
            "trade_id": "be9ddab9-61e9-49dc-a6f2-88b0599a8211",
            "ticker": "KXHIGHMIA-25MAR19-B78.5",
            "count": 118,
            "created_time": "2025-03-19T14:03:35.218971Z",
            "yes_price": 5,
            "no_price": 95,
            "taker_side": "no"
        },
        {
            "trade_id": "0a6f9956-3e55-42d7-ac37-8c14592f5e99",
            "ticker": "KXHIGHMIA-25MAR19-B78.5",
            "count": 86,
            "created_time": "2025-03-19T14:02:32.060329Z",
            "yes_price": 6,
            "no_price": 94,
            "taker_side": "no"
        },
        {
            "trade_id": "b70d46f8-f256-473e-9134-affa53f65494",
            "ticker": "KXHIGHMIA-25MAR19-B78.5",
            "count": 151,
            "created_time": "2025-03-19T14:01:39.246283Z",
            "yes_price": 6,
            "no_price": 94,
            "taker_side": "no"
        },
        {
            "trade_id": "b36d31e3-9f01-4bdb-b4e1-f3fd8eed85dd",
            "ticker": "KXHIGHMIA-25MAR19-B78.5",
            "count": 1,
            "created_time": "2025-03-19T14:00:36.69325Z",
            "yes_price": 8,
            "no_price": 92,
            "taker_side": "yes"
        },
        {
            "trade_id": "fcca6f77-fd15-49a4-8268-065e388edb24",
            "ticker": "KXHIGHMIA-25MAR19-B78.5",
            "count": 70,
            "created_time": "2025-03-19T13:59:47.813794Z",
            "yes_price": 8,
            "no_price": 92,
            "taker_side": "yes"
        },
        {
            "trade_id": "85709dd3-20dd-431b-9f67-e41ae38ba6f6",
            "ticker": "KXHIGHMIA-25MAR19-B78.5",
            "count": 12,
            "created_time": "2025-03-19T13:58:30.511839Z",
            "yes_price": 8,
            "no_price": 92,
            "taker_side": "yes"
        },
        {
            "trade_id": "333adb37-e918-4e07-92ce-178d95deb4df",
            "ticker": "KXHIGHMIA-25MAR19-B78.5",
            "count": 9,
            "created_time": "2025-03-19T13:57:34.930779Z",
            "yes_price": 8,
            "no_price": 92,
            "taker_side": "yes"
        },
        {
            "trade_id": "6eaaedb0-de17-4640-a4b0-d508ff2ef487",
            "ticker": "KXHIGHMIA-25MAR19-B78.5",
            "count": 107,
            "created_time": "2025-03-19T13:54:46.490027Z",
            "yes_price": 8,
            "no_price": 92,
            "taker_side": "yes"
        },
        {
            "trade_id": "90d835ae-e9f5-4188-baad-d50360078b04",
            "ticker": "KXHIGHMIA-25MAR19-B78.5",
            "count": 4,
            "created_time": "2025-03-19T13:52:49.711394Z",
            "yes_price": 9,
            "no_price": 91,
            "taker_side": "no"
        },
        {
            "trade_id": "f86982d9-62a7-4e48-9607-3cc6f718170f",
            "ticker": "KXHIGHMIA-25MAR19-B78.5",
            "count": 1,
            "created_time": "2025-03-19T13:50:14.45049Z",
            "yes_price": 9,
            "no_price": 91,
            "taker_side": "no"
        },
        {
            "trade_id": "48f31f8a-158a-425f-90ef-01c0222af55c",
            "ticker": "KXHIGHMIA-25MAR19-B78.5",
            "count": 30,
            "created_time": "2025-03-19T13:50:14.45049Z",
            "yes_price": 9,
            "no_price": 91,
            "taker_side": "no"
        },
        {
            "trade_id": "15548a99-ee5d-4f57-be13-d2601d90320e",
            "ticker": "KXHIGHMIA-25MAR19-B78.5",
            "count": 51,
            "created_time": "2025-03-19T13:50:14.45049Z",
            "yes_price": 9,
            "no_price": 91,
            "taker_side": "no"
        },
        {
            "trade_id": "079f5460-bdf4-4c06-80ab-6258fbd7e570",
            "ticker": "KXHIGHMIA-25MAR19-B78.5",
            "count": 9,
            "created_time": "2025-03-19T13:45:58.349118Z",
            "yes_price": 10,
            "no_price": 90,
            "taker_side": "yes"
        },
        {
            "trade_id": "2e892252-771b-40a1-9de5-6bf72b5e914c",
            "ticker": "KXHIGHMIA-25MAR19-B78.5",
            "count": 19,
            "created_time": "2025-03-19T12:36:43.630889Z",
            "yes_price": 12,
            "no_price": 88,
            "taker_side": "yes"
        },
        {
            "trade_id": "dd244b59-caf8-49b7-81f3-3903f7258362",
            "ticker": "KXHIGHMIA-25MAR19-B78.5",
            "count": 19,
            "created_time": "2025-03-19T12:36:33.536675Z",
            "yes_price": 3,
            "no_price": 97,
            "taker_side": "no"
        },
        {
            "trade_id": "da442992-3a1a-4b88-bea7-4e72d8246ce7",
            "ticker": "KXHIGHMIA-25MAR19-B78.5",
            "count": 20,
            "created_time": "2025-03-19T12:36:33.536675Z",
            "yes_price": 12,
            "no_price": 88,
            "taker_side": "no"
        },
        {
            "trade_id": "4c4c3abe-c32c-41db-b7b0-0a356ecc58d4",
            "ticker": "KXHIGHMIA-25MAR19-B78.5",
            "count": 240,
            "created_time": "2025-03-19T12:36:33.536675Z",
            "yes_price": 10,
            "no_price": 90,
            "taker_side": "no"
        },
        {
            "trade_id": "49ac1b3b-91e5-4187-8bdc-376aa8207684",
            "ticker": "KXHIGHMIA-25MAR19-B78.5",
            "count": 19,
            "created_time": "2025-03-19T12:36:33.536675Z",
            "yes_price": 4,
            "no_price": 96,
            "taker_side": "no"
        },
        {
            "trade_id": "487dcd42-7d41-48ed-83d3-d62b1cacba18",
            "ticker": "KXHIGHMIA-25MAR19-B78.5",
            "count": 8,
            "created_time": "2025-03-19T12:36:33.536675Z",
            "yes_price": 12,
            "no_price": 88,
            "taker_side": "no"
        },
        {
            "trade_id": "20c3ab62-230f-4222-bed9-36e4e312cad9",
            "ticker": "KXHIGHMIA-25MAR19-B78.5",
            "count": 240,
            "created_time": "2025-03-19T12:36:33.536675Z",
            "yes_price": 8,
            "no_price": 92,
            "taker_side": "no"
        },
        {
            "trade_id": "97fc7c6d-c49b-41df-97b0-252d27d51a1e",
            "ticker": "KXHIGHMIA-25MAR19-B78.5",
            "count": 1,
            "created_time": "2025-03-19T12:28:09.852654Z",
            "yes_price": 13,
            "no_price": 87,
            "taker_side": "no"
        },
        {
            "trade_id": "521a9330-c64f-41a3-bc35-626dce3d3b49",
            "ticker": "KXHIGHMIA-25MAR19-B78.5",
            "count": 37,
            "created_time": "2025-03-19T12:28:09.852654Z",
            "yes_price": 11,
            "no_price": 89,
            "taker_side": "no"
        },
        {
            "trade_id": "21384c6b-5be1-476d-86c7-fb1649df500a",
            "ticker": "KXHIGHMIA-25MAR19-B78.5",
            "count": 4,
            "created_time": "2025-03-19T12:28:09.852654Z",
            "yes_price": 13,
            "no_price": 87,
            "taker_side": "no"
        },
        {
            "trade_id": "0b593d6d-1233-4b1a-86a8-1d492103b3a2",
            "ticker": "KXHIGHMIA-25MAR19-B78.5",
            "count": 18,
            "created_time": "2025-03-19T12:28:09.852654Z",
            "yes_price": 13,
            "no_price": 87,
            "taker_side": "no"
        },
        {
            "trade_id": "0a76bd3d-97e7-4c7c-9332-9782d9e5bdd1",
            "ticker": "KXHIGHMIA-25MAR19-B78.5",
            "count": 25,
            "created_time": "2025-03-19T12:24:31.179879Z",
            "yes_price": 13,
            "no_price": 87,
            "taker_side": "yes"
        },
        {
            "trade_id": "ab35f7f5-49f7-475d-85ac-860f1753d386",
            "ticker": "KXHIGHMIA-25MAR19-B78.5",
            "count": 10,
            "created_time": "2025-03-19T12:22:52.846503Z",
            "yes_price": 10,
            "no_price": 90,
            "taker_side": "no"
        },
        {
            "trade_id": "f878b2d5-7a18-4149-97ed-a71d3d8c9e7b",
            "ticker": "KXHIGHMIA-25MAR19-B78.5",
            "count": 200,
            "created_time": "2025-03-19T12:13:10.291981Z",
            "yes_price": 4,
            "no_price": 96,
            "taker_side": "no"
        },
        {
            "trade_id": "3fb182f5-95f6-464d-b94e-2ddedb51e722",
            "ticker": "KXHIGHMIA-25MAR19-B78.5",
            "count": 200,
            "created_time": "2025-03-19T12:13:10.291981Z",
            "yes_price": 4,
            "no_price": 96,
            "taker_side": "no"
        },
        {
            "trade_id": "0ebba3c1-f871-4182-b701-2246271b4d79",
            "ticker": "KXHIGHMIA-25MAR19-B78.5",
            "count": 35,
            "created_time": "2025-03-19T12:13:10.291981Z",
            "yes_price": 4,
            "no_price": 96,
            "taker_side": "no"
        },
        {
            "trade_id": "b2a5a980-518e-48fc-bf3b-02918ba0c260",
            "ticker": "KXHIGHMIA-25MAR19-B78.5",
            "count": 100,
            "created_time": "2025-03-19T12:10:39.805084Z",
            "yes_price": 5,
            "no_price": 95,
            "taker_side": "no"
        },
        {
            "trade_id": "2098b7dd-d11e-4d9c-b09f-e2f9e3b24c4a",
            "ticker": "KXHIGHMIA-25MAR19-B78.5",
            "count": 52,
            "created_time": "2025-03-19T12:10:39.805084Z",
            "yes_price": 5,
            "no_price": 95,
            "taker_side": "no"
        },
        {
            "trade_id": "083bb252-51c6-4d3b-9b19-116f81ada418",
            "ticker": "KXHIGHMIA-25MAR19-B78.5",
            "count": 5,
            "created_time": "2025-03-19T12:10:39.805084Z",
            "yes_price": 5,
            "no_price": 95,
            "taker_side": "no"
        },
        {
            "trade_id": "f3951d0d-95fa-4ff4-ace6-f4fb4774ca02",
            "ticker": "KXHIGHMIA-25MAR19-B78.5",
            "count": 20,
            "created_time": "2025-03-19T12:10:23.06297Z",
            "yes_price": 6,
            "no_price": 94,
            "taker_side": "no"
        },
        {
            "trade_id": "70a43f4c-3381-4ec1-9a1c-8c082daa998a",
            "ticker": "KXHIGHMIA-25MAR19-B78.5",
            "count": 29,
            "created_time": "2025-03-19T12:07:31.255071Z",
            "yes_price": 10,
            "no_price": 90,
            "taker_side": "yes"
        },
        {
            "trade_id": "c1547389-be2b-45ac-8b89-21c6742ce29a",
            "ticker": "KXHIGHMIA-25MAR19-B78.5",
            "count": 57,
            "created_time": "2025-03-19T06:41:52.675726Z",
            "yes_price": 10,
            "no_price": 90,
            "taker_side": "yes"
        },
        {
            "trade_id": "4fa4cfa4-9aeb-4266-8772-d8ddd4e91e14",
            "ticker": "KXHIGHMIA-25MAR19-B78.5",
            "count": 39,
            "created_time": "2025-03-19T06:41:52.675726Z",
            "yes_price": 9,
            "no_price": 91,
            "taker_side": "yes"
        },
        {
            "trade_id": "cd92bc02-a756-43c2-9b8f-92982b0f11c9",
            "ticker": "KXHIGHMIA-25MAR19-B78.5",
            "count": 12,
            "created_time": "2025-03-19T06:27:34.13972Z",
            "yes_price": 8,
            "no_price": 92,
            "taker_side": "no"
        },
        {
            "trade_id": "ff82653f-8c37-41c7-8e75-8e68d7017d02",
            "ticker": "KXHIGHMIA-25MAR19-B78.5",
            "count": 119,
            "created_time": "2025-03-19T05:45:42.790045Z",
            "yes_price": 8,
            "no_price": 92,
            "taker_side": "no"
        },
        {
            "trade_id": "e209bfd0-731c-433e-b45b-2b0ed390d7dd",
            "ticker": "KXHIGHMIA-25MAR19-B78.5",
            "count": 69,
            "created_time": "2025-03-19T05:45:37.232725Z",
            "yes_price": 8,
            "no_price": 92,
            "taker_side": "no"
        },
        {
            "trade_id": "10732be9-a442-423e-a881-25c74621ecea",
            "ticker": "KXHIGHMIA-25MAR19-B78.5",
            "count": 8,
            "created_time": "2025-03-19T05:23:52.930407Z",
            "yes_price": 11,
            "no_price": 89,
            "taker_side": "yes"
        },
        {
            "trade_id": "ff9441ad-8d14-48e2-8508-2d93c4f023bc",
            "ticker": "KXHIGHMIA-25MAR19-B78.5",
            "count": 8,
            "created_time": "2025-03-19T04:24:29.33104Z",
            "yes_price": 12,
            "no_price": 88,
            "taker_side": "yes"
        },
        {
            "trade_id": "05337ac3-2992-42b4-867a-467bb14315d8",
            "ticker": "KXHIGHMIA-25MAR19-B78.5",
            "count": 33,
            "created_time": "2025-03-19T04:15:19.507588Z",
            "yes_price": 10,
            "no_price": 90,
            "taker_side": "no"
        },
        {
            "trade_id": "a0240604-589d-4838-844a-6fb7437ccde3",
            "ticker": "KXHIGHMIA-25MAR19-B78.5",
            "count": 8,
            "created_time": "2025-03-19T04:09:17.46411Z",
            "yes_price": 12,
            "no_price": 88,
            "taker_side": "yes"
        },
        {
            "trade_id": "e5ed5953-ba4e-495f-a8ca-2b623ed67c47",
            "ticker": "KXHIGHMIA-25MAR19-B78.5",
            "count": 171,
            "created_time": "2025-03-19T03:40:09.112727Z",
            "yes_price": 13,
            "no_price": 87,
            "taker_side": "yes"
        },
        {
            "trade_id": "2dffe501-158e-438f-811e-4e607f861e81",
            "ticker": "KXHIGHMIA-25MAR19-B78.5",
            "count": 8,
            "created_time": "2025-03-19T03:39:38.192674Z",
            "yes_price": 11,
            "no_price": 89,
            "taker_side": "no"
        },
        {
            "trade_id": "20dbb4d6-8b2c-4967-a40a-6082fdc63216",
            "ticker": "KXHIGHMIA-25MAR19-B78.5",
            "count": 100,
            "created_time": "2025-03-19T03:10:50.565749Z",
            "yes_price": 5,
            "no_price": 95,
            "taker_side": "no"
        },
        {
            "trade_id": "ac316616-dce7-4225-a0f7-6cc29d1c88ac",
            "ticker": "KXHIGHMIA-25MAR19-B78.5",
            "count": 6,
            "created_time": "2025-03-19T02:30:31.700659Z",
            "yes_price": 6,
            "no_price": 94,
            "taker_side": "no"
        },
        {
            "trade_id": "c7b6202a-07d8-4930-ba94-be3ed3ae5270",
            "ticker": "KXHIGHMIA-25MAR19-B78.5",
            "count": 1,
            "created_time": "2025-03-19T02:27:33.243117Z",
            "yes_price": 6,
            "no_price": 94,
            "taker_side": "no"
        },
        {
            "trade_id": "725f7cdb-7cc9-4411-a7d0-ab7ed7ab63e8",
            "ticker": "KXHIGHMIA-25MAR19-B78.5",
            "count": 1,
            "created_time": "2025-03-19T02:24:31.001087Z",
            "yes_price": 6,
            "no_price": 94,
            "taker_side": "no"
        },
        {
            "trade_id": "260a20fb-b174-4fd1-b2ff-ad59bc4df0b0",
            "ticker": "KXHIGHMIA-25MAR19-B78.5",
            "count": 29,
            "created_time": "2025-03-19T02:23:17.790439Z",
            "yes_price": 6,
            "no_price": 94,
            "taker_side": "no"
        },
        {
            "trade_id": "9b092a54-77bc-4260-8272-b2040e048a85",
            "ticker": "KXHIGHMIA-25MAR19-B78.5",
            "count": 63,
            "created_time": "2025-03-19T02:23:15.452926Z",
            "yes_price": 6,
            "no_price": 94,
            "taker_side": "yes"
        },
        {
            "trade_id": "71d651c3-9511-4a20-865c-b1e19db7c8ab",
            "ticker": "KXHIGHMIA-25MAR19-B78.5",
            "count": 31,
            "created_time": "2025-03-19T01:46:12.370856Z",
            "yes_price": 3,
            "no_price": 97,
            "taker_side": "no"
        },
        {
            "trade_id": "95705107-2d8e-4ac8-ab21-efc4fcf81f07",
            "ticker": "KXHIGHMIA-25MAR19-B78.5",
            "count": 100,
            "created_time": "2025-03-19T01:45:00.780476Z",
            "yes_price": 5,
            "no_price": 95,
            "taker_side": "yes"
        },
        {
            "trade_id": "dc7366f8-65a0-45f4-8b63-26734d52f5d0",
            "ticker": "KXHIGHMIA-25MAR19-B78.5",
            "count": 7,
            "created_time": "2025-03-19T01:36:42.380659Z",
            "yes_price": 3,
            "no_price": 97,
            "taker_side": "no"
        },
        {
            "trade_id": "baa63e17-1a53-46d1-b211-7c2deae856a5",
            "ticker": "KXHIGHMIA-25MAR19-B78.5",
            "count": 38,
            "created_time": "2025-03-19T01:36:37.500987Z",
            "yes_price": 5,
            "no_price": 95,
            "taker_side": "yes"
        },
        {
            "trade_id": "db71235b-2a4a-4a06-925b-06bd55dd82eb",
            "ticker": "KXHIGHMIA-25MAR19-B78.5",
            "count": 1,
            "created_time": "2025-03-19T01:33:58.965518Z",
            "yes_price": 3,
            "no_price": 97,
            "taker_side": "no"
        },
        {
            "trade_id": "798e5bf1-e01f-4a06-9cd2-ae750be9b3d2",
            "ticker": "KXHIGHMIA-25MAR19-B78.5",
            "count": 5,
            "created_time": "2025-03-19T01:33:52.547638Z",
            "yes_price": 3,
            "no_price": 97,
            "taker_side": "no"
        },
        {
            "trade_id": "ebede7fd-ce79-49fe-9942-b3b2af503bc8",
            "ticker": "KXHIGHMIA-25MAR19-B78.5",
            "count": 7,
            "created_time": "2025-03-19T01:33:52.077046Z",
            "yes_price": 3,
            "no_price": 97,
            "taker_side": "no"
        },
        {
            "trade_id": "9c45614e-b33c-4ad1-9545-794385323c94",
            "ticker": "KXHIGHMIA-25MAR19-B78.5",
            "count": 85,
            "created_time": "2025-03-19T01:13:24.206916Z",
            "yes_price": 3,
            "no_price": 97,
            "taker_side": "no"
        },
        {
            "trade_id": "ab348f28-bef3-421d-96c4-d222bf1d80f8",
            "ticker": "KXHIGHMIA-25MAR19-B78.5",
            "count": 34,
            "created_time": "2025-03-19T01:06:50.081541Z",
            "yes_price": 3,
            "no_price": 97,
            "taker_side": "no"
        },
        {
            "trade_id": "a03764d1-a5ad-458a-9ad5-b722c10c80ba",
            "ticker": "KXHIGHMIA-25MAR19-B78.5",
            "count": 119,
            "created_time": "2025-03-19T01:04:21.378955Z",
            "yes_price": 4,
            "no_price": 96,
            "taker_side": "yes"
        },
        {
            "trade_id": "e5249295-fa0b-4158-9ad0-35469aba4455",
            "ticker": "KXHIGHMIA-25MAR19-B78.5",
            "count": 34,
            "created_time": "2025-03-19T01:03:55.41146Z",
            "yes_price": 3,
            "no_price": 97,
            "taker_side": "no"
        },
        {
            "trade_id": "a930f7ab-9734-4836-a66a-ab29d4117a33",
            "ticker": "KXHIGHMIA-25MAR19-B78.5",
            "count": 34,
            "created_time": "2025-03-19T01:01:23.854391Z",
            "yes_price": 3,
            "no_price": 97,
            "taker_side": "yes"
        },
        {
            "trade_id": "3e336dae-b697-4292-8c74-d36bcc1316c4",
            "ticker": "KXHIGHMIA-25MAR19-B78.5",
            "count": 28,
            "created_time": "2025-03-19T00:59:30.124813Z",
            "yes_price": 2,
            "no_price": 98,
            "taker_side": "no"
        },
        {
            "trade_id": "ce19c65a-08b3-4791-bab9-d06b3abc8248",
            "ticker": "KXHIGHMIA-25MAR19-B78.5",
            "count": 14,
            "created_time": "2025-03-19T00:59:30.096421Z",
            "yes_price": 2,
            "no_price": 98,
            "taker_side": "no"
        },
        {
            "trade_id": "cd2c8031-7f66-4411-832a-0f7d94aa1514",
            "ticker": "KXHIGHMIA-25MAR19-B78.5",
            "count": 29,
            "created_time": "2025-03-19T00:51:44.818357Z",
            "yes_price": 2,
            "no_price": 98,
            "taker_side": "no"
        },
        {
            "trade_id": "a59206e8-5731-48f3-9237-0bf3ab187cc5",
            "ticker": "KXHIGHMIA-25MAR19-B78.5",
            "count": 65,
            "created_time": "2025-03-19T00:37:11.457154Z",
            "yes_price": 3,
            "no_price": 97,
            "taker_side": "yes"
        },
        {
            "trade_id": "df84dca4-02f1-4ed4-9fae-21aa66f1d2aa",
            "ticker": "KXHIGHMIA-25MAR19-B78.5",
            "count": 65,
            "created_time": "2025-03-19T00:35:06.783926Z",
            "yes_price": 3,
            "no_price": 97,
            "taker_side": "yes"
        },
        {
            "trade_id": "a0655adb-824d-4645-8060-7bae88ba5242",
            "ticker": "KXHIGHMIA-25MAR19-B78.5",
            "count": 10,
            "created_time": "2025-03-18T23:06:13.145984Z",
            "yes_price": 3,
            "no_price": 97,
            "taker_side": "yes"
        },
        {
            "trade_id": "0419d1e2-406e-49d9-93ff-c0ace9242d1d",
            "ticker": "KXHIGHMIA-25MAR19-B78.5",
            "count": 1,
            "created_time": "2025-03-18T14:54:43.645809Z",
            "yes_price": 13,
            "no_price": 87,
            "taker_side": "yes"
        },
        {
            "trade_id": "531e0d48-bbff-4b8d-8fcc-f493cb9da415",
            "ticker": "KXHIGHMIA-25MAR19-B78.5",
            "count": 240,
            "created_time": "2025-03-18T14:51:44.907187Z",
            "yes_price": 13,
            "no_price": 87,
            "taker_side": "yes"
        },
        {
            "trade_id": "6c6b897a-7951-4c63-bdf7-ce4b1ac05cc5",
            "ticker": "KXHIGHMIA-25MAR19-B78.5",
            "count": 61,
            "created_time": "2025-03-18T14:51:44.849961Z",
            "yes_price": 13,
            "no_price": 87,
            "taker_side": "yes"
        },
        {
            "trade_id": "dc66b75e-1b78-4944-a114-407504e86c46",
            "ticker": "KXHIGHMIA-25MAR19-B78.5",
            "count": 119,
            "created_time": "2025-03-18T14:49:12.336902Z",
            "yes_price": 13,
            "no_price": 87,
            "taker_side": "yes"
        },
        {
            "trade_id": "545e0ef1-3d75-43b5-820b-e20ee9f12c23",
            "ticker": "KXHIGHMIA-25MAR19-B78.5",
            "count": 72,
            "created_time": "2025-03-18T14:49:08.767331Z",
            "yes_price": 13,
            "no_price": 87,
            "taker_side": "yes"
        },
        {
            "trade_id": "88796e16-543b-4bc5-b309-141f47b5521b",
            "ticker": "KXHIGHMIA-25MAR19-B78.5",
            "count": 240,
            "created_time": "2025-03-18T14:33:36.280811Z",
            "yes_price": 13,
            "no_price": 87,
            "taker_side": "yes"
        },
        {
            "trade_id": "f285b166-6423-4ec7-9f4d-dc5771ef2191",
            "ticker": "KXHIGHMIA-25MAR19-B78.5",
            "count": 14,
            "created_time": "2025-03-18T14:33:36.216691Z",
            "yes_price": 13,
            "no_price": 87,
            "taker_side": "yes"
        },
        {
            "trade_id": "468eb6c2-721a-4b13-81c4-03d6c5707e1c",
            "ticker": "KXHIGHMIA-25MAR19-B78.5",
            "count": 119,
            "created_time": "2025-03-18T14:30:44.287141Z",
            "yes_price": 13,
            "no_price": 87,
            "taker_side": "yes"
        },
        {
            "trade_id": "f3e96ba0-e71e-4143-ad5c-f16eb4c0fe2b",
            "ticker": "KXHIGHMIA-25MAR19-B78.5",
            "count": 68,
            "created_time": "2025-03-18T14:30:41.267915Z",
            "yes_price": 13,
            "no_price": 87,
            "taker_side": "yes"
        }
    ],
    "KXHIGHMIA-25MAR19-B80.5": [
        {
            "trade_id": "3093aa71-0b8e-401d-9dd0-c4d9fc3250fd",
            "ticker": "KXHIGHMIA-25MAR19-B80.5",
            "count": 42,
            "created_time": "2025-03-19T22:24:07.414346Z",
            "yes_price": 99,
            "no_price": 1,
            "taker_side": "no"
        },
        {
            "trade_id": "f2be26b4-c5d5-43c5-9e98-f182767f8eda",
            "ticker": "KXHIGHMIA-25MAR19-B80.5",
            "count": 74,
            "created_time": "2025-03-19T21:47:08.401883Z",
            "yes_price": 99,
            "no_price": 1,
            "taker_side": "no"
        },
        {
            "trade_id": "a12b18f5-a9f1-4008-b6cf-35f00b45501d",
            "ticker": "KXHIGHMIA-25MAR19-B80.5",
            "count": 213,
            "created_time": "2025-03-19T21:37:49.554081Z",
            "yes_price": 99,
            "no_price": 1,
            "taker_side": "no"
        },
        {
            "trade_id": "7c1f6161-06f0-4cc8-a226-2adfe30d13b4",
            "ticker": "KXHIGHMIA-25MAR19-B80.5",
            "count": 163,
            "created_time": "2025-03-19T21:27:30.990243Z",
            "yes_price": 99,
            "no_price": 1,
            "taker_side": "no"
        },
        {
            "trade_id": "e3bd495f-ebc2-4249-84e9-f1d0157a6440",
            "ticker": "KXHIGHMIA-25MAR19-B80.5",
            "count": 307,
            "created_time": "2025-03-19T21:26:53.882346Z",
            "yes_price": 99,
            "no_price": 1,
            "taker_side": "yes"
        },
        {
            "trade_id": "a2870268-2724-4476-a72f-e385cd406bc6",
            "ticker": "KXHIGHMIA-25MAR19-B80.5",
            "count": 129,
            "created_time": "2025-03-19T21:26:53.882346Z",
            "yes_price": 99,
            "no_price": 1,
            "taker_side": "yes"
        },
        {
            "trade_id": "5ac0eb13-d371-4f74-ba20-b9045ccb5369",
            "ticker": "KXHIGHMIA-25MAR19-B80.5",
            "count": 110,
            "created_time": "2025-03-19T21:26:53.882346Z",
            "yes_price": 99,
            "no_price": 1,
            "taker_side": "yes"
        },
        {
            "trade_id": "04254a1b-8a00-43a8-9774-cefc56c86934",
            "ticker": "KXHIGHMIA-25MAR19-B80.5",
            "count": 298,
            "created_time": "2025-03-19T21:26:53.882346Z",
            "yes_price": 99,
            "no_price": 1,
            "taker_side": "yes"
        },
        {
            "trade_id": "322742a6-ade1-4784-b7bc-08f0d0db31fb",
            "ticker": "KXHIGHMIA-25MAR19-B80.5",
            "count": 30,
            "created_time": "2025-03-19T21:15:32.012605Z",
            "yes_price": 99,
            "no_price": 1,
            "taker_side": "yes"
        },
        {
            "trade_id": "92870f80-b233-4539-bfed-62ffd2d853ac",
            "ticker": "KXHIGHMIA-25MAR19-B80.5",
            "count": 4,
            "created_time": "2025-03-19T21:10:53.363482Z",
            "yes_price": 97,
            "no_price": 3,
            "taker_side": "no"
        },
        {
            "trade_id": "a122a042-3142-45e6-8bad-7b6012ecadfc",
            "ticker": "KXHIGHMIA-25MAR19-B80.5",
            "count": 3,
            "created_time": "2025-03-19T21:10:37.812016Z",
            "yes_price": 98,
            "no_price": 2,
            "taker_side": "no"
        },
        {
            "trade_id": "8929494e-16ea-4672-8b4c-9a5c9baa986e",
            "ticker": "KXHIGHMIA-25MAR19-B80.5",
            "count": 37,
            "created_time": "2025-03-19T21:10:37.812016Z",
            "yes_price": 97,
            "no_price": 3,
            "taker_side": "no"
        },
        {
            "trade_id": "8b20c346-bf36-4eed-8071-fd0006f0c09f",
            "ticker": "KXHIGHMIA-25MAR19-B80.5",
            "count": 17,
            "created_time": "2025-03-19T20:39:25.832668Z",
            "yes_price": 72,
            "no_price": 28,
            "taker_side": "no"
        },
        {
            "trade_id": "91068281-9ca8-48f9-8260-7461f4fc6d91",
            "ticker": "KXHIGHMIA-25MAR19-B80.5",
            "count": 10,
            "created_time": "2025-03-19T20:32:17.751997Z",
            "yes_price": 99,
            "no_price": 1,
            "taker_side": "yes"
        },
        {
            "trade_id": "d53d8359-4edf-4420-a7bc-62d000e53d21",
            "ticker": "KXHIGHMIA-25MAR19-B80.5",
            "count": 30,
            "created_time": "2025-03-19T20:23:06.270467Z",
            "yes_price": 85,
            "no_price": 15,
            "taker_side": "yes"
        },
        {
            "trade_id": "9b957f68-1215-46d8-b8d7-ac5a921996b9",
            "ticker": "KXHIGHMIA-25MAR19-B80.5",
            "count": 19,
            "created_time": "2025-03-19T20:22:44.711569Z",
            "yes_price": 84,
            "no_price": 16,
            "taker_side": "yes"
        },
        {
            "trade_id": "61cd8ce1-a2ab-4adb-844a-283857aad5a3",
            "ticker": "KXHIGHMIA-25MAR19-B80.5",
            "count": 1,
            "created_time": "2025-03-19T20:22:31.87209Z",
            "yes_price": 84,
            "no_price": 16,
            "taker_side": "yes"
        },
        {
            "trade_id": "823fdaab-c577-4d4e-9e44-543f689b9a91",
            "ticker": "KXHIGHMIA-25MAR19-B80.5",
            "count": 25,
            "created_time": "2025-03-19T20:16:43.087319Z",
            "yes_price": 90,
            "no_price": 10,
            "taker_side": "no"
        },
        {
            "trade_id": "7f9f81d4-1d75-455c-bf18-f6e2167d3c72",
            "ticker": "KXHIGHMIA-25MAR19-B80.5",
            "count": 1,
            "created_time": "2025-03-19T20:11:44.645999Z",
            "yes_price": 90,
            "no_price": 10,
            "taker_side": "no"
        },
        {
            "trade_id": "a2ff86b0-21d3-413a-a095-05edce36aa6c",
            "ticker": "KXHIGHMIA-25MAR19-B80.5",
            "count": 50,
            "created_time": "2025-03-19T19:58:15.023206Z",
            "yes_price": 97,
            "no_price": 3,
            "taker_side": "yes"
        },
        {
            "trade_id": "9ca9858b-8a82-4f43-8a3d-9b25cdfa3d47",
            "ticker": "KXHIGHMIA-25MAR19-B80.5",
            "count": 50,
            "created_time": "2025-03-19T19:58:15.023206Z",
            "yes_price": 98,
            "no_price": 2,
            "taker_side": "yes"
        },
        {
            "trade_id": "4d806990-8f3b-418b-ac70-b147cb79a8e6",
            "ticker": "KXHIGHMIA-25MAR19-B80.5",
            "count": 153,
            "created_time": "2025-03-19T19:58:15.023206Z",
            "yes_price": 99,
            "no_price": 1,
            "taker_side": "yes"
        },
        {
            "trade_id": "854b307b-a2ca-4100-b288-133c17ef0830",
            "ticker": "KXHIGHMIA-25MAR19-B80.5",
            "count": 5,
            "created_time": "2025-03-19T19:33:01.178694Z",
            "yes_price": 96,
            "no_price": 4,
            "taker_side": "yes"
        },
        {
            "trade_id": "7fe21a9e-e9a2-40b6-878f-f96cb0e99179",
            "ticker": "KXHIGHMIA-25MAR19-B80.5",
            "count": 250,
            "created_time": "2025-03-19T19:29:43.591595Z",
            "yes_price": 90,
            "no_price": 10,
            "taker_side": "no"
        },
        {
            "trade_id": "e73d583d-a05a-43d1-8eca-e4d775b62482",
            "ticker": "KXHIGHMIA-25MAR19-B80.5",
            "count": 15,
            "created_time": "2025-03-19T19:01:22.172356Z",
            "yes_price": 94,
            "no_price": 6,
            "taker_side": "yes"
        },
        {
            "trade_id": "84755813-4cd2-4d78-b43a-253f3aaced54",
            "ticker": "KXHIGHMIA-25MAR19-B80.5",
            "count": 137,
            "created_time": "2025-03-19T19:01:22.172356Z",
            "yes_price": 94,
            "no_price": 6,
            "taker_side": "yes"
        },
        {
            "trade_id": "a6b92066-3c8f-4d4d-8fea-82f822bbd750",
            "ticker": "KXHIGHMIA-25MAR19-B80.5",
            "count": 101,
            "created_time": "2025-03-19T18:54:00.413991Z",
            "yes_price": 94,
            "no_price": 6,
            "taker_side": "yes"
        },
        {
            "trade_id": "9ca99297-bb63-4be8-b96b-cc90313471f2",
            "ticker": "KXHIGHMIA-25MAR19-B80.5",
            "count": 22,
            "created_time": "2025-03-19T18:47:47.43206Z",
            "yes_price": 85,
            "no_price": 15,
            "taker_side": "no"
        },
        {
            "trade_id": "8fd8ca08-811c-49aa-ba9d-9b02bdf200df",
            "ticker": "KXHIGHMIA-25MAR19-B80.5",
            "count": 15,
            "created_time": "2025-03-19T18:47:47.43206Z",
            "yes_price": 86,
            "no_price": 14,
            "taker_side": "no"
        },
        {
            "trade_id": "e15a4a6d-cf32-4f8c-8ef1-a0763d28a03f",
            "ticker": "KXHIGHMIA-25MAR19-B80.5",
            "count": 13,
            "created_time": "2025-03-19T18:47:29.157805Z",
            "yes_price": 93,
            "no_price": 7,
            "taker_side": "yes"
        },
        {
            "trade_id": "0023b29c-3124-4906-b0f7-a2cfad49e698",
            "ticker": "KXHIGHMIA-25MAR19-B80.5",
            "count": 37,
            "created_time": "2025-03-19T18:47:29.157805Z",
            "yes_price": 94,
            "no_price": 6,
            "taker_side": "yes"
        },
        {
            "trade_id": "cb5298ba-8ad3-40f1-b62b-4b53321aba2f",
            "ticker": "KXHIGHMIA-25MAR19-B80.5",
            "count": 50,
            "created_time": "2025-03-19T18:42:54.836341Z",
            "yes_price": 94,
            "no_price": 6,
            "taker_side": "yes"
        },
        {
            "trade_id": "918331ec-67a8-441f-8659-a823d251b3fb",
            "ticker": "KXHIGHMIA-25MAR19-B80.5",
            "count": 14,
            "created_time": "2025-03-19T18:42:11.100936Z",
            "yes_price": 93,
            "no_price": 7,
            "taker_side": "yes"
        },
        {
            "trade_id": "37b30253-a360-4580-9a75-38da6acd0c04",
            "ticker": "KXHIGHMIA-25MAR19-B80.5",
            "count": 16,
            "created_time": "2025-03-19T18:42:11.100936Z",
            "yes_price": 93,
            "no_price": 7,
            "taker_side": "yes"
        },
        {
            "trade_id": "38ed6b9d-f593-415d-b225-6a91205d1916",
            "ticker": "KXHIGHMIA-25MAR19-B80.5",
            "count": 10,
            "created_time": "2025-03-19T18:39:46.486694Z",
            "yes_price": 92,
            "no_price": 8,
            "taker_side": "yes"
        },
        {
            "trade_id": "d0f7f492-5478-401e-aece-65d8eb6645b6",
            "ticker": "KXHIGHMIA-25MAR19-B80.5",
            "count": 10,
            "created_time": "2025-03-19T18:37:57.389204Z",
            "yes_price": 88,
            "no_price": 12,
            "taker_side": "yes"
        },
        {
            "trade_id": "dd1bf84d-9b30-486b-94a7-4dff47b7df97",
            "ticker": "KXHIGHMIA-25MAR19-B80.5",
            "count": 29,
            "created_time": "2025-03-19T18:32:53.557188Z",
            "yes_price": 85,
            "no_price": 15,
            "taker_side": "no"
        },
        {
            "trade_id": "ade921f1-ca6e-4959-9bf8-e6012e54ed14",
            "ticker": "KXHIGHMIA-25MAR19-B80.5",
            "count": 29,
            "created_time": "2025-03-19T18:32:53.555067Z",
            "yes_price": 85,
            "no_price": 15,
            "taker_side": "no"
        },
        {
            "trade_id": "b45855ad-5496-4bcd-a5b0-8827a7e564f8",
            "ticker": "KXHIGHMIA-25MAR19-B80.5",
            "count": 25,
            "created_time": "2025-03-19T18:32:52.720343Z",
            "yes_price": 85,
            "no_price": 15,
            "taker_side": "no"
        },
        {
            "trade_id": "c501c5df-49c2-4c43-991a-91e94ac3b0c5",
            "ticker": "KXHIGHMIA-25MAR19-B80.5",
            "count": 28,
            "created_time": "2025-03-19T18:32:05.918435Z",
            "yes_price": 88,
            "no_price": 12,
            "taker_side": "yes"
        },
        {
            "trade_id": "f7a9dbb5-b26b-4193-a70e-f7db41882ec9",
            "ticker": "KXHIGHMIA-25MAR19-B80.5",
            "count": 20,
            "created_time": "2025-03-19T18:26:20.620523Z",
            "yes_price": 88,
            "no_price": 12,
            "taker_side": "yes"
        },
        {
            "trade_id": "d69d8d1b-6256-41eb-a74c-8ae928b87e2a",
            "ticker": "KXHIGHMIA-25MAR19-B80.5",
            "count": 2,
            "created_time": "2025-03-19T18:24:28.213776Z",
            "yes_price": 88,
            "no_price": 12,
            "taker_side": "no"
        },
        {
            "trade_id": "c007c63c-2ee8-49c5-ad04-5d187072455a",
            "ticker": "KXHIGHMIA-25MAR19-B80.5",
            "count": 75,
            "created_time": "2025-03-19T18:14:59.345644Z",
            "yes_price": 95,
            "no_price": 5,
            "taker_side": "yes"
        },
        {
            "trade_id": "60f6d50e-72ff-4571-9154-eec2d3ee8974",
            "ticker": "KXHIGHMIA-25MAR19-B80.5",
            "count": 200,
            "created_time": "2025-03-19T18:14:59.345644Z",
            "yes_price": 94,
            "no_price": 6,
            "taker_side": "yes"
        },
        {
            "trade_id": "44684534-a4f2-42fb-811c-c95ff5cb23ff",
            "ticker": "KXHIGHMIA-25MAR19-B80.5",
            "count": 22,
            "created_time": "2025-03-19T18:11:31.088155Z",
            "yes_price": 94,
            "no_price": 6,
            "taker_side": "yes"
        },
        {
            "trade_id": "42344351-476a-40e0-8b58-dc9522b4a158",
            "ticker": "KXHIGHMIA-25MAR19-B80.5",
            "count": 14,
            "created_time": "2025-03-19T18:11:10.37848Z",
            "yes_price": 91,
            "no_price": 9,
            "taker_side": "yes"
        },
        {
            "trade_id": "453e121c-b72b-4faa-834e-1ef1818ad6a2",
            "ticker": "KXHIGHMIA-25MAR19-B80.5",
            "count": 2,
            "created_time": "2025-03-19T18:10:52.781942Z",
            "yes_price": 91,
            "no_price": 9,
            "taker_side": "yes"
        },
        {
            "trade_id": "76ab6b51-ff54-4dfe-9576-9e0da597e161",
            "ticker": "KXHIGHMIA-25MAR19-B80.5",
            "count": 2,
            "created_time": "2025-03-19T18:10:34.947623Z",
            "yes_price": 89,
            "no_price": 11,
            "taker_side": "yes"
        },
        {
            "trade_id": "782182ea-0f1d-4e86-a8d3-34b2c325c3e2",
            "ticker": "KXHIGHMIA-25MAR19-B80.5",
            "count": 2,
            "created_time": "2025-03-19T18:10:27.252183Z",
            "yes_price": 89,
            "no_price": 11,
            "taker_side": "yes"
        },
        {
            "trade_id": "de771516-a3f8-4c8e-a112-1b47beaeb932",
            "ticker": "KXHIGHMIA-25MAR19-B80.5",
            "count": 13,
            "created_time": "2025-03-19T18:08:31.994333Z",
            "yes_price": 89,
            "no_price": 11,
            "taker_side": "yes"
        },
        {
            "trade_id": "4c73e24f-6c95-4150-a97d-8161f2e28765",
            "ticker": "KXHIGHMIA-25MAR19-B80.5",
            "count": 3,
            "created_time": "2025-03-19T18:01:13.184786Z",
            "yes_price": 63,
            "no_price": 37,
            "taker_side": "no"
        },
        {
            "trade_id": "254a62d8-8b2e-47a5-af47-a1a954f428c9",
            "ticker": "KXHIGHMIA-25MAR19-B80.5",
            "count": 6,
            "created_time": "2025-03-19T18:01:13.184786Z",
            "yes_price": 62,
            "no_price": 38,
            "taker_side": "no"
        },
        {
            "trade_id": "dd62a45a-d2b5-4af1-a99a-2e79d263c53e",
            "ticker": "KXHIGHMIA-25MAR19-B80.5",
            "count": 20,
            "created_time": "2025-03-19T18:01:12.020322Z",
            "yes_price": 85,
            "no_price": 15,
            "taker_side": "yes"
        },
        {
            "trade_id": "8e9be2c9-6746-4901-95a1-11634a456747",
            "ticker": "KXHIGHMIA-25MAR19-B80.5",
            "count": 22,
            "created_time": "2025-03-19T18:01:12.020322Z",
            "yes_price": 93,
            "no_price": 7,
            "taker_side": "yes"
        },
        {
            "trade_id": "5440e5e4-8a3b-40e2-ba89-f2be5e0bfdc2",
            "ticker": "KXHIGHMIA-25MAR19-B80.5",
            "count": 11,
            "created_time": "2025-03-19T18:01:12.020322Z",
            "yes_price": 92,
            "no_price": 8,
            "taker_side": "yes"
        },
        {
            "trade_id": "36600686-b3cd-4c11-97ac-7b0bfc62862e",
            "ticker": "KXHIGHMIA-25MAR19-B80.5",
            "count": 5,
            "created_time": "2025-03-19T18:01:12.020322Z",
            "yes_price": 92,
            "no_price": 8,
            "taker_side": "yes"
        },
        {
            "trade_id": "3182889f-de37-4ceb-8873-c6283b9c0ae6",
            "ticker": "KXHIGHMIA-25MAR19-B80.5",
            "count": 4,
            "created_time": "2025-03-19T18:01:12.020322Z",
            "yes_price": 90,
            "no_price": 10,
            "taker_side": "yes"
        },
        {
            "trade_id": "1cf01265-8d7b-4c6c-858d-2b3e4d4d9a54",
            "ticker": "KXHIGHMIA-25MAR19-B80.5",
            "count": 27,
            "created_time": "2025-03-19T18:01:12.020322Z",
            "yes_price": 92,
            "no_price": 8,
            "taker_side": "yes"
        },
        {
            "trade_id": "02dd823b-e964-45e1-b84e-77b1f1bd68c5",
            "ticker": "KXHIGHMIA-25MAR19-B80.5",
            "count": 20,
            "created_time": "2025-03-19T18:01:12.020322Z",
            "yes_price": 91,
            "no_price": 9,
            "taker_side": "yes"
        },
        {
            "trade_id": "424cd3c9-56bc-45cb-808c-1963551df406",
            "ticker": "KXHIGHMIA-25MAR19-B80.5",
            "count": 27,
            "created_time": "2025-03-19T17:57:17.847729Z",
            "yes_price": 61,
            "no_price": 39,
            "taker_side": "no"
        },
        {
            "trade_id": "09af3159-4e46-45da-b37a-70e4ed658a56",
            "ticker": "KXHIGHMIA-25MAR19-B80.5",
            "count": 20,
            "created_time": "2025-03-19T17:57:17.847729Z",
            "yes_price": 61,
            "no_price": 39,
            "taker_side": "no"
        },
        {
            "trade_id": "45b5d89d-9140-48cb-bd0a-2c7c61965e4e",
            "ticker": "KXHIGHMIA-25MAR19-B80.5",
            "count": 2,
            "created_time": "2025-03-19T17:46:20.345653Z",
            "yes_price": 80,
            "no_price": 20,
            "taker_side": "yes"
        },
        {
            "trade_id": "c344ba7a-2bc7-4ce5-970f-b9814e36afb6",
            "ticker": "KXHIGHMIA-25MAR19-B80.5",
            "count": 14,
            "created_time": "2025-03-19T17:22:39.706063Z",
            "yes_price": 79,
            "no_price": 21,
            "taker_side": "yes"
        },
        {
            "trade_id": "0cb071e3-c33f-4c74-b733-03cd7cc83e8b",
            "ticker": "KXHIGHMIA-25MAR19-B80.5",
            "count": 14,
            "created_time": "2025-03-19T17:07:12.122474Z",
            "yes_price": 67,
            "no_price": 33,
            "taker_side": "no"
        },
        {
            "trade_id": "f5e38c39-5f43-4f31-8f76-d591bb0dd41d",
            "ticker": "KXHIGHMIA-25MAR19-B80.5",
            "count": 2,
            "created_time": "2025-03-19T17:06:15.792776Z",
            "yes_price": 76,
            "no_price": 24,
            "taker_side": "yes"
        },
        {
            "trade_id": "a25d4dde-8b78-479a-b83d-356d7b4f9248",
            "ticker": "KXHIGHMIA-25MAR19-B80.5",
            "count": 30,
            "created_time": "2025-03-19T17:06:15.792776Z",
            "yes_price": 75,
            "no_price": 25,
            "taker_side": "yes"
        },
        {
            "trade_id": "98c78e17-5ccb-4769-bbbc-d39b2467ffd4",
            "ticker": "KXHIGHMIA-25MAR19-B80.5",
            "count": 27,
            "created_time": "2025-03-19T17:06:15.792776Z",
            "yes_price": 74,
            "no_price": 26,
            "taker_side": "yes"
        },
        {
            "trade_id": "720a13a8-daea-4243-b8f5-d504e7ae2a4a",
            "ticker": "KXHIGHMIA-25MAR19-B80.5",
            "count": 5,
            "created_time": "2025-03-19T17:06:15.792776Z",
            "yes_price": 75,
            "no_price": 25,
            "taker_side": "yes"
        },
        {
            "trade_id": "5bdf82c7-7b8c-4802-bb2c-6460afcb4d1d",
            "ticker": "KXHIGHMIA-25MAR19-B80.5",
            "count": 68,
            "created_time": "2025-03-19T17:06:15.792776Z",
            "yes_price": 77,
            "no_price": 23,
            "taker_side": "yes"
        },
        {
            "trade_id": "4e6f11e8-60cb-4206-bb29-9667b6dc581d",
            "ticker": "KXHIGHMIA-25MAR19-B80.5",
            "count": 27,
            "created_time": "2025-03-19T17:06:15.792776Z",
            "yes_price": 76,
            "no_price": 24,
            "taker_side": "yes"
        },
        {
            "trade_id": "4330edea-4dba-4310-8703-2b22237d10ef",
            "ticker": "KXHIGHMIA-25MAR19-B80.5",
            "count": 54,
            "created_time": "2025-03-19T17:06:15.792776Z",
            "yes_price": 77,
            "no_price": 23,
            "taker_side": "yes"
        },
        {
            "trade_id": "db3890d5-8515-45df-889b-6801789f06b6",
            "ticker": "KXHIGHMIA-25MAR19-B80.5",
            "count": 54,
            "created_time": "2025-03-19T17:02:27.029478Z",
            "yes_price": 72,
            "no_price": 28,
            "taker_side": "yes"
        },
        {
            "trade_id": "a080a1e8-7082-4069-848e-a2f5961acdd3",
            "ticker": "KXHIGHMIA-25MAR19-B80.5",
            "count": 1,
            "created_time": "2025-03-19T17:02:27.029478Z",
            "yes_price": 71,
            "no_price": 29,
            "taker_side": "yes"
        },
        {
            "trade_id": "0fe1dc1b-8ee7-49b9-92dc-18c753b1f592",
            "ticker": "KXHIGHMIA-25MAR19-B80.5",
            "count": 200,
            "created_time": "2025-03-19T17:02:27.029478Z",
            "yes_price": 72,
            "no_price": 28,
            "taker_side": "yes"
        },
        {
            "trade_id": "0744ea0b-4796-472a-90a2-0f53dc30e358",
            "ticker": "KXHIGHMIA-25MAR19-B80.5",
            "count": 10,
            "created_time": "2025-03-19T16:46:37.918981Z",
            "yes_price": 70,
            "no_price": 30,
            "taker_side": "no"
        },
        {
            "trade_id": "05f83bc1-5df2-42fc-986e-171a1040bc22",
            "ticker": "KXHIGHMIA-25MAR19-B80.5",
            "count": 10,
            "created_time": "2025-03-19T16:42:51.90271Z",
            "yes_price": 70,
            "no_price": 30,
            "taker_side": "no"
        },
        {
            "trade_id": "7ad48f8b-bcf1-4d92-93d4-01009ad496f4",
            "ticker": "KXHIGHMIA-25MAR19-B80.5",
            "count": 5,
            "created_time": "2025-03-19T16:29:00.598383Z",
            "yes_price": 70,
            "no_price": 30,
            "taker_side": "no"
        },
        {
            "trade_id": "2c471b5e-3a21-4e87-ab46-eea8e95761b9",
            "ticker": "KXHIGHMIA-25MAR19-B80.5",
            "count": 2,
            "created_time": "2025-03-19T16:20:03.07704Z",
            "yes_price": 72,
            "no_price": 28,
            "taker_side": "yes"
        },
        {
            "trade_id": "46a372aa-e3f5-41c4-b6ba-60962d9dd28a",
            "ticker": "KXHIGHMIA-25MAR19-B80.5",
            "count": 5,
            "created_time": "2025-03-19T16:16:53.483454Z",
            "yes_price": 72,
            "no_price": 28,
            "taker_side": "yes"
        },
        {
            "trade_id": "c4187e34-b283-4134-a251-57932276857a",
            "ticker": "KXHIGHMIA-25MAR19-B80.5",
            "count": 2,
            "created_time": "2025-03-19T15:59:57.761092Z",
            "yes_price": 68,
            "no_price": 32,
            "taker_side": "no"
        },
        {
            "trade_id": "d98070f5-8053-4060-bcda-81b4246ecae1",
            "ticker": "KXHIGHMIA-25MAR19-B80.5",
            "count": 1,
            "created_time": "2025-03-19T15:57:37.64993Z",
            "yes_price": 70,
            "no_price": 30,
            "taker_side": "no"
        },
        {
            "trade_id": "6b1c6436-9cc9-4626-9bc9-a45d2f673d44",
            "ticker": "KXHIGHMIA-25MAR19-B80.5",
            "count": 9,
            "created_time": "2025-03-19T14:52:54.768373Z",
            "yes_price": 64,
            "no_price": 36,
            "taker_side": "no"
        },
        {
            "trade_id": "7af73a14-02dc-4ed4-976a-a1109a46083a",
            "ticker": "KXHIGHMIA-25MAR19-B80.5",
            "count": 11,
            "created_time": "2025-03-19T14:52:44.508586Z",
            "yes_price": 66,
            "no_price": 34,
            "taker_side": "no"
        },
        {
            "trade_id": "84991ec1-71a9-4df0-8ccd-dd7942b1d65c",
            "ticker": "KXHIGHMIA-25MAR19-B80.5",
            "count": 20,
            "created_time": "2025-03-19T14:41:56.333003Z",
            "yes_price": 53,
            "no_price": 47,
            "taker_side": "no"
        },
        {
            "trade_id": "e686361b-b909-4e6b-9a59-3cdac4a94a0e",
            "ticker": "KXHIGHMIA-25MAR19-B80.5",
            "count": 1,
            "created_time": "2025-03-19T14:24:54.642878Z",
            "yes_price": 67,
            "no_price": 33,
            "taker_side": "yes"
        },
        {
            "trade_id": "177f82f9-0c80-4730-b9b8-c0beee0fee25",
            "ticker": "KXHIGHMIA-25MAR19-B80.5",
            "count": 13,
            "created_time": "2025-03-19T14:24:45.094878Z",
            "yes_price": 67,
            "no_price": 33,
            "taker_side": "yes"
        },
        {
            "trade_id": "ed31a138-cb84-49c9-a574-5776cb7a644e",
            "ticker": "KXHIGHMIA-25MAR19-B80.5",
            "count": 1,
            "created_time": "2025-03-19T14:21:46.99319Z",
            "yes_price": 67,
            "no_price": 33,
            "taker_side": "yes"
        },
        {
            "trade_id": "6338e1b1-09d3-492a-9066-1352b81f14f6",
            "ticker": "KXHIGHMIA-25MAR19-B80.5",
            "count": 5,
            "created_time": "2025-03-19T14:21:46.99319Z",
            "yes_price": 66,
            "no_price": 34,
            "taker_side": "yes"
        },
        {
            "trade_id": "4c802287-cbf9-4afa-b870-2c3796ac7597",
            "ticker": "KXHIGHMIA-25MAR19-B80.5",
            "count": 40,
            "created_time": "2025-03-19T14:21:35.802689Z",
            "yes_price": 66,
            "no_price": 34,
            "taker_side": "yes"
        },
        {
            "trade_id": "8a1c2f25-9e75-4210-8554-c11d36968f15",
            "ticker": "KXHIGHMIA-25MAR19-B80.5",
            "count": 200,
            "created_time": "2025-03-19T14:13:04.380272Z",
            "yes_price": 62,
            "no_price": 38,
            "taker_side": "no"
        },
        {
            "trade_id": "529ea4d7-22cc-4323-9d3b-dea5f38512fb",
            "ticker": "KXHIGHMIA-25MAR19-B80.5",
            "count": 75,
            "created_time": "2025-03-19T14:13:04.380272Z",
            "yes_price": 63,
            "no_price": 37,
            "taker_side": "no"
        },
        {
            "trade_id": "e5ed18ce-fea9-45d4-af7e-f5cb69c33736",
            "ticker": "KXHIGHMIA-25MAR19-B80.5",
            "count": 14,
            "created_time": "2025-03-19T14:11:01.685493Z",
            "yes_price": 70,
            "no_price": 30,
            "taker_side": "yes"
        },
        {
            "trade_id": "81d08ac9-7c55-4976-bb19-89f3fc2c0afe",
            "ticker": "KXHIGHMIA-25MAR19-B80.5",
            "count": 20,
            "created_time": "2025-03-19T14:03:46.634174Z",
            "yes_price": 69,
            "no_price": 31,
            "taker_side": "yes"
        },
        {
            "trade_id": "ad323f62-33a2-42f9-958b-909c220a6024",
            "ticker": "KXHIGHMIA-25MAR19-B80.5",
            "count": 4,
            "created_time": "2025-03-19T13:52:53.346371Z",
            "yes_price": 70,
            "no_price": 30,
            "taker_side": "yes"
        },
        {
            "trade_id": "4cc355f2-5b0d-40ce-97d0-d1c3610a205f",
            "ticker": "KXHIGHMIA-25MAR19-B80.5",
            "count": 3,
            "created_time": "2025-03-19T13:45:07.0822Z",
            "yes_price": 64,
            "no_price": 36,
            "taker_side": "no"
        },
        {
            "trade_id": "14612896-5746-4efa-bc38-f25ef292450e",
            "ticker": "KXHIGHMIA-25MAR19-B80.5",
            "count": 2,
            "created_time": "2025-03-19T13:45:07.0822Z",
            "yes_price": 65,
            "no_price": 35,
            "taker_side": "no"
        },
        {
            "trade_id": "efb98086-1f7f-452a-a333-3620c5eba696",
            "ticker": "KXHIGHMIA-25MAR19-B80.5",
            "count": 62,
            "created_time": "2025-03-19T13:20:17.049204Z",
            "yes_price": 68,
            "no_price": 32,
            "taker_side": "yes"
        },
        {
            "trade_id": "7259304a-8e31-424e-9a2c-0f89b29d4401",
            "ticker": "KXHIGHMIA-25MAR19-B80.5",
            "count": 12,
            "created_time": "2025-03-19T13:20:17.049204Z",
            "yes_price": 69,
            "no_price": 31,
            "taker_side": "yes"
        },
        {
            "trade_id": "bf553e55-0a8b-4aab-8ad3-904b731bad97",
            "ticker": "KXHIGHMIA-25MAR19-B80.5",
            "count": 12,
            "created_time": "2025-03-19T13:16:13.291441Z",
            "yes_price": 67,
            "no_price": 33,
            "taker_side": "yes"
        },
        {
            "trade_id": "6a47e256-e472-45b6-992d-e589a5414bb7",
            "ticker": "KXHIGHMIA-25MAR19-B80.5",
            "count": 38,
            "created_time": "2025-03-19T13:16:13.291441Z",
            "yes_price": 68,
            "no_price": 32,
            "taker_side": "yes"
        },
        {
            "trade_id": "95dca847-c094-48c4-9896-ec478387d90c",
            "ticker": "KXHIGHMIA-25MAR19-B80.5",
            "count": 4,
            "created_time": "2025-03-19T13:12:14.219063Z",
            "yes_price": 66,
            "no_price": 34,
            "taker_side": "yes"
        },
        {
            "trade_id": "9cb19374-b4c0-43b7-b0d9-0e6b1b878dd9",
            "ticker": "KXHIGHMIA-25MAR19-B80.5",
            "count": 2,
            "created_time": "2025-03-19T13:09:05.862528Z",
            "yes_price": 64,
            "no_price": 36,
            "taker_side": "no"
        },
        {
            "trade_id": "1733e4b2-ca7e-47c6-80cd-208e617374f8",
            "ticker": "KXHIGHMIA-25MAR19-B80.5",
            "count": 27,
            "created_time": "2025-03-19T12:54:33.700566Z",
            "yes_price": 64,
            "no_price": 36,
            "taker_side": "yes"
        },
        {
            "trade_id": "72f9962c-6fa1-428a-b3aa-ad9103b277eb",
            "ticker": "KXHIGHMIA-25MAR19-B80.5",
            "count": 7,
            "created_time": "2025-03-19T12:53:30.164839Z",
            "yes_price": 63,
            "no_price": 37,
            "taker_side": "no"
        },
        {
            "trade_id": "60dde7dc-06e4-481a-8d0a-aae3886343c6",
            "ticker": "KXHIGHMIA-25MAR19-B80.5",
            "count": 3,
            "created_time": "2025-03-19T12:53:30.164839Z",
            "yes_price": 63,
            "no_price": 37,
            "taker_side": "no"
        },
        {
            "trade_id": "26797fa2-8d1d-4e8b-a93f-3cfc88856a78",
            "ticker": "KXHIGHMIA-25MAR19-B80.5",
            "count": 3,
            "created_time": "2025-03-19T12:48:21.341175Z",
            "yes_price": 64,
            "no_price": 36,
            "taker_side": "yes"
        },
        {
            "trade_id": "59815b08-8ac7-4e6b-93bd-d65129411f5e",
            "ticker": "KXHIGHMIA-25MAR19-B80.5",
            "count": 74,
            "created_time": "2025-03-19T12:42:55.674344Z",
            "yes_price": 63,
            "no_price": 37,
            "taker_side": "yes"
        },
        {
            "trade_id": "4c48226b-d8f7-4827-ba7a-0b9dd771b110",
            "ticker": "KXHIGHMIA-25MAR19-B80.5",
            "count": 10,
            "created_time": "2025-03-19T12:42:55.674344Z",
            "yes_price": 64,
            "no_price": 36,
            "taker_side": "yes"
        },
        {
            "trade_id": "f9c733f5-920d-424d-8337-dbdecd2b03c2",
            "ticker": "KXHIGHMIA-25MAR19-B80.5",
            "count": 69,
            "created_time": "2025-03-19T12:39:35.860148Z",
            "yes_price": 63,
            "no_price": 37,
            "taker_side": "yes"
        },
        {
            "trade_id": "9aa41166-a6b2-4646-8124-5f92235b90d1",
            "ticker": "KXHIGHMIA-25MAR19-B80.5",
            "count": 7,
            "created_time": "2025-03-19T12:37:20.902681Z",
            "yes_price": 63,
            "no_price": 37,
            "taker_side": "yes"
        },
        {
            "trade_id": "818d1779-f3ab-4fad-952f-37ff99cf3092",
            "ticker": "KXHIGHMIA-25MAR19-B80.5",
            "count": 13,
            "created_time": "2025-03-19T12:37:20.902681Z",
            "yes_price": 63,
            "no_price": 37,
            "taker_side": "yes"
        },
        {
            "trade_id": "0766c2ea-5034-47f0-8b31-9891c6367dac",
            "ticker": "KXHIGHMIA-25MAR19-B80.5",
            "count": 87,
            "created_time": "2025-03-19T12:36:39.160863Z",
            "yes_price": 63,
            "no_price": 37,
            "taker_side": "yes"
        },
        {
            "trade_id": "4a579ab0-04a3-4621-9db1-8285fb70f37c",
            "ticker": "KXHIGHMIA-25MAR19-B80.5",
            "count": 7,
            "created_time": "2025-03-19T12:34:50.712924Z",
            "yes_price": 61,
            "no_price": 39,
            "taker_side": "no"
        },
        {
            "trade_id": "171fac4b-4cb4-4b6a-be06-e0bb9b06e5d6",
            "ticker": "KXHIGHMIA-25MAR19-B80.5",
            "count": 13,
            "created_time": "2025-03-19T12:34:50.712924Z",
            "yes_price": 61,
            "no_price": 39,
            "taker_side": "no"
        },
        {
            "trade_id": "13febb69-6a17-468d-99d3-c61929f8408e",
            "ticker": "KXHIGHMIA-25MAR19-B80.5",
            "count": 13,
            "created_time": "2025-03-19T12:21:29.991178Z",
            "yes_price": 62,
            "no_price": 38,
            "taker_side": "yes"
        },
        {
            "trade_id": "89bdf949-165d-4b86-92f3-3e558f9326e3",
            "ticker": "KXHIGHMIA-25MAR19-B80.5",
            "count": 8,
            "created_time": "2025-03-19T12:18:38.681665Z",
            "yes_price": 62,
            "no_price": 38,
            "taker_side": "yes"
        },
        {
            "trade_id": "9668c916-1113-47ab-84f1-dfa42e849820",
            "ticker": "KXHIGHMIA-25MAR19-B80.5",
            "count": 10,
            "created_time": "2025-03-19T12:15:41.899465Z",
            "yes_price": 59,
            "no_price": 41,
            "taker_side": "yes"
        },
        {
            "trade_id": "4bf91dcd-ca4d-458a-a246-7a0e0e55424d",
            "ticker": "KXHIGHMIA-25MAR19-B80.5",
            "count": 8,
            "created_time": "2025-03-19T12:15:41.899465Z",
            "yes_price": 60,
            "no_price": 40,
            "taker_side": "yes"
        },
        {
            "trade_id": "7f5b7256-9141-40b5-96b8-d119beea3400",
            "ticker": "KXHIGHMIA-25MAR19-B80.5",
            "count": 4,
            "created_time": "2025-03-19T12:15:41.101684Z",
            "yes_price": 59,
            "no_price": 41,
            "taker_side": "yes"
        },
        {
            "trade_id": "c66e6d4e-37eb-41ef-935d-df21cf0e4312",
            "ticker": "KXHIGHMIA-25MAR19-B80.5",
            "count": 2,
            "created_time": "2025-03-19T12:14:24.511809Z",
            "yes_price": 59,
            "no_price": 41,
            "taker_side": "yes"
        },
        {
            "trade_id": "40d05b3d-9a4f-4e91-856b-34527dbbd45d",
            "ticker": "KXHIGHMIA-25MAR19-B80.5",
            "count": 4,
            "created_time": "2025-03-19T12:09:39.654839Z",
            "yes_price": 60,
            "no_price": 40,
            "taker_side": "yes"
        },
        {
            "trade_id": "1c50d3be-28e7-4be7-83f5-f878bf11594f",
            "ticker": "KXHIGHMIA-25MAR19-B80.5",
            "count": 39,
            "created_time": "2025-03-19T12:04:21.932742Z",
            "yes_price": 60,
            "no_price": 40,
            "taker_side": "yes"
        },
        {
            "trade_id": "e8841157-c0eb-4072-ba52-61ec32a35be1",
            "ticker": "KXHIGHMIA-25MAR19-B80.5",
            "count": 130,
            "created_time": "2025-03-19T12:03:34.658965Z",
            "yes_price": 61,
            "no_price": 39,
            "taker_side": "yes"
        },
        {
            "trade_id": "a97f0098-dad0-4067-b4ea-791e9258b9e9",
            "ticker": "KXHIGHMIA-25MAR19-B80.5",
            "count": 145,
            "created_time": "2025-03-19T12:03:34.658965Z",
            "yes_price": 62,
            "no_price": 38,
            "taker_side": "yes"
        },
        {
            "trade_id": "78015ffd-baf4-4b39-b884-197bce8021a8",
            "ticker": "KXHIGHMIA-25MAR19-B80.5",
            "count": 3,
            "created_time": "2025-03-19T12:03:34.658965Z",
            "yes_price": 61,
            "no_price": 39,
            "taker_side": "yes"
        },
        {
            "trade_id": "1787c3d2-6937-4453-a50f-cf83abe91c1b",
            "ticker": "KXHIGHMIA-25MAR19-B80.5",
            "count": 43,
            "created_time": "2025-03-19T12:03:34.658965Z",
            "yes_price": 60,
            "no_price": 40,
            "taker_side": "yes"
        },
        {
            "trade_id": "c2447db1-e17a-42b8-8d1a-61b9dc98db85",
            "ticker": "KXHIGHMIA-25MAR19-B80.5",
            "count": 70,
            "created_time": "2025-03-19T05:50:32.998385Z",
            "yes_price": 61,
            "no_price": 39,
            "taker_side": "yes"
        },
        {
            "trade_id": "8d5ec9d6-fdeb-4fc1-a14f-75cea16e25a0",
            "ticker": "KXHIGHMIA-25MAR19-B80.5",
            "count": 3,
            "created_time": "2025-03-19T05:50:32.998385Z",
            "yes_price": 59,
            "no_price": 41,
            "taker_side": "yes"
        },
        {
            "trade_id": "77f2f933-76ee-440d-b574-fe6aa7f717f9",
            "ticker": "KXHIGHMIA-25MAR19-B80.5",
            "count": 90,
            "created_time": "2025-03-19T05:50:32.998385Z",
            "yes_price": 60,
            "no_price": 40,
            "taker_side": "yes"
        },
        {
            "trade_id": "de9a859d-5e9c-45f6-89de-75b78e91b314",
            "ticker": "KXHIGHMIA-25MAR19-B80.5",
            "count": 40,
            "created_time": "2025-03-19T04:43:25.870383Z",
            "yes_price": 60,
            "no_price": 40,
            "taker_side": "yes"
        },
        {
            "trade_id": "da05b6cb-86e1-41fb-8f74-4490e38b43b6",
            "ticker": "KXHIGHMIA-25MAR19-B80.5",
            "count": 60,
            "created_time": "2025-03-19T04:43:25.870383Z",
            "yes_price": 60,
            "no_price": 40,
            "taker_side": "yes"
        },
        {
            "trade_id": "fef6b928-5c15-41e6-85a3-ebe9cbc3bbcc",
            "ticker": "KXHIGHMIA-25MAR19-B80.5",
            "count": 8,
            "created_time": "2025-03-19T03:39:38.236179Z",
            "yes_price": 59,
            "no_price": 41,
            "taker_side": "no"
        },
        {
            "trade_id": "92215b90-f884-4479-a339-418b8b911e75",
            "ticker": "KXHIGHMIA-25MAR19-B80.5",
            "count": 13,
            "created_time": "2025-03-19T03:36:42.440816Z",
            "yes_price": 59,
            "no_price": 41,
            "taker_side": "yes"
        },
        {
            "trade_id": "13ed7c87-e9e2-4fe2-825f-8a5043f04d68",
            "ticker": "KXHIGHMIA-25MAR19-B80.5",
            "count": 1,
            "created_time": "2025-03-19T03:36:42.440816Z",
            "yes_price": 59,
            "no_price": 41,
            "taker_side": "yes"
        },
        {
            "trade_id": "6f7cd568-de2a-40c1-b4cc-255b287c95ca",
            "ticker": "KXHIGHMIA-25MAR19-B80.5",
            "count": 38,
            "created_time": "2025-03-19T03:36:39.781188Z",
            "yes_price": 59,
            "no_price": 41,
            "taker_side": "yes"
        },
        {
            "trade_id": "4cc39eb7-77da-4717-841e-f3b2aaaf7cf6",
            "ticker": "KXHIGHMIA-25MAR19-B80.5",
            "count": 7,
            "created_time": "2025-03-19T03:36:39.781188Z",
            "yes_price": 59,
            "no_price": 41,
            "taker_side": "yes"
        },
        {
            "trade_id": "2c714fb4-b70d-44d1-b20c-9c980847130b",
            "ticker": "KXHIGHMIA-25MAR19-B80.5",
            "count": 7,
            "created_time": "2025-03-19T03:02:32.765672Z",
            "yes_price": 58,
            "no_price": 42,
            "taker_side": "yes"
        },
        {
            "trade_id": "24159d14-200f-4643-9646-6d5450032bdc",
            "ticker": "KXHIGHMIA-25MAR19-B80.5",
            "count": 2,
            "created_time": "2025-03-19T03:02:32.765672Z",
            "yes_price": 59,
            "no_price": 41,
            "taker_side": "yes"
        },
        {
            "trade_id": "f5cda103-daa4-4791-8a4f-0abc8e9c3b91",
            "ticker": "KXHIGHMIA-25MAR19-B80.5",
            "count": 13,
            "created_time": "2025-03-19T02:37:50.588845Z",
            "yes_price": 52,
            "no_price": 48,
            "taker_side": "no"
        },
        {
            "trade_id": "cae65488-f297-40cf-8c14-0c7788cd27f0",
            "ticker": "KXHIGHMIA-25MAR19-B80.5",
            "count": 19,
            "created_time": "2025-03-19T02:37:50.588845Z",
            "yes_price": 54,
            "no_price": 46,
            "taker_side": "no"
        },
        {
            "trade_id": "215b7ed9-6924-4cce-b7c8-239224102ce1",
            "ticker": "KXHIGHMIA-25MAR19-B80.5",
            "count": 1,
            "created_time": "2025-03-19T02:37:50.588845Z",
            "yes_price": 54,
            "no_price": 46,
            "taker_side": "no"
        },
        {
            "trade_id": "0eb83c26-35b4-4c36-91ca-ed0e63a96a15",
            "ticker": "KXHIGHMIA-25MAR19-B80.5",
            "count": 49,
            "created_time": "2025-03-19T02:37:50.588845Z",
            "yes_price": 52,
            "no_price": 48,
            "taker_side": "no"
        },
        {
            "trade_id": "1162df45-e963-4ffe-a119-4d555cb32daa",
            "ticker": "KXHIGHMIA-25MAR19-B80.5",
            "count": 20,
            "created_time": "2025-03-19T02:23:17.850794Z",
            "yes_price": 54,
            "no_price": 46,
            "taker_side": "yes"
        },
        {
            "trade_id": "052a6a56-71a9-4d21-ab6a-db329ce7ded0",
            "ticker": "KXHIGHMIA-25MAR19-B80.5",
            "count": 4,
            "created_time": "2025-03-19T02:23:17.850794Z",
            "yes_price": 54,
            "no_price": 46,
            "taker_side": "yes"
        },
        {
            "trade_id": "d57b0cbc-22e3-4dce-a21a-a1ee1f4051bc",
            "ticker": "KXHIGHMIA-25MAR19-B80.5",
            "count": 28,
            "created_time": "2025-03-19T01:45:03.67001Z",
            "yes_price": 50,
            "no_price": 50,
            "taker_side": "no"
        },
        {
            "trade_id": "5aaf5f6b-9ef0-4b9a-a242-c2a611d344ea",
            "ticker": "KXHIGHMIA-25MAR19-B80.5",
            "count": 10,
            "created_time": "2025-03-19T01:40:21.250207Z",
            "yes_price": 50,
            "no_price": 50,
            "taker_side": "no"
        },
        {
            "trade_id": "b733b214-27a7-4a33-9c83-93005f277eac",
            "ticker": "KXHIGHMIA-25MAR19-B80.5",
            "count": 80,
            "created_time": "2025-03-19T01:36:42.452708Z",
            "yes_price": 50,
            "no_price": 50,
            "taker_side": "no"
        },
        {
            "trade_id": "5741ab15-403b-465c-8461-d2d1e19eb822",
            "ticker": "KXHIGHMIA-25MAR19-B80.5",
            "count": 18,
            "created_time": "2025-03-19T01:36:40.942773Z",
            "yes_price": 50,
            "no_price": 50,
            "taker_side": "no"
        },
        {
            "trade_id": "3dd688f4-dc77-4c0a-93b4-762aea1303c0",
            "ticker": "KXHIGHMIA-25MAR19-B80.5",
            "count": 5,
            "created_time": "2025-03-19T01:33:52.4606Z",
            "yes_price": 50,
            "no_price": 50,
            "taker_side": "no"
        },
        {
            "trade_id": "8a8fccf1-7284-4060-84fd-e019a50b2d58",
            "ticker": "KXHIGHMIA-25MAR19-B80.5",
            "count": 240,
            "created_time": "2025-03-19T01:33:52.239956Z",
            "yes_price": 50,
            "no_price": 50,
            "taker_side": "no"
        },
        {
            "trade_id": "75b5a5b5-746e-419c-baf9-dde6bbf89d76",
            "ticker": "KXHIGHMIA-25MAR19-B80.5",
            "count": 32,
            "created_time": "2025-03-19T01:33:52.170561Z",
            "yes_price": 50,
            "no_price": 50,
            "taker_side": "no"
        },
        {
            "trade_id": "071192a2-5be2-4686-a68e-e976ca9a7168",
            "ticker": "KXHIGHMIA-25MAR19-B80.5",
            "count": 85,
            "created_time": "2025-03-19T01:13:24.141639Z",
            "yes_price": 58,
            "no_price": 42,
            "taker_side": "yes"
        },
        {
            "trade_id": "f5635890-9fc6-4286-b51f-c205ccb76d3f",
            "ticker": "KXHIGHMIA-25MAR19-B80.5",
            "count": 57,
            "created_time": "2025-03-19T01:04:26.610308Z",
            "yes_price": 50,
            "no_price": 50,
            "taker_side": "no"
        },
        {
            "trade_id": "a02660c3-658b-48e4-bd97-37f0cc9dad75",
            "ticker": "KXHIGHMIA-25MAR19-B80.5",
            "count": 7,
            "created_time": "2025-03-19T01:03:55.519725Z",
            "yes_price": 51,
            "no_price": 49,
            "taker_side": "no"
        },
        {
            "trade_id": "5234e1af-4788-4938-8fb9-d5cd455e227d",
            "ticker": "KXHIGHMIA-25MAR19-B80.5",
            "count": 17,
            "created_time": "2025-03-19T01:03:55.519725Z",
            "yes_price": 50,
            "no_price": 50,
            "taker_side": "no"
        },
        {
            "trade_id": "864e9197-2b07-4507-b852-013b255ce56b",
            "ticker": "KXHIGHMIA-25MAR19-B80.5",
            "count": 1,
            "created_time": "2025-03-19T01:00:50.490025Z",
            "yes_price": 58,
            "no_price": 42,
            "taker_side": "no"
        },
        {
            "trade_id": "5ef5ee3b-208f-439b-914b-d057cdb739f6",
            "ticker": "KXHIGHMIA-25MAR19-B80.5",
            "count": 14,
            "created_time": "2025-03-19T00:59:30.093542Z",
            "yes_price": 59,
            "no_price": 41,
            "taker_side": "no"
        },
        {
            "trade_id": "300d1465-2cfd-4e1d-8b35-a5b3cc060f03",
            "ticker": "KXHIGHMIA-25MAR19-B80.5",
            "count": 28,
            "created_time": "2025-03-19T00:59:30.023401Z",
            "yes_price": 59,
            "no_price": 41,
            "taker_side": "yes"
        },
        {
            "trade_id": "27c6414e-3ed9-41f8-946c-fd0c828b5a88",
            "ticker": "KXHIGHMIA-25MAR19-B80.5",
            "count": 29,
            "created_time": "2025-03-19T00:51:44.819239Z",
            "yes_price": 58,
            "no_price": 42,
            "taker_side": "no"
        },
        {
            "trade_id": "f2522a19-a0a9-4d96-ad92-d9ace5f72ec9",
            "ticker": "KXHIGHMIA-25MAR19-B80.5",
            "count": 40,
            "created_time": "2025-03-19T00:37:58.296338Z",
            "yes_price": 53,
            "no_price": 47,
            "taker_side": "yes"
        },
        {
            "trade_id": "be6096cb-1c03-487f-b134-3fba99472cca",
            "ticker": "KXHIGHMIA-25MAR19-B80.5",
            "count": 25,
            "created_time": "2025-03-19T00:22:36.523793Z",
            "yes_price": 58,
            "no_price": 42,
            "taker_side": "yes"
        },
        {
            "trade_id": "715372d8-bde7-4a8e-8148-105b44ed65b9",
            "ticker": "KXHIGHMIA-25MAR19-B80.5",
            "count": 16,
            "created_time": "2025-03-19T00:13:26.946313Z",
            "yes_price": 58,
            "no_price": 42,
            "taker_side": "yes"
        },
        {
            "trade_id": "540a31b0-5217-4ab8-88cb-ecf5665eacb1",
            "ticker": "KXHIGHMIA-25MAR19-B80.5",
            "count": 66,
            "created_time": "2025-03-18T23:45:35.950168Z",
            "yes_price": 50,
            "no_price": 50,
            "taker_side": "no"
        },
        {
            "trade_id": "b84bca48-bf24-4900-a37e-94d647c5b6d9",
            "ticker": "KXHIGHMIA-25MAR19-B80.5",
            "count": 12,
            "created_time": "2025-03-18T23:27:33.487867Z",
            "yes_price": 57,
            "no_price": 43,
            "taker_side": "yes"
        },
        {
            "trade_id": "98381d0b-1df1-4778-aa53-69c2111b33b7",
            "ticker": "KXHIGHMIA-25MAR19-B80.5",
            "count": 25,
            "created_time": "2025-03-18T23:27:33.487867Z",
            "yes_price": 55,
            "no_price": 45,
            "taker_side": "yes"
        },
        {
            "trade_id": "e984da0b-f518-4f7f-8036-c50bb7c6c2b3",
            "ticker": "KXHIGHMIA-25MAR19-B80.5",
            "count": 240,
            "created_time": "2025-03-18T22:57:50.560588Z",
            "yes_price": 50,
            "no_price": 50,
            "taker_side": "no"
        },
        {
            "trade_id": "a926e2e8-198b-4ed6-8dc9-d4d100ba5f50",
            "ticker": "KXHIGHMIA-25MAR19-B80.5",
            "count": 39,
            "created_time": "2025-03-18T22:57:50.489429Z",
            "yes_price": 50,
            "no_price": 50,
            "taker_side": "no"
        },
        {
            "trade_id": "76d650fe-9e1a-4126-8b39-de0a9f2112bd",
            "ticker": "KXHIGHMIA-25MAR19-B80.5",
            "count": 59,
            "created_time": "2025-03-18T22:54:43.159802Z",
            "yes_price": 50,
            "no_price": 50,
            "taker_side": "no"
        },
        {
            "trade_id": "a31944ad-2da0-4f6e-826c-5c452cd9443e",
            "ticker": "KXHIGHMIA-25MAR19-B80.5",
            "count": 8,
            "created_time": "2025-03-18T22:41:53.30663Z",
            "yes_price": 55,
            "no_price": 45,
            "taker_side": "yes"
        },
        {
            "trade_id": "c862d783-2468-49c3-ac4f-02f17b42474c",
            "ticker": "KXHIGHMIA-25MAR19-B80.5",
            "count": 21,
            "created_time": "2025-03-18T22:16:36.947334Z",
            "yes_price": 45,
            "no_price": 55,
            "taker_side": "yes"
        },
        {
            "trade_id": "c03b6ab7-e1ab-4bbb-ac0f-a4444efb675f",
            "ticker": "KXHIGHMIA-25MAR19-B80.5",
            "count": 172,
            "created_time": "2025-03-18T21:55:54.711906Z",
            "yes_price": 50,
            "no_price": 50,
            "taker_side": "yes"
        },
        {
            "trade_id": "6ade7db6-0a27-477e-a707-47affcc8c364",
            "ticker": "KXHIGHMIA-25MAR19-B80.5",
            "count": 83,
            "created_time": "2025-03-18T21:55:54.711906Z",
            "yes_price": 48,
            "no_price": 52,
            "taker_side": "yes"
        },
        {
            "trade_id": "568cb999-8c15-4414-898c-3a87144aab68",
            "ticker": "KXHIGHMIA-25MAR19-B80.5",
            "count": 43,
            "created_time": "2025-03-18T21:55:54.711906Z",
            "yes_price": 50,
            "no_price": 50,
            "taker_side": "yes"
        },
        {
            "trade_id": "a8ada53a-2ebf-4da8-9c6f-cde1de024d03",
            "ticker": "KXHIGHMIA-25MAR19-B80.5",
            "count": 18,
            "created_time": "2025-03-18T21:47:40.068073Z",
            "yes_price": 47,
            "no_price": 53,
            "taker_side": "no"
        },
        {
            "trade_id": "ec29290c-39a4-45cb-aac8-38ab790fd27b",
            "ticker": "KXHIGHMIA-25MAR19-B80.5",
            "count": 2,
            "created_time": "2025-03-18T21:27:41.3407Z",
            "yes_price": 46,
            "no_price": 54,
            "taker_side": "no"
        },
        {
            "trade_id": "a1806cb8-97ec-4e7e-97a1-fc161e481f9f",
            "ticker": "KXHIGHMIA-25MAR19-B80.5",
            "count": 48,
            "created_time": "2025-03-18T21:27:38.499954Z",
            "yes_price": 46,
            "no_price": 54,
            "taker_side": "no"
        },
        {
            "trade_id": "721a2d44-75f8-4a21-9c6b-21c2f5d43d75",
            "ticker": "KXHIGHMIA-25MAR19-B80.5",
            "count": 15,
            "created_time": "2025-03-18T21:23:47.339358Z",
            "yes_price": 50,
            "no_price": 50,
            "taker_side": "yes"
        },
        {
            "trade_id": "a852df2b-d207-40e9-909e-472d5f8bea81",
            "ticker": "KXHIGHMIA-25MAR19-B80.5",
            "count": 30,
            "created_time": "2025-03-18T21:01:32.61263Z",
            "yes_price": 47,
            "no_price": 53,
            "taker_side": "no"
        },
        {
            "trade_id": "1f062c50-6f4c-4d18-b2d9-661ecbbb3502",
            "ticker": "KXHIGHMIA-25MAR19-B80.5",
            "count": 17,
            "created_time": "2025-03-18T21:01:32.61263Z",
            "yes_price": 49,
            "no_price": 51,
            "taker_side": "no"
        },
        {
            "trade_id": "6f7d6fbb-bf74-41eb-9477-181950e06b68",
            "ticker": "KXHIGHMIA-25MAR19-B80.5",
            "count": 10,
            "created_time": "2025-03-18T20:57:00.335367Z",
            "yes_price": 54,
            "no_price": 46,
            "taker_side": "yes"
        },
        {
            "trade_id": "70d1ba3e-884d-4623-bb7d-cec893fb0b17",
