{
    "KXHIGHMIA-25FEB13-T78": [
        {
            "trade_id": "bcff7d06-cf95-427b-9a66-b6ededeff004",
            "ticker": "KXHIGHMIA-25FEB13-T78",
            "count": 1,
            "created_time": "2025-02-13T13:01:14.330921Z",
            "yes_price": 1,
            "no_price": 99,
            "taker_side": "no"
        },
        {
            "trade_id": "19cd79f9-a3b2-4eec-8ef8-d7f34099a40d",
            "ticker": "KXHIGHMIA-25FEB13-T78",
            "count": 4,
            "created_time": "2025-02-13T13:00:29.527147Z",
            "yes_price": 1,
            "no_price": 99,
            "taker_side": "no"
        },
        {
            "trade_id": "a873bbd9-b554-4e44-affd-82fb723076c0",
            "ticker": "KXHIGHMIA-25FEB13-T78",
            "count": 4,
            "created_time": "2025-02-13T01:15:10.613729Z",
            "yes_price": 1,
            "no_price": 99,
            "taker_side": "no"
        },
        {
            "trade_id": "839b1495-fd15-4cc6-bca6-26e9eac1ead3",
            "ticker": "KXHIGHMIA-25FEB13-T78",
            "count": 96,
            "created_time": "2025-02-13T01:15:10.613729Z",
            "yes_price": 1,
            "no_price": 99,
            "taker_side": "no"
        },
        {
            "trade_id": "f62105ad-ccad-4009-81fb-95057a59453f",
            "ticker": "KXHIGHMIA-25FEB13-T78",
            "count": 93,
            "created_time": "2025-02-12T15:18:25.489481Z",
            "yes_price": 2,
            "no_price": 98,
            "taker_side": "yes"
        }
    ],
    "KXHIGHMIA-25FEB13-B78.5": [
        {
            "trade_id": "f72a104c-56d7-47d9-a383-6eef6fab978f",
            "ticker": "KXHIGHMIA-25FEB13-B78.5",
            "count": 1,
            "created_time": "2025-02-13T14:32:56.945168Z",
            "yes_price": 1,
            "no_price": 99,
            "taker_side": "yes"
        },
        {
            "trade_id": "d63d2e52-4386-4bdd-9b21-7cd108eb24d3",
            "ticker": "KXHIGHMIA-25FEB13-B78.5",
            "count": 45,
            "created_time": "2025-02-13T13:37:10.574393Z",
            "yes_price": 5,
            "no_price": 95,
            "taker_side": "yes"
        },
        {
            "trade_id": "204780ce-0101-4861-b781-ef4a2dbe85ca",
            "ticker": "KXHIGHMIA-25FEB13-B78.5",
            "count": 49,
            "created_time": "2025-02-13T13:37:10.574393Z",
            "yes_price": 3,
            "no_price": 97,
            "taker_side": "yes"
        },
        {
            "trade_id": "2a188b20-9750-4427-a6a4-e6d30d9ae539",
            "ticker": "KXHIGHMIA-25FEB13-B78.5",
            "count": 1,
            "created_time": "2025-02-13T13:01:14.809479Z",
            "yes_price": 1,
            "no_price": 99,
            "taker_side": "no"
        },
        {
            "trade_id": "82af831b-c2c3-45e4-bcc3-e25759e06fd7",
            "ticker": "KXHIGHMIA-25FEB13-B78.5",
            "count": 100,
            "created_time": "2025-02-13T13:00:11.045011Z",
            "yes_price": 1,
            "no_price": 99,
            "taker_side": "no"
        },
        {
            "trade_id": "56c03af8-569b-4197-973d-f6c0cc356014",
            "ticker": "KXHIGHMIA-25FEB13-B78.5",
            "count": 20,
            "created_time": "2025-02-13T06:19:05.161911Z",
            "yes_price": 3,
            "no_price": 97,
            "taker_side": "yes"
        },
        {
            "trade_id": "7b2fb9e4-16d4-454b-86da-544838d2b00f",
            "ticker": "KXHIGHMIA-25FEB13-B78.5",
            "count": 31,
            "created_time": "2025-02-13T03:05:10.752865Z",
            "yes_price": 3,
            "no_price": 97,
            "taker_side": "yes"
        },
        {
            "trade_id": "bbf3750b-b05b-43ff-9a91-4a77df4e6763",
            "ticker": "KXHIGHMIA-25FEB13-B78.5",
            "count": 1,
            "created_time": "2025-02-12T22:57:46.187948Z",
            "yes_price": 1,
            "no_price": 99,
            "taker_side": "no"
        },
        {
            "trade_id": "437414a2-f985-4994-b8ef-5976f5576689",
            "ticker": "KXHIGHMIA-25FEB13-B78.5",
            "count": 3,
            "created_time": "2025-02-12T22:38:03.797567Z",
            "yes_price": 1,
            "no_price": 99,
            "taker_side": "no"
        },
        {
            "trade_id": "f49c334c-36c7-4331-9fee-baf847f871c4",
            "ticker": "KXHIGHMIA-25FEB13-B78.5",
            "count": 2,
            "created_time": "2025-02-12T15:18:13.737383Z",
            "yes_price": 6,
            "no_price": 94,
            "taker_side": "yes"
        },
        {
            "trade_id": "b3ce3bf4-78a0-4162-a00e-7ffd1b56a2c9",
            "ticker": "KXHIGHMIA-25FEB13-B78.5",
            "count": 63,
            "created_time": "2025-02-12T15:18:13.737383Z",
            "yes_price": 8,
            "no_price": 92,
            "taker_side": "yes"
        },
        {
            "trade_id": "43a1985e-b670-49c9-aeef-de86abf7d156",
            "ticker": "KXHIGHMIA-25FEB13-B78.5",
            "count": 38,
            "created_time": "2025-02-12T15:18:13.737383Z",
            "yes_price": 6,
            "no_price": 94,
            "taker_side": "yes"
        }
    ],
    "KXHIGHMIA-25FEB13-B80.5": [
        {
            "trade_id": "dfe38bed-7c07-4e75-b9e3-16bf68a17eb1",
            "ticker": "KXHIGHMIA-25FEB13-B80.5",
            "count": 127,
            "created_time": "2025-02-13T20:30:09.937652Z",
            "yes_price": 1,
            "no_price": 99,
            "taker_side": "yes"
        },
        {
            "trade_id": "0cfbf8b2-22d4-4d5e-b7c8-1adf459d8dfa",
            "ticker": "KXHIGHMIA-25FEB13-B80.5",
            "count": 1776,
            "created_time": "2025-02-13T18:56:50.543311Z",
            "yes_price": 1,
            "no_price": 99,
            "taker_side": "yes"
        },
        {
            "trade_id": "bf4c0f56-af0c-4dff-ba31-0f34156ef418",
            "ticker": "KXHIGHMIA-25FEB13-B80.5",
            "count": 46,
            "created_time": "2025-02-13T18:36:15.116602Z",
            "yes_price": 1,
            "no_price": 99,
            "taker_side": "yes"
        },
        {
            "trade_id": "65c514f5-2b10-4949-a7b1-01eae7fdea93",
            "ticker": "KXHIGHMIA-25FEB13-B80.5",
            "count": 93,
            "created_time": "2025-02-13T18:23:16.670978Z",
            "yes_price": 1,
            "no_price": 99,
            "taker_side": "yes"
        },
        {
            "trade_id": "78f334f6-f93b-4376-b40e-0c56d34b5a8b",
            "ticker": "KXHIGHMIA-25FEB13-B80.5",
            "count": 467,
            "created_time": "2025-02-13T16:16:15.593152Z",
            "yes_price": 1,
            "no_price": 99,
            "taker_side": "yes"
        },
        {
            "trade_id": "21ce827d-d378-4b6c-b6ab-976aa51a5b56",
            "ticker": "KXHIGHMIA-25FEB13-B80.5",
            "count": 187,
            "created_time": "2025-02-13T16:12:57.93366Z",
            "yes_price": 1,
            "no_price": 99,
            "taker_side": "yes"
        },
        {
            "trade_id": "b5a469b0-4b62-4d4a-8a24-afc0950c0dd0",
            "ticker": "KXHIGHMIA-25FEB13-B80.5",
            "count": 9301,
            "created_time": "2025-02-13T16:09:13.854807Z",
            "yes_price": 1,
            "no_price": 99,
            "taker_side": "yes"
        },
        {
            "trade_id": "048c432a-5da6-4aae-840a-0072dcc0f2f8",
            "ticker": "KXHIGHMIA-25FEB13-B80.5",
            "count": 50,
            "created_time": "2025-02-13T16:09:13.854807Z",
            "yes_price": 1,
            "no_price": 99,
            "taker_side": "yes"
        },
        {
            "trade_id": "f417987d-2789-47e0-ac0e-2f8c9dbc8714",
            "ticker": "KXHIGHMIA-25FEB13-B80.5",
            "count": 36,
            "created_time": "2025-02-13T15:57:02.240393Z",
            "yes_price": 1,
            "no_price": 99,
            "taker_side": "yes"
        },
        {
            "trade_id": "ce7803d3-fba0-4959-bdcb-13ed5ba1a357",
            "ticker": "KXHIGHMIA-25FEB13-B80.5",
            "count": 2,
            "created_time": "2025-02-13T15:18:27.125567Z",
            "yes_price": 1,
            "no_price": 99,
            "taker_side": "no"
        },
        {
            "trade_id": "b592452d-4838-460f-8458-56f2358eb8d5",
            "ticker": "KXHIGHMIA-25FEB13-B80.5",
            "count": 611,
            "created_time": "2025-02-13T15:18:27.125567Z",
            "yes_price": 1,
            "no_price": 99,
            "taker_side": "no"
        },
        {
            "trade_id": "a948b976-dd80-4f7b-b339-750d186d27ed",
            "ticker": "KXHIGHMIA-25FEB13-B80.5",
            "count": 50,
            "created_time": "2025-02-13T15:18:27.125567Z",
            "yes_price": 1,
            "no_price": 99,
            "taker_side": "no"
        },
        {
            "trade_id": "46b8e7d9-494a-4c0a-b709-8052346f7b52",
            "ticker": "KXHIGHMIA-25FEB13-B80.5",
            "count": 36,
            "created_time": "2025-02-13T14:57:07.953268Z",
            "yes_price": 2,
            "no_price": 98,
            "taker_side": "no"
        },
        {
            "trade_id": "40933ca9-5c4b-4d0b-a247-08737f83549d",
            "ticker": "KXHIGHMIA-25FEB13-B80.5",
            "count": 127,
            "created_time": "2025-02-13T14:47:22.075195Z",
            "yes_price": 2,
            "no_price": 98,
            "taker_side": "no"
        },
        {
            "trade_id": "f3e1326f-621f-41e3-a4d6-4d1d87fd3852",
            "ticker": "KXHIGHMIA-25FEB13-B80.5",
            "count": 1,
            "created_time": "2025-02-13T14:33:11.591167Z",
            "yes_price": 10,
            "no_price": 90,
            "taker_side": "yes"
        },
        {
            "trade_id": "72cd8748-3e69-4b51-b3e9-e87cf834aa5e",
            "ticker": "KXHIGHMIA-25FEB13-B80.5",
            "count": 20,
            "created_time": "2025-02-13T14:30:36.486754Z",
            "yes_price": 2,
            "no_price": 98,
            "taker_side": "no"
        },
        {
            "trade_id": "feb8a1d8-ee0e-4f3c-9a8b-648e3ba576ee",
            "ticker": "KXHIGHMIA-25FEB13-B80.5",
            "count": 3,
            "created_time": "2025-02-13T14:28:33.061605Z",
            "yes_price": 2,
            "no_price": 98,
            "taker_side": "no"
        },
        {
            "trade_id": "57ee0461-994f-402c-9aea-150549a43cd0",
            "ticker": "KXHIGHMIA-25FEB13-B80.5",
            "count": 9,
            "created_time": "2025-02-13T14:17:43.233229Z",
            "yes_price": 10,
            "no_price": 90,
            "taker_side": "yes"
        },
        {
            "trade_id": "a8e1cafb-65d4-4842-85b3-867e2ea1c6d2",
            "ticker": "KXHIGHMIA-25FEB13-B80.5",
            "count": 47,
            "created_time": "2025-02-13T13:36:56.67014Z",
            "yes_price": 10,
            "no_price": 90,
            "taker_side": "yes"
        },
        {
            "trade_id": "2c526cd2-6363-43c8-a786-89fe346c85fb",
            "ticker": "KXHIGHMIA-25FEB13-B80.5",
            "count": 32,
            "created_time": "2025-02-13T13:16:43.359828Z",
            "yes_price": 10,
            "no_price": 90,
            "taker_side": "yes"
        },
        {
            "trade_id": "96f305ae-e1a1-409d-abe1-06a7aef81c80",
            "ticker": "KXHIGHMIA-25FEB13-B80.5",
            "count": 378,
            "created_time": "2025-02-13T13:15:22.323918Z",
            "yes_price": 10,
            "no_price": 90,
            "taker_side": "yes"
        },
        {
            "trade_id": "7a266055-70ae-43b8-ba27-7274f363c1ad",
            "ticker": "KXHIGHMIA-25FEB13-B80.5",
            "count": 1,
            "created_time": "2025-02-13T13:15:22.323918Z",
            "yes_price": 3,
            "no_price": 97,
            "taker_side": "yes"
        },
        {
            "trade_id": "962956e7-8bd8-4a6e-bc5f-305e440be966",
            "ticker": "KXHIGHMIA-25FEB13-B80.5",
            "count": 1,
            "created_time": "2025-02-13T13:01:19.528757Z",
            "yes_price": 2,
            "no_price": 98,
            "taker_side": "no"
        },
        {
            "trade_id": "7d8c811c-6258-4e4e-afee-43606b6c74fd",
            "ticker": "KXHIGHMIA-25FEB13-B80.5",
            "count": 2,
            "created_time": "2025-02-13T13:01:19.528757Z",
            "yes_price": 3,
            "no_price": 97,
            "taker_side": "no"
        },
        {
            "trade_id": "55020f0c-2a2d-4d4f-818c-65c41e6c1531",
            "ticker": "KXHIGHMIA-25FEB13-B80.5",
            "count": 14,
            "created_time": "2025-02-13T13:01:19.528757Z",
            "yes_price": 2,
            "no_price": 98,
            "taker_side": "no"
        },
        {
            "trade_id": "1f49a1b1-e827-4bd7-ad13-18a0c3afa50e",
            "ticker": "KXHIGHMIA-25FEB13-B80.5",
            "count": 1,
            "created_time": "2025-02-13T13:01:19.528757Z",
            "yes_price": 3,
            "no_price": 97,
            "taker_side": "no"
        },
        {
            "trade_id": "5d38eff8-fbb4-4ea3-a7c6-2385a3374c5a",
            "ticker": "KXHIGHMIA-25FEB13-B80.5",
            "count": 84,
            "created_time": "2025-02-13T07:10:44.831133Z",
            "yes_price": 10,
            "no_price": 90,
            "taker_side": "yes"
        },
        {
            "trade_id": "14924813-4ff5-4a6d-a262-6510b7469a87",
            "ticker": "KXHIGHMIA-25FEB13-B80.5",
            "count": 104,
            "created_time": "2025-02-13T06:40:35.94332Z",
            "yes_price": 9,
            "no_price": 91,
            "taker_side": "yes"
        },
        {
            "trade_id": "e69fe6e9-c162-4f62-945e-3b9edac124f7",
            "ticker": "KXHIGHMIA-25FEB13-B80.5",
            "count": 10,
            "created_time": "2025-02-13T04:59:26.980186Z",
            "yes_price": 14,
            "no_price": 86,
            "taker_side": "yes"
        },
        {
            "trade_id": "99355fc4-0245-4007-90cd-702a5834e65e",
            "ticker": "KXHIGHMIA-25FEB13-B80.5",
            "count": 8,
            "created_time": "2025-02-13T04:59:26.980186Z",
            "yes_price": 11,
            "no_price": 89,
            "taker_side": "yes"
        },
        {
            "trade_id": "97840df9-b630-44e9-83ce-af7e9008eb3c",
            "ticker": "KXHIGHMIA-25FEB13-B80.5",
            "count": 240,
            "created_time": "2025-02-13T04:59:26.980186Z",
            "yes_price": 13,
            "no_price": 87,
            "taker_side": "yes"
        },
        {
            "trade_id": "666cfd06-d554-4f27-bb5e-6b4561bd89c9",
            "ticker": "KXHIGHMIA-25FEB13-B80.5",
            "count": 202,
            "created_time": "2025-02-13T04:59:26.980186Z",
            "yes_price": 15,
            "no_price": 85,
            "taker_side": "yes"
        },
        {
            "trade_id": "5475e2b3-0c8e-4289-9215-5f1d414a9ed5",
            "ticker": "KXHIGHMIA-25FEB13-B80.5",
            "count": 173,
            "created_time": "2025-02-13T04:59:26.980186Z",
            "yes_price": 4,
            "no_price": 96,
            "taker_side": "yes"
        },
        {
            "trade_id": "50e1787a-d5ad-4f6d-80bc-1c128457fe9b",
            "ticker": "KXHIGHMIA-25FEB13-B80.5",
            "count": 38,
            "created_time": "2025-02-13T04:59:26.980186Z",
            "yes_price": 11,
            "no_price": 89,
            "taker_side": "yes"
        },
        {
            "trade_id": "3ef159c6-f1b5-414f-8483-5c22223e1304",
            "ticker": "KXHIGHMIA-25FEB13-B80.5",
            "count": 1,
            "created_time": "2025-02-13T04:59:26.980186Z",
            "yes_price": 11,
            "no_price": 89,
            "taker_side": "yes"
        },
        {
            "trade_id": "370ec96a-1beb-4246-b8cd-8bbe2c66ccd1",
            "ticker": "KXHIGHMIA-25FEB13-B80.5",
            "count": 87,
            "created_time": "2025-02-13T04:59:26.980186Z",
            "yes_price": 12,
            "no_price": 88,
            "taker_side": "yes"
        },
        {
            "trade_id": "185b360e-7a53-4c11-9069-d0bd1c9c119d",
            "ticker": "KXHIGHMIA-25FEB13-B80.5",
            "count": 1,
            "created_time": "2025-02-13T04:59:26.980186Z",
            "yes_price": 4,
            "no_price": 96,
            "taker_side": "yes"
        },
        {
            "trade_id": "07cc3934-14b4-4a28-bfcd-03cb70a40a03",
            "ticker": "KXHIGHMIA-25FEB13-B80.5",
            "count": 58,
            "created_time": "2025-02-13T04:59:26.980186Z",
            "yes_price": 15,
            "no_price": 85,
            "taker_side": "yes"
        },
        {
            "trade_id": "f76f01d3-c346-400f-9e63-e3098a852145",
            "ticker": "KXHIGHMIA-25FEB13-B80.5",
            "count": 6,
            "created_time": "2025-02-13T04:38:45.10304Z",
            "yes_price": 3,
            "no_price": 97,
            "taker_side": "no"
        },
        {
            "trade_id": "a9805385-4d1f-4cce-aa72-e9aed8fc5a64",
            "ticker": "KXHIGHMIA-25FEB13-B80.5",
            "count": 2,
            "created_time": "2025-02-13T04:03:03.941775Z",
            "yes_price": 11,
            "no_price": 89,
            "taker_side": "yes"
        },
        {
            "trade_id": "63db666e-11eb-44e7-a9a2-90bb730b2caa",
            "ticker": "KXHIGHMIA-25FEB13-B80.5",
            "count": 44,
            "created_time": "2025-02-13T04:03:03.941775Z",
            "yes_price": 10,
            "no_price": 90,
            "taker_side": "yes"
        },
        {
            "trade_id": "1e0a203b-e642-49c3-8f3d-8bc10cec14c6",
            "ticker": "KXHIGHMIA-25FEB13-B80.5",
            "count": 20,
            "created_time": "2025-02-13T03:15:15.94677Z",
            "yes_price": 11,
            "no_price": 89,
            "taker_side": "yes"
        },
        {
            "trade_id": "16ffcb9a-96db-44ca-829d-3273e16309a5",
            "ticker": "KXHIGHMIA-25FEB13-B80.5",
            "count": 22,
            "created_time": "2025-02-13T03:15:15.94677Z",
            "yes_price": 11,
            "no_price": 89,
            "taker_side": "yes"
        },
        {
            "trade_id": "b4f01b07-16f1-42ce-ae68-7d7704c40a42",
            "ticker": "KXHIGHMIA-25FEB13-B80.5",
            "count": 8,
            "created_time": "2025-02-13T03:04:46.076587Z",
            "yes_price": 11,
            "no_price": 89,
            "taker_side": "yes"
        },
        {
            "trade_id": "c504154b-1344-451f-9f7c-2a4a187d1935",
            "ticker": "KXHIGHMIA-25FEB13-B80.5",
            "count": 2,
            "created_time": "2025-02-13T02:54:50.387693Z",
            "yes_price": 12,
            "no_price": 88,
            "taker_side": "yes"
        },
        {
            "trade_id": "c09cc36b-85df-439e-b33f-fa7ec706a2cb",
            "ticker": "KXHIGHMIA-25FEB13-B80.5",
            "count": 62,
            "created_time": "2025-02-13T02:54:50.387693Z",
            "yes_price": 12,
            "no_price": 88,
            "taker_side": "yes"
        },
        {
            "trade_id": "aac8c58d-2288-4eda-9514-228fc275064f",
            "ticker": "KXHIGHMIA-25FEB13-B80.5",
            "count": 17,
            "created_time": "2025-02-13T02:54:50.387693Z",
            "yes_price": 10,
            "no_price": 90,
            "taker_side": "yes"
        },
        {
            "trade_id": "f9c9950a-7070-4011-99c7-215345d0b0ff",
            "ticker": "KXHIGHMIA-25FEB13-B80.5",
            "count": 30,
            "created_time": "2025-02-13T02:52:04.083562Z",
            "yes_price": 10,
            "no_price": 90,
            "taker_side": "no"
        },
        {
            "trade_id": "fd3eeb34-6f59-43ed-99a8-09fd9f9b0d9f",
            "ticker": "KXHIGHMIA-25FEB13-B80.5",
            "count": 9,
            "created_time": "2025-02-13T02:51:31.201489Z",
            "yes_price": 10,
            "no_price": 90,
            "taker_side": "no"
        },
        {
            "trade_id": "8a155f35-2158-4d90-916a-a6b8e04cbdf6",
            "ticker": "KXHIGHMIA-25FEB13-B80.5",
            "count": 20,
            "created_time": "2025-02-13T02:50:50.207641Z",
            "yes_price": 10,
            "no_price": 90,
            "taker_side": "no"
        },
        {
            "trade_id": "2caebaf3-5b41-453e-a226-0727e8d43dfa",
            "ticker": "KXHIGHMIA-25FEB13-B80.5",
            "count": 130,
            "created_time": "2025-02-13T02:50:50.207641Z",
            "yes_price": 10,
            "no_price": 90,
            "taker_side": "no"
        },
        {
            "trade_id": "26b71b84-37a6-4e28-ae85-36f7cffe6da4",
            "ticker": "KXHIGHMIA-25FEB13-B80.5",
            "count": 10,
            "created_time": "2025-02-13T02:49:27.585918Z",
            "yes_price": 10,
            "no_price": 90,
            "taker_side": "no"
        },
        {
            "trade_id": "34067fa9-396c-4cc1-b0a1-d8bb6c976233",
            "ticker": "KXHIGHMIA-25FEB13-B80.5",
            "count": 8,
            "created_time": "2025-02-13T02:31:19.950635Z",
            "yes_price": 11,
            "no_price": 89,
            "taker_side": "yes"
        },
        {
            "trade_id": "8543c9a3-ca67-47a0-808b-08fcd746181c",
            "ticker": "KXHIGHMIA-25FEB13-B80.5",
            "count": 62,
            "created_time": "2025-02-13T02:22:45.313667Z",
            "yes_price": 10,
            "no_price": 90,
            "taker_side": "yes"
        },
        {
            "trade_id": "7fd42a3a-17d4-4a61-a380-554fd8f1a09a",
            "ticker": "KXHIGHMIA-25FEB13-B80.5",
            "count": 26,
            "created_time": "2025-02-13T02:22:45.313667Z",
            "yes_price": 10,
            "no_price": 90,
            "taker_side": "yes"
        },
        {
            "trade_id": "74f45226-cf46-4e2b-b4e3-170aec57b6df",
            "ticker": "KXHIGHMIA-25FEB13-B80.5",
            "count": 14,
            "created_time": "2025-02-13T02:22:45.313667Z",
            "yes_price": 10,
            "no_price": 90,
            "taker_side": "yes"
        },
        {
            "trade_id": "12165fce-4644-40a2-bef3-47b4b75fd71b",
            "ticker": "KXHIGHMIA-25FEB13-B80.5",
            "count": 38,
            "created_time": "2025-02-13T02:22:45.313667Z",
            "yes_price": 10,
            "no_price": 90,
            "taker_side": "yes"
        },
        {
            "trade_id": "81066ca0-718b-446a-97a4-bc576f54e05b",
            "ticker": "KXHIGHMIA-25FEB13-B80.5",
            "count": 32,
            "created_time": "2025-02-13T02:14:08.925452Z",
            "yes_price": 7,
            "no_price": 93,
            "taker_side": "yes"
        },
        {
            "trade_id": "3fb54745-7650-479e-aa37-92cd5d723455",
            "ticker": "KXHIGHMIA-25FEB13-B80.5",
            "count": 35,
            "created_time": "2025-02-13T02:14:08.925452Z",
            "yes_price": 7,
            "no_price": 93,
            "taker_side": "yes"
        },
        {
            "trade_id": "67ddac4c-1404-495f-b6c6-d9879a8d447f",
            "ticker": "KXHIGHMIA-25FEB13-B80.5",
            "count": 50,
            "created_time": "2025-02-13T01:52:30.572745Z",
            "yes_price": 3,
            "no_price": 97,
            "taker_side": "no"
        },
        {
            "trade_id": "faec95af-3d23-4c10-842c-2812a1a384a4",
            "ticker": "KXHIGHMIA-25FEB13-B80.5",
            "count": 10,
            "created_time": "2025-02-13T00:57:16.537361Z",
            "yes_price": 11,
            "no_price": 89,
            "taker_side": "yes"
        },
        {
            "trade_id": "f832decd-9ff4-47a6-a95c-09af410c5ffd",
            "ticker": "KXHIGHMIA-25FEB13-B80.5",
            "count": 240,
            "created_time": "2025-02-13T00:57:16.537361Z",
            "yes_price": 11,
            "no_price": 89,
            "taker_side": "yes"
        },
        {
            "trade_id": "c3cdee01-1a7b-4313-8fb0-ba2ac965134a",
            "ticker": "KXHIGHMIA-25FEB13-B80.5",
            "count": 100,
            "created_time": "2025-02-13T00:57:16.537361Z",
            "yes_price": 5,
            "no_price": 95,
            "taker_side": "yes"
        },
        {
            "trade_id": "96ceaa8f-af7c-42b1-aa3f-c6681e1e99eb",
            "ticker": "KXHIGHMIA-25FEB13-B80.5",
            "count": 218,
            "created_time": "2025-02-13T00:57:16.537361Z",
            "yes_price": 15,
            "no_price": 85,
            "taker_side": "yes"
        },
        {
            "trade_id": "85c0e1d3-874a-47e2-ae17-1058a5fddf12",
            "ticker": "KXHIGHMIA-25FEB13-B80.5",
            "count": 2,
            "created_time": "2025-02-13T00:57:16.537361Z",
            "yes_price": 7,
            "no_price": 93,
            "taker_side": "yes"
        },
        {
            "trade_id": "8120d13f-86fc-4a60-acfe-4231e459c04a",
            "ticker": "KXHIGHMIA-25FEB13-B80.5",
            "count": 4,
            "created_time": "2025-02-13T00:57:16.537361Z",
            "yes_price": 7,
            "no_price": 93,
            "taker_side": "yes"
        },
        {
            "trade_id": "77c2aec6-2c07-4f05-9bdc-f15b58a4201a",
            "ticker": "KXHIGHMIA-25FEB13-B80.5",
            "count": 4,
            "created_time": "2025-02-13T00:57:16.537361Z",
            "yes_price": 7,
            "no_price": 93,
            "taker_side": "yes"
        },
        {
            "trade_id": "77b0b027-b896-481d-a189-a23f3de6c667",
            "ticker": "KXHIGHMIA-25FEB13-B80.5",
            "count": 100,
            "created_time": "2025-02-13T00:57:16.537361Z",
            "yes_price": 5,
            "no_price": 95,
            "taker_side": "yes"
        },
        {
            "trade_id": "6b3d211b-2756-43d7-bc82-60fc66cbd95f",
            "ticker": "KXHIGHMIA-25FEB13-B80.5",
            "count": 240,
            "created_time": "2025-02-13T00:57:16.537361Z",
            "yes_price": 9,
            "no_price": 91,
            "taker_side": "yes"
        },
        {
            "trade_id": "c3f98e07-813d-46ff-9668-61ae9d3da741",
            "ticker": "KXHIGHMIA-25FEB13-B80.5",
            "count": 10,
            "created_time": "2025-02-13T00:06:05.573546Z",
            "yes_price": 3,
            "no_price": 97,
            "taker_side": "yes"
        },
        {
            "trade_id": "83d0ae10-a9cc-4496-a70f-0aaa46b19230",
            "ticker": "KXHIGHMIA-25FEB13-B80.5",
            "count": 8,
            "created_time": "2025-02-12T22:42:04.550957Z",
            "yes_price": 3,
            "no_price": 97,
            "taker_side": "yes"
        },
        {
            "trade_id": "aeaf4846-df10-4ce3-a34f-974d763d5400",
            "ticker": "KXHIGHMIA-25FEB13-B80.5",
            "count": 15,
            "created_time": "2025-02-12T22:36:01.743012Z",
            "yes_price": 3,
            "no_price": 97,
            "taker_side": "yes"
        },
        {
            "trade_id": "df22f3de-66c8-456b-add8-a3b54336d02d",
            "ticker": "KXHIGHMIA-25FEB13-B80.5",
            "count": 3,
            "created_time": "2025-02-12T22:05:19.966433Z",
            "yes_price": 3,
            "no_price": 97,
            "taker_side": "yes"
        },
        {
            "trade_id": "fda68ace-4ed0-46d1-bcd4-36351149cc30",
            "ticker": "KXHIGHMIA-25FEB13-B80.5",
            "count": 90,
            "created_time": "2025-02-12T15:24:13.04462Z",
            "yes_price": 9,
            "no_price": 91,
            "taker_side": "yes"
        },
        {
            "trade_id": "8be80486-4094-455b-9b98-472c7ec0d238",
            "ticker": "KXHIGHMIA-25FEB13-B80.5",
            "count": 18,
            "created_time": "2025-02-12T15:24:13.04462Z",
            "yes_price": 7,
            "no_price": 93,
            "taker_side": "yes"
        },
        {
            "trade_id": "c9af927f-390e-4c29-90b0-4654e16d812c",
            "ticker": "KXHIGHMIA-25FEB13-B80.5",
            "count": 2,
            "created_time": "2025-02-12T15:18:00.340078Z",
            "yes_price": 9,
            "no_price": 91,
            "taker_side": "yes"
        },
        {
            "trade_id": "58380c2c-ea1c-4128-b661-61274046aaae",
            "ticker": "KXHIGHMIA-25FEB13-B80.5",
            "count": 80,
            "created_time": "2025-02-12T15:18:00.340078Z",
            "yes_price": 7,
            "no_price": 93,
            "taker_side": "yes"
        },
        {
            "trade_id": "2a8c533b-1158-4f82-9d11-2bf16d61bde9",
            "ticker": "KXHIGHMIA-25FEB13-B80.5",
            "count": 24,
            "created_time": "2025-02-12T15:18:00.340078Z",
            "yes_price": 7,
            "no_price": 93,
            "taker_side": "yes"
        }
    ],
    "KXHIGHMIA-25FEB13-B82.5": [
        {
            "trade_id": "dd69b28f-7710-428d-a881-7890d5f531a2",
            "ticker": "KXHIGHMIA-25FEB13-B82.5",
            "count": 1,
            "created_time": "2025-02-14T00:38:25.608242Z",
            "yes_price": 1,
            "no_price": 99,
            "taker_side": "yes"
        },
        {
            "trade_id": "1d905971-2528-4e95-baab-9c4e410e4fc5",
            "ticker": "KXHIGHMIA-25FEB13-B82.5",
            "count": 11,
            "created_time": "2025-02-14T00:38:25.608242Z",
            "yes_price": 1,
            "no_price": 99,
            "taker_side": "yes"
        },
        {
            "trade_id": "d9d35449-8cff-4405-823e-2a3e9fbb829a",
            "ticker": "KXHIGHMIA-25FEB13-B82.5",
            "count": 66,
            "created_time": "2025-02-13T23:27:21.369884Z",
            "yes_price": 2,
            "no_price": 98,
            "taker_side": "yes"
        },
        {
            "trade_id": "8ef92223-6cc1-49df-ba55-a64b4820f870",
            "ticker": "KXHIGHMIA-25FEB13-B82.5",
            "count": 83,
            "created_time": "2025-02-13T23:27:21.369884Z",
            "yes_price": 2,
            "no_price": 98,
            "taker_side": "yes"
        },
        {
            "trade_id": "7b205545-d224-4a7f-9864-93c32a436e48",
            "ticker": "KXHIGHMIA-25FEB13-B82.5",
            "count": 100,
            "created_time": "2025-02-13T23:27:21.369884Z",
            "yes_price": 2,
            "no_price": 98,
            "taker_side": "yes"
        },
        {
            "trade_id": "34253458-964b-48c7-9de5-08796b3c69bf",
            "ticker": "KXHIGHMIA-25FEB13-B82.5",
            "count": 1,
            "created_time": "2025-02-13T23:27:21.369884Z",
            "yes_price": 1,
            "no_price": 99,
            "taker_side": "yes"
        },
        {
            "trade_id": "fe3550a4-b4d3-4bc4-81fd-b4789df65333",
            "ticker": "KXHIGHMIA-25FEB13-B82.5",
            "count": 50,
            "created_time": "2025-02-13T23:11:15.406872Z",
            "yes_price": 1,
            "no_price": 99,
            "taker_side": "yes"
        },
        {
            "trade_id": "e4e20373-c1f9-4779-84bc-614674d42f25",
            "ticker": "KXHIGHMIA-25FEB13-B82.5",
            "count": 5,
            "created_time": "2025-02-13T23:11:15.406872Z",
            "yes_price": 1,
            "no_price": 99,
            "taker_side": "yes"
        },
        {
            "trade_id": "9476765b-64d5-4172-9478-e1223a286a26",
            "ticker": "KXHIGHMIA-25FEB13-B82.5",
            "count": 300,
            "created_time": "2025-02-13T23:11:15.406872Z",
            "yes_price": 1,
            "no_price": 99,
            "taker_side": "yes"
        },
        {
            "trade_id": "6c264f8d-7897-4c8b-bcc7-207402487cb3",
            "ticker": "KXHIGHMIA-25FEB13-B82.5",
            "count": 1,
            "created_time": "2025-02-13T23:11:15.406872Z",
            "yes_price": 1,
            "no_price": 99,
            "taker_side": "yes"
        },
        {
            "trade_id": "297dba82-1693-4119-9d87-8fcf80fb72e8",
            "ticker": "KXHIGHMIA-25FEB13-B82.5",
            "count": 54,
            "created_time": "2025-02-13T23:11:15.406872Z",
            "yes_price": 2,
            "no_price": 98,
            "taker_side": "yes"
        },
        {
            "trade_id": "83025f97-85f2-4829-ac22-b05f597e1817",
            "ticker": "KXHIGHMIA-25FEB13-B82.5",
            "count": 6,
            "created_time": "2025-02-13T23:07:32.223282Z",
            "yes_price": 1,
            "no_price": 99,
            "taker_side": "yes"
        },
        {
            "trade_id": "09f1aa20-014a-43cc-8992-0a68fd17ae13",
            "ticker": "KXHIGHMIA-25FEB13-B82.5",
            "count": 93,
            "created_time": "2025-02-13T22:45:05.875215Z",
            "yes_price": 1,
            "no_price": 99,
            "taker_side": "yes"
        },
        {
            "trade_id": "cd081893-1b65-4c58-a5b4-00ab7fc5dfec",
            "ticker": "KXHIGHMIA-25FEB13-B82.5",
            "count": 93,
            "created_time": "2025-02-13T22:00:00.353707Z",
            "yes_price": 1,
            "no_price": 99,
            "taker_side": "yes"
        },
        {
            "trade_id": "015f0fcf-b6b9-4228-a851-1c933375f196",
            "ticker": "KXHIGHMIA-25FEB13-B82.5",
            "count": 93,
            "created_time": "2025-02-13T21:38:48.668997Z",
            "yes_price": 1,
            "no_price": 99,
            "taker_side": "yes"
        },
        {
            "trade_id": "c5fda9c1-6dcf-4991-ba6c-f3efa90b0e5d",
            "ticker": "KXHIGHMIA-25FEB13-B82.5",
            "count": 225,
            "created_time": "2025-02-13T21:36:43.520449Z",
            "yes_price": 1,
            "no_price": 99,
            "taker_side": "no"
        },
        {
            "trade_id": "23a055f7-b841-4e34-8c8d-4bb89ea4c833",
            "ticker": "KXHIGHMIA-25FEB13-B82.5",
            "count": 500,
            "created_time": "2025-02-13T21:36:43.520449Z",
            "yes_price": 1,
            "no_price": 99,
            "taker_side": "no"
        },
        {
            "trade_id": "8788fe96-fd91-47b3-83b7-fa1ee0c11f73",
            "ticker": "KXHIGHMIA-25FEB13-B82.5",
            "count": 93,
            "created_time": "2025-02-13T21:29:40.103112Z",
            "yes_price": 1,
            "no_price": 99,
            "taker_side": "no"
        },
        {
            "trade_id": "9276d97a-6b80-4de9-9836-a15cc66c7bd2",
            "ticker": "KXHIGHMIA-25FEB13-B82.5",
            "count": 362,
            "created_time": "2025-02-13T21:28:53.682291Z",
            "yes_price": 1,
            "no_price": 99,
            "taker_side": "no"
        },
        {
            "trade_id": "c724c384-8002-4a02-8aff-c150c22f7bc2",
            "ticker": "KXHIGHMIA-25FEB13-B82.5",
            "count": 100,
            "created_time": "2025-02-13T21:25:23.11106Z",
            "yes_price": 1,
            "no_price": 99,
            "taker_side": "no"
        },
        {
            "trade_id": "7f4169f8-54bb-4379-b1ce-045b72abc5d1",
            "ticker": "KXHIGHMIA-25FEB13-B82.5",
            "count": 678,
            "created_time": "2025-02-13T21:25:23.11106Z",
            "yes_price": 1,
            "no_price": 99,
            "taker_side": "no"
        },
        {
            "trade_id": "70abc6db-576d-41f2-b5ef-e37a65913c25",
            "ticker": "KXHIGHMIA-25FEB13-B82.5",
            "count": 50,
            "created_time": "2025-02-13T21:25:23.11106Z",
            "yes_price": 2,
            "no_price": 98,
            "taker_side": "no"
        },
        {
            "trade_id": "58c5ff3f-7806-4ef4-97b9-b5c5066b9a0c",
            "ticker": "KXHIGHMIA-25FEB13-B82.5",
            "count": 182,
            "created_time": "2025-02-13T21:25:23.11106Z",
            "yes_price": 1,
            "no_price": 99,
            "taker_side": "no"
        },
        {
            "trade_id": "0faf2894-d7b4-4c5d-bd2c-8ff495f6efa8",
            "ticker": "KXHIGHMIA-25FEB13-B82.5",
            "count": 50,
            "created_time": "2025-02-13T21:25:23.11106Z",
            "yes_price": 1,
            "no_price": 99,
            "taker_side": "no"
        },
        {
            "trade_id": "04116dab-dc7d-4983-99f0-9def9f1bcb8b",
            "ticker": "KXHIGHMIA-25FEB13-B82.5",
            "count": 136,
            "created_time": "2025-02-13T21:25:23.11106Z",
            "yes_price": 1,
            "no_price": 99,
            "taker_side": "no"
        },
        {
            "trade_id": "fe5b9557-6c8f-489a-801d-d7e9aeb47b07",
            "ticker": "KXHIGHMIA-25FEB13-B82.5",
            "count": 156,
            "created_time": "2025-02-13T21:25:05.246112Z",
            "yes_price": 3,
            "no_price": 97,
            "taker_side": "yes"
        },
        {
            "trade_id": "af3834d4-548d-44e2-9c7c-198449f6396f",
            "ticker": "KXHIGHMIA-25FEB13-B82.5",
            "count": 100,
            "created_time": "2025-02-13T21:24:51.306761Z",
            "yes_price": 3,
            "no_price": 97,
            "taker_side": "yes"
        },
        {
            "trade_id": "2e0b2c36-0381-4d86-8d97-75f27a3e1994",
            "ticker": "KXHIGHMIA-25FEB13-B82.5",
            "count": 4,
            "created_time": "2025-02-13T21:24:19.528426Z",
            "yes_price": 7,
            "no_price": 93,
            "taker_side": "no"
        },
        {
            "trade_id": "42a3665b-1b94-4a47-89e1-75a4e7a04a64",
            "ticker": "KXHIGHMIA-25FEB13-B82.5",
            "count": 94,
            "created_time": "2025-02-13T21:23:44.144069Z",
            "yes_price": 10,
            "no_price": 90,
            "taker_side": "yes"
        },
        {
            "trade_id": "e734f378-c22f-49b7-884c-bb4d9a7bff91",
            "ticker": "KXHIGHMIA-25FEB13-B82.5",
            "count": 50,
            "created_time": "2025-02-13T21:22:59.895415Z",
            "yes_price": 4,
            "no_price": 96,
            "taker_side": "no"
        },
        {
            "trade_id": "b9ba5a58-a01d-45cf-8adb-517dcdfefbcd",
            "ticker": "KXHIGHMIA-25FEB13-B82.5",
            "count": 100,
            "created_time": "2025-02-13T21:22:59.895415Z",
            "yes_price": 3,
            "no_price": 97,
            "taker_side": "no"
        },
        {
            "trade_id": "b44bbb0e-ece0-4e66-9c85-95be0b73a571",
            "ticker": "KXHIGHMIA-25FEB13-B82.5",
            "count": 147,
            "created_time": "2025-02-13T21:22:45.963652Z",
            "yes_price": 6,
            "no_price": 94,
            "taker_side": "yes"
        },
        {
            "trade_id": "98d64af2-d544-40fa-be8a-59ad95b7dd19",
            "ticker": "KXHIGHMIA-25FEB13-B82.5",
            "count": 3,
            "created_time": "2025-02-13T21:22:45.963652Z",
            "yes_price": 9,
            "no_price": 91,
            "taker_side": "yes"
        },
        {
            "trade_id": "47209642-597b-41e9-a611-41b9663ebb94",
            "ticker": "KXHIGHMIA-25FEB13-B82.5",
            "count": 50,
            "created_time": "2025-02-13T21:22:45.963652Z",
            "yes_price": 7,
            "no_price": 93,
            "taker_side": "yes"
        },
        {
            "trade_id": "5fe30af4-4f22-4a15-809a-39600b0fa3a7",
            "ticker": "KXHIGHMIA-25FEB13-B82.5",
            "count": 42,
            "created_time": "2025-02-13T21:22:27.552591Z",
            "yes_price": 6,
            "no_price": 94,
            "taker_side": "yes"
        },
        {
            "trade_id": "1fd48045-05c3-4921-9055-35507601530c",
            "ticker": "KXHIGHMIA-25FEB13-B82.5",
            "count": 30,
            "created_time": "2025-02-13T21:22:25.114477Z",
            "yes_price": 6,
            "no_price": 94,
            "taker_side": "yes"
        },
        {
            "trade_id": "7a60f6e9-fe0c-4303-958b-d5b1b3352488",
            "ticker": "KXHIGHMIA-25FEB13-B82.5",
            "count": 7,
            "created_time": "2025-02-13T21:22:23.902405Z",
            "yes_price": 6,
            "no_price": 94,
            "taker_side": "no"
        },
        {
            "trade_id": "b0e28223-3c8f-438d-8054-d0e49eb6a46e",
            "ticker": "KXHIGHMIA-25FEB13-B82.5",
            "count": 42,
            "created_time": "2025-02-13T21:22:04.212712Z",
            "yes_price": 11,
            "no_price": 89,
            "taker_side": "yes"
        },
        {
            "trade_id": "a8b0a1e7-e949-4345-bcd6-47bef69a0e2d",
            "ticker": "KXHIGHMIA-25FEB13-B82.5",
            "count": 100,
            "created_time": "2025-02-13T21:21:04.266239Z",
            "yes_price": 10,
            "no_price": 90,
            "taker_side": "yes"
        },
        {
            "trade_id": "ccb5e23f-179d-4b85-949b-9aa97381023a",
            "ticker": "KXHIGHMIA-25FEB13-B82.5",
            "count": 50,
            "created_time": "2025-02-13T21:20:42.119264Z",
            "yes_price": 8,
            "no_price": 92,
            "taker_side": "yes"
        },
        {
            "trade_id": "a3074537-9649-42b4-ae0b-83bb830fc3cf",
            "ticker": "KXHIGHMIA-25FEB13-B82.5",
            "count": 243,
            "created_time": "2025-02-13T21:20:42.119264Z",
            "yes_price": 9,
            "no_price": 91,
            "taker_side": "yes"
        },
        {
            "trade_id": "2d737911-04a0-4d04-a68a-4c0105e3da74",
            "ticker": "KXHIGHMIA-25FEB13-B82.5",
            "count": 7,
            "created_time": "2025-02-13T21:20:42.119264Z",
            "yes_price": 9,
            "no_price": 91,
            "taker_side": "yes"
        },
        {
            "trade_id": "bb8a7ecd-6569-4504-b006-8ef7a1099383",
            "ticker": "KXHIGHMIA-25FEB13-B82.5",
            "count": 5,
            "created_time": "2025-02-13T21:19:58.202589Z",
            "yes_price": 7,
            "no_price": 93,
            "taker_side": "no"
        },
        {
            "trade_id": "9702e3f6-0f5f-4e63-954b-eb906e7683fe",
            "ticker": "KXHIGHMIA-25FEB13-B82.5",
            "count": 50,
            "created_time": "2025-02-13T21:18:28.712086Z",
            "yes_price": 6,
            "no_price": 94,
            "taker_side": "yes"
        },
        {
            "trade_id": "057eb8b9-5f13-49bf-9113-dbc22c0fb3f0",
            "ticker": "KXHIGHMIA-25FEB13-B82.5",
            "count": 1,
            "created_time": "2025-02-13T21:18:28.712086Z",
            "yes_price": 7,
            "no_price": 93,
            "taker_side": "yes"
        },
        {
            "trade_id": "750d0ba7-6a5e-4175-baf8-94d79483b48b",
            "ticker": "KXHIGHMIA-25FEB13-B82.5",
            "count": 130,
            "created_time": "2025-02-13T21:16:30.521906Z",
            "yes_price": 3,
            "no_price": 97,
            "taker_side": "no"
        },
        {
            "trade_id": "dfc3c5eb-b6b4-4e45-8ec7-cc4653056d80",
            "ticker": "KXHIGHMIA-25FEB13-B82.5",
            "count": 38,
            "created_time": "2025-02-13T21:15:50.660238Z",
            "yes_price": 7,
            "no_price": 93,
            "taker_side": "yes"
        },
        {
            "trade_id": "a0091b5d-5c83-4ed4-9abe-2a4eb2474d23",
            "ticker": "KXHIGHMIA-25FEB13-B82.5",
            "count": 612,
            "created_time": "2025-02-13T21:15:50.660238Z",
            "yes_price": 5,
            "no_price": 95,
            "taker_side": "yes"
        },
        {
            "trade_id": "6d60665f-171f-45bd-a0f1-34f404fa3008",
            "ticker": "KXHIGHMIA-25FEB13-B82.5",
            "count": 226,
            "created_time": "2025-02-13T21:15:50.660238Z",
            "yes_price": 6,
            "no_price": 94,
            "taker_side": "yes"
        },
        {
            "trade_id": "f8d34344-7e4a-4abe-8024-6b78cf18700f",
            "ticker": "KXHIGHMIA-25FEB13-B82.5",
            "count": 50,
            "created_time": "2025-02-13T21:13:20.874417Z",
            "yes_price": 5,
            "no_price": 95,
            "taker_side": "yes"
        },
        {
            "trade_id": "9342406b-0a2e-4d7f-87a7-d868892e4c1d",
            "ticker": "KXHIGHMIA-25FEB13-B82.5",
            "count": 55,
            "created_time": "2025-02-13T21:13:20.874417Z",
            "yes_price": 5,
            "no_price": 95,
            "taker_side": "yes"
        },
        {
            "trade_id": "3433d13a-9c00-4ed7-801c-e93f866abb8d",
            "ticker": "KXHIGHMIA-25FEB13-B82.5",
            "count": 233,
            "created_time": "2025-02-13T21:12:56.492817Z",
            "yes_price": 2,
            "no_price": 98,
            "taker_side": "yes"
        },
        {
            "trade_id": "7349233a-e1fb-4460-8fa3-a59b5fb53def",
            "ticker": "KXHIGHMIA-25FEB13-B82.5",
            "count": 150,
            "created_time": "2025-02-13T21:09:44.601209Z",
            "yes_price": 2,
            "no_price": 98,
            "taker_side": "yes"
        },
        {
            "trade_id": "ff8ba9a4-7f76-40ae-b8f6-020903b433f0",
            "ticker": "KXHIGHMIA-25FEB13-B82.5",
            "count": 50,
            "created_time": "2025-02-13T21:09:30.148107Z",
            "yes_price": 2,
            "no_price": 98,
            "taker_side": "no"
        },
        {
            "trade_id": "1120eaf6-9781-430b-a863-1bbf8698023c",
            "ticker": "KXHIGHMIA-25FEB13-B82.5",
            "count": 85,
            "created_time": "2025-02-13T21:07:39.226185Z",
            "yes_price": 45,
            "no_price": 55,
            "taker_side": "yes"
        },
        {
            "trade_id": "c4ac174c-d9ef-4266-899a-25594c69d7f0",
            "ticker": "KXHIGHMIA-25FEB13-B82.5",
            "count": 20,
            "created_time": "2025-02-13T21:07:19.234483Z",
            "yes_price": 48,
            "no_price": 52,
            "taker_side": "yes"
        },
        {
            "trade_id": "f673ea7f-6aab-4220-bdb7-d2a56d28812e",
            "ticker": "KXHIGHMIA-25FEB13-B82.5",
            "count": 94,
            "created_time": "2025-02-13T21:07:09.057982Z",
            "yes_price": 25,
            "no_price": 75,
            "taker_side": "yes"
        },
        {
            "trade_id": "98adf6a7-7b96-4fd9-9d21-d4368c01b66e",
            "ticker": "KXHIGHMIA-25FEB13-B82.5",
            "count": 6,
            "created_time": "2025-02-13T21:07:09.057982Z",
            "yes_price": 48,
            "no_price": 52,
            "taker_side": "yes"
        },
        {
            "trade_id": "950c2e97-abc4-4f8d-8a7b-93d74f4fc7b3",
            "ticker": "KXHIGHMIA-25FEB13-B82.5",
            "count": 3,
            "created_time": "2025-02-13T21:07:09.057982Z",
            "yes_price": 44,
            "no_price": 56,
            "taker_side": "yes"
        },
        {
            "trade_id": "68c4d951-f2dc-4a22-be32-fc86e2187a7f",
            "ticker": "KXHIGHMIA-25FEB13-B82.5",
            "count": 1,
            "created_time": "2025-02-13T21:07:09.057982Z",
            "yes_price": 47,
            "no_price": 53,
            "taker_side": "yes"
        },
        {
            "trade_id": "e77fbf7f-7d6a-48d7-8dbe-f4ffe7bcef3b",
            "ticker": "KXHIGHMIA-25FEB13-B82.5",
            "count": 49,
            "created_time": "2025-02-13T21:06:53.536045Z",
            "yes_price": 14,
            "no_price": 86,
            "taker_side": "yes"
        },
        {
            "trade_id": "e308b9e4-64dc-48a0-9409-6012a24d405b",
            "ticker": "KXHIGHMIA-25FEB13-B82.5",
            "count": 24,
            "created_time": "2025-02-13T21:06:53.536045Z",
            "yes_price": 24,
            "no_price": 76,
            "taker_side": "yes"
        },
        {
            "trade_id": "d17e5a4d-13eb-4054-b00c-60c4deada092",
            "ticker": "KXHIGHMIA-25FEB13-B82.5",
            "count": 6,
            "created_time": "2025-02-13T21:06:53.536045Z",
            "yes_price": 25,
            "no_price": 75,
            "taker_side": "yes"
        },
        {
            "trade_id": "b7575d7e-6f3f-470e-a41b-6a252dcf6d44",
            "ticker": "KXHIGHMIA-25FEB13-B82.5",
            "count": 50,
            "created_time": "2025-02-13T21:06:53.536045Z",
            "yes_price": 7,
            "no_price": 93,
            "taker_side": "yes"
        },
        {
            "trade_id": "87f96885-a55e-4ac6-be5e-1da02cae93cf",
            "ticker": "KXHIGHMIA-25FEB13-B82.5",
            "count": 17,
            "created_time": "2025-02-13T21:06:53.536045Z",
            "yes_price": 10,
            "no_price": 90,
            "taker_side": "yes"
        },
        {
            "trade_id": "10ad59ed-1da3-4db4-ad14-f28801b06fe4",
            "ticker": "KXHIGHMIA-25FEB13-B82.5",
            "count": 10,
            "created_time": "2025-02-13T21:06:53.536045Z",
            "yes_price": 14,
            "no_price": 86,
            "taker_side": "yes"
        },
        {
            "trade_id": "05b46273-6994-4dd5-90ce-a59b5cdaccc4",
            "ticker": "KXHIGHMIA-25FEB13-B82.5",
            "count": 50,
            "created_time": "2025-02-13T21:06:53.536045Z",
            "yes_price": 15,
            "no_price": 85,
            "taker_side": "yes"
        },
        {
            "trade_id": "b0af2a09-f109-4c77-bdd6-4bdfe37ff599",
            "ticker": "KXHIGHMIA-25FEB13-B82.5",
            "count": 322,
            "created_time": "2025-02-13T21:06:22.049356Z",
            "yes_price": 1,
            "no_price": 99,
            "taker_side": "no"
        },
        {
            "trade_id": "57dc8325-a830-4c1f-96b2-d3422d2d90f0",
            "ticker": "KXHIGHMIA-25FEB13-B82.5",
            "count": 83,
            "created_time": "2025-02-13T21:04:33.193033Z",
            "yes_price": 10,
            "no_price": 90,
            "taker_side": "yes"
        },
        {
            "trade_id": "03517a65-442f-4018-830a-a0e67ed5857c",
            "ticker": "KXHIGHMIA-25FEB13-B82.5",
            "count": 15,
            "created_time": "2025-02-13T21:04:33.193033Z",
            "yes_price": 7,
            "no_price": 93,
            "taker_side": "yes"
        },
        {
            "trade_id": "92465a06-80ee-4f72-b433-f33933898ca8",
            "ticker": "KXHIGHMIA-25FEB13-B82.5",
            "count": 35,
            "created_time": "2025-02-13T21:04:15.825989Z",
            "yes_price": 7,
            "no_price": 93,
            "taker_side": "yes"
        },
        {
            "trade_id": "6f22e992-f802-487d-b6a6-c323a33f7298",
            "ticker": "KXHIGHMIA-25FEB13-B82.5",
            "count": 9,
            "created_time": "2025-02-13T21:04:06.527675Z",
            "yes_price": 5,
            "no_price": 95,
            "taker_side": "yes"
        },
        {
            "trade_id": "53e43e2d-6950-4c21-9d12-93939d132691",
            "ticker": "KXHIGHMIA-25FEB13-B82.5",
            "count": 1,
            "created_time": "2025-02-13T21:03:42.783067Z",
            "yes_price": 5,
            "no_price": 95,
            "taker_side": "yes"
        },
        {
            "trade_id": "621e9d24-5a02-49fc-900b-dc92875002fb",
            "ticker": "KXHIGHMIA-25FEB13-B82.5",
            "count": 70,
            "created_time": "2025-02-13T20:51:47.689981Z",
            "yes_price": 4,
            "no_price": 96,
            "taker_side": "yes"
        },
        {
            "trade_id": "d51c82bf-78e0-430b-ac28-42d3f739b131",
            "ticker": "KXHIGHMIA-25FEB13-B82.5",
            "count": 438,
            "created_time": "2025-02-13T20:51:21.564238Z",
            "yes_price": 4,
            "no_price": 96,
            "taker_side": "yes"
        },
        {
            "trade_id": "987eb3d4-e880-42d6-bdc0-0d2dfecbc085",
            "ticker": "KXHIGHMIA-25FEB13-B82.5",
            "count": 40,
            "created_time": "2025-02-13T20:51:21.564238Z",
            "yes_price": 3,
            "no_price": 97,
            "taker_side": "yes"
        },
        {
            "trade_id": "82fb7f51-3d74-41da-bbb1-96b5a96a878c",
            "ticker": "KXHIGHMIA-25FEB13-B82.5",
            "count": 10,
            "created_time": "2025-02-13T20:50:32.215849Z",
            "yes_price": 3,
            "no_price": 97,
            "taker_side": "yes"
        },
        {
            "trade_id": "c43c259f-d93a-4d3e-8781-38f025d78f09",
            "ticker": "KXHIGHMIA-25FEB13-B82.5",
            "count": 500,
            "created_time": "2025-02-13T20:49:27.422369Z",
            "yes_price": 1,
            "no_price": 99,
            "taker_side": "yes"
        },
        {
            "trade_id": "7fd5f943-bf9f-4b9e-9d60-fd8550851547",
            "ticker": "KXHIGHMIA-25FEB13-B82.5",
            "count": 503,
            "created_time": "2025-02-13T20:49:27.422369Z",
            "yes_price": 4,
            "no_price": 96,
            "taker_side": "yes"
        },
        {
            "trade_id": "7ac82aca-8acf-481b-83ce-7aa039196cc2",
            "ticker": "KXHIGHMIA-25FEB13-B82.5",
            "count": 2,
            "created_time": "2025-02-13T20:49:27.422369Z",
            "yes_price": 1,
            "no_price": 99,
            "taker_side": "yes"
        },
        {
            "trade_id": "5e4677de-e177-49fa-b903-7029f2262fb3",
            "ticker": "KXHIGHMIA-25FEB13-B82.5",
            "count": 100,
            "created_time": "2025-02-13T20:49:27.422369Z",
            "yes_price": 1,
            "no_price": 99,
            "taker_side": "yes"
        },
        {
            "trade_id": "4f1046dc-94fc-447a-ab08-a28ea041dbac",
            "ticker": "KXHIGHMIA-25FEB13-B82.5",
            "count": 1999,
            "created_time": "2025-02-13T20:49:27.422369Z",
            "yes_price": 1,
            "no_price": 99,
            "taker_side": "yes"
        },
        {
            "trade_id": "29477954-52e8-49f1-97fd-f0bc63b1e7e9",
            "ticker": "KXHIGHMIA-25FEB13-B82.5",
            "count": 4640,
            "created_time": "2025-02-13T20:49:27.422369Z",
            "yes_price": 1,
            "no_price": 99,
            "taker_side": "yes"
        },
        {
            "trade_id": "264c249f-77e3-4eeb-91a2-938861e5ec49",
            "ticker": "KXHIGHMIA-25FEB13-B82.5",
            "count": 50,
            "created_time": "2025-02-13T20:49:27.422369Z",
            "yes_price": 2,
            "no_price": 98,
            "taker_side": "yes"
        },
        {
            "trade_id": "5ce24dcd-db15-42ef-ac5f-f137b621c006",
            "ticker": "KXHIGHMIA-25FEB13-B82.5",
            "count": 100,
            "created_time": "2025-02-13T20:47:35.531333Z",
            "yes_price": 1,
            "no_price": 99,
            "taker_side": "yes"
        },
        {
            "trade_id": "f2286f78-cf59-4cb3-967d-0263c3c425b8",
            "ticker": "KXHIGHMIA-25FEB13-B82.5",
            "count": 1000,
            "created_time": "2025-02-13T20:46:24.603464Z",
            "yes_price": 1,
            "no_price": 99,
            "taker_side": "yes"
        },
        {
            "trade_id": "2b428b33-2079-4d1f-a721-81566f3b7db0",
            "ticker": "KXHIGHMIA-25FEB13-B82.5",
            "count": 467,
            "created_time": "2025-02-13T20:42:10.267107Z",
            "yes_price": 1,
            "no_price": 99,
            "taker_side": "yes"
        },
        {
            "trade_id": "26e2a25d-ffea-48a4-8f6d-d79a3e497888",
            "ticker": "KXHIGHMIA-25FEB13-B82.5",
            "count": 922,
            "created_time": "2025-02-13T20:40:49.108295Z",
            "yes_price": 1,
            "no_price": 99,
            "taker_side": "yes"
        },
        {
            "trade_id": "146eae37-7d57-4d03-9b27-006dd3fa70f8",
            "ticker": "KXHIGHMIA-25FEB13-B82.5",
            "count": 93,
            "created_time": "2025-02-13T20:38:12.904709Z",
            "yes_price": 1,
            "no_price": 99,
            "taker_side": "yes"
        },
        {
            "trade_id": "3483b2b3-557e-4f55-89be-95e7040d7b97",
            "ticker": "KXHIGHMIA-25FEB13-B82.5",
            "count": 10,
            "created_time": "2025-02-13T20:37:21.444501Z",
            "yes_price": 1,
            "no_price": 99,
            "taker_side": "yes"
        },
        {
            "trade_id": "705b62c4-ee26-43ab-bfb8-2f7b51c90bd8",
            "ticker": "KXHIGHMIA-25FEB13-B82.5",
            "count": 1337,
            "created_time": "2025-02-13T20:36:36.489603Z",
            "yes_price": 1,
            "no_price": 99,
            "taker_side": "yes"
        },
        {
            "trade_id": "0fd843de-d340-4b4f-b504-2a01e9972573",
            "ticker": "KXHIGHMIA-25FEB13-B82.5",
            "count": 1468,
            "created_time": "2025-02-13T20:36:36.489603Z",
            "yes_price": 1,
            "no_price": 99,
            "taker_side": "yes"
        },
        {
            "trade_id": "8e988a2f-1e36-4094-bd79-facca6193619",
            "ticker": "KXHIGHMIA-25FEB13-B82.5",
            "count": 100,
            "created_time": "2025-02-13T20:36:00.050495Z",
            "yes_price": 1,
            "no_price": 99,
            "taker_side": "yes"
        },
        {
            "trade_id": "edbd0158-0872-4eba-a720-3a1c1f2df87c",
            "ticker": "KXHIGHMIA-25FEB13-B82.5",
            "count": 467,
            "created_time": "2025-02-13T20:34:49.559215Z",
            "yes_price": 1,
            "no_price": 99,
            "taker_side": "yes"
        },
        {
            "trade_id": "f25c2e95-5ac1-4b10-b339-f6bc920642f3",
            "ticker": "KXHIGHMIA-25FEB13-B82.5",
            "count": 467,
            "created_time": "2025-02-13T20:34:36.196659Z",
            "yes_price": 1,
            "no_price": 99,
            "taker_side": "yes"
        },
        {
            "trade_id": "1623e844-40b9-4b37-a2b4-42c314d2b0e9",
            "ticker": "KXHIGHMIA-25FEB13-B82.5",
            "count": 50,
            "created_time": "2025-02-13T20:30:41.371818Z",
            "yes_price": 1,
            "no_price": 99,
            "taker_side": "yes"
        },
        {
            "trade_id": "0c956ffb-9f67-49ee-8265-e37855532f5b",
            "ticker": "KXHIGHMIA-25FEB13-B82.5",
            "count": 32,
            "created_time": "2025-02-13T20:30:04.806251Z",
            "yes_price": 1,
            "no_price": 99,
            "taker_side": "yes"
        },
        {
            "trade_id": "97ce2e38-09bf-480c-a9c4-a2d6a9737e9e",
            "ticker": "KXHIGHMIA-25FEB13-B82.5",
            "count": 700,
            "created_time": "2025-02-13T20:30:01.646321Z",
            "yes_price": 1,
            "no_price": 99,
            "taker_side": "yes"
        },
        {
            "trade_id": "ef3866c3-8651-4cd8-bd71-56199ec55a6a",
            "ticker": "KXHIGHMIA-25FEB13-B82.5",
            "count": 1683,
            "created_time": "2025-02-13T20:28:21.599407Z",
            "yes_price": 1,
            "no_price": 99,
            "taker_side": "yes"
        },
        {
            "trade_id": "15d1fe62-fedc-4562-b9c0-3ff1337fb520",
            "ticker": "KXHIGHMIA-25FEB13-B82.5",
            "count": 500,
            "created_time": "2025-02-13T20:27:25.62996Z",
            "yes_price": 1,
            "no_price": 99,
            "taker_side": "yes"
        },
        {
            "trade_id": "d0fe4cac-4c0e-4ebe-8aa7-36fda3996c17",
            "ticker": "KXHIGHMIA-25FEB13-B82.5",
            "count": 3,
            "created_time": "2025-02-13T20:26:02.201967Z",
            "yes_price": 1,
            "no_price": 99,
            "taker_side": "yes"
        },
        {
            "trade_id": "81db877f-d0cb-486d-b1f0-1b291995ac2d",
            "ticker": "KXHIGHMIA-25FEB13-B82.5",
            "count": 50,
            "created_time": "2025-02-13T20:25:24.69042Z",
            "yes_price": 1,
            "no_price": 99,
            "taker_side": "yes"
        },
        {
            "trade_id": "74c9fff1-3b87-4529-8fd6-d3fa3f591ab6",
            "ticker": "KXHIGHMIA-25FEB13-B82.5",
            "count": 50,
            "created_time": "2025-02-13T20:25:23.725296Z",
            "yes_price": 1,
            "no_price": 99,
            "taker_side": "yes"
        },
        {
            "trade_id": "f935f16f-885d-4013-af9c-24bef1212219",
            "ticker": "KXHIGHMIA-25FEB13-B82.5",
            "count": 128,
            "created_time": "2025-02-13T20:25:18.22358Z",
            "yes_price": 1,
            "no_price": 99,
            "taker_side": "yes"
        },
        {
            "trade_id": "1a7bb3f2-a4a2-46fe-8d6e-9e1577b831f0",
            "ticker": "KXHIGHMIA-25FEB13-B82.5",
            "count": 3,
            "created_time": "2025-02-13T20:24:28.839469Z",
            "yes_price": 1,
            "no_price": 99,
            "taker_side": "yes"
        },
        {
            "trade_id": "fb82c0ab-f6e9-461f-975a-c6adcfb75750",
            "ticker": "KXHIGHMIA-25FEB13-B82.5",
            "count": 164,
            "created_time": "2025-02-13T20:22:35.678703Z",
            "yes_price": 1,
            "no_price": 99,
            "taker_side": "yes"
        },
        {
            "trade_id": "0df1fe28-f223-4a76-a813-e5f575512efa",
            "ticker": "KXHIGHMIA-25FEB13-B82.5",
            "count": 10,
            "created_time": "2025-02-13T20:20:34.839264Z",
            "yes_price": 1,
            "no_price": 99,
            "taker_side": "yes"
        },
        {
            "trade_id": "9c7c9262-fedd-43b4-83c4-9ee626df9239",
            "ticker": "KXHIGHMIA-25FEB13-B82.5",
            "count": 50,
            "created_time": "2025-02-13T20:20:30.571474Z",
            "yes_price": 1,
            "no_price": 99,
            "taker_side": "yes"
        },
        {
            "trade_id": "d4a840ef-c5c1-4db1-aad7-fec5a4f2a648",
            "ticker": "KXHIGHMIA-25FEB13-B82.5",
            "count": 50,
            "created_time": "2025-02-13T20:20:29.539271Z",
            "yes_price": 1,
            "no_price": 99,
            "taker_side": "yes"
        },
        {
            "trade_id": "3a471fd2-cb3c-4485-ba76-e3b3ea5b957b",
            "ticker": "KXHIGHMIA-25FEB13-B82.5",
            "count": 50,
            "created_time": "2025-02-13T20:20:29.124004Z",
            "yes_price": 1,
            "no_price": 99,
            "taker_side": "yes"
        },
        {
            "trade_id": "4767e64a-a558-4f40-a8da-f04da1aac3ac",
            "ticker": "KXHIGHMIA-25FEB13-B82.5",
            "count": 1,
            "created_time": "2025-02-13T20:19:13.253389Z",
            "yes_price": 1,
            "no_price": 99,
            "taker_side": "yes"
        },
        {
            "trade_id": "86e2887e-df86-4175-a8f4-2c30094fa868",
            "ticker": "KXHIGHMIA-25FEB13-B82.5",
            "count": 100,
            "created_time": "2025-02-13T20:17:39.528289Z",
            "yes_price": 1,
            "no_price": 99,
            "taker_side": "yes"
        },
        {
            "trade_id": "6cdfe49d-8336-4be7-88ab-721874f9e75d",
            "ticker": "KXHIGHMIA-25FEB13-B82.5",
            "count": 184,
            "created_time": "2025-02-13T20:17:08.187567Z",
            "yes_price": 1,
            "no_price": 99,
            "taker_side": "yes"
        },
        {
            "trade_id": "cca6c913-da94-4ac8-bd1a-5bfa933483e6",
            "ticker": "KXHIGHMIA-25FEB13-B82.5",
            "count": 50,
            "created_time": "2025-02-13T20:15:35.676664Z",
            "yes_price": 1,
            "no_price": 99,
            "taker_side": "yes"
        },
        {
            "trade_id": "408151ff-dcdf-4d44-81dd-61e03359484d",
            "ticker": "KXHIGHMIA-25FEB13-B82.5",
            "count": 50,
            "created_time": "2025-02-13T20:15:34.678101Z",
            "yes_price": 1,
            "no_price": 99,
            "taker_side": "yes"
        },
        {
            "trade_id": "96bbc0ea-92a0-49ae-9406-87b745c1fb27",
            "ticker": "KXHIGHMIA-25FEB13-B82.5",
            "count": 50,
            "created_time": "2025-02-13T20:15:33.742373Z",
            "yes_price": 1,
            "no_price": 99,
            "taker_side": "yes"
        },
        {
            "trade_id": "a479ea25-b0bc-4366-91ba-e4f7f16b7d36",
            "ticker": "KXHIGHMIA-25FEB13-B82.5",
            "count": 250,
            "created_time": "2025-02-13T20:13:08.060005Z",
            "yes_price": 1,
            "no_price": 99,
            "taker_side": "yes"
        },
        {
            "trade_id": "3c9f51e7-0184-405e-9600-6a73a906e1f9",
            "ticker": "KXHIGHMIA-25FEB13-B82.5",
            "count": 100,
            "created_time": "2025-02-13T20:12:01.130861Z",
            "yes_price": 1,
            "no_price": 99,
            "taker_side": "yes"
        },
        {
            "trade_id": "d9822ed2-6493-40a1-840b-8106b8d4d4b2",
            "ticker": "KXHIGHMIA-25FEB13-B82.5",
            "count": 3,
            "created_time": "2025-02-13T20:12:00.996568Z",
            "yes_price": 17,
            "no_price": 83,
            "taker_side": "no"
        },
        {
            "trade_id": "b6829fd1-f09e-4823-a8bd-58be88d5d3f5",
            "ticker": "KXHIGHMIA-25FEB13-B82.5",
            "count": 47,
            "created_time": "2025-02-13T20:12:00.996568Z",
            "yes_price": 71,
            "no_price": 29,
            "taker_side": "no"
        },
        {
            "trade_id": "ac4a4db1-762d-45f6-921b-bbe650f7735f",
            "ticker": "KXHIGHMIA-25FEB13-B82.5",
            "count": 100,
            "created_time": "2025-02-13T20:12:00.996568Z",
            "yes_price": 52,
            "no_price": 48,
            "taker_side": "no"
        },
        {
            "trade_id": "a12e85de-8a95-4e1c-8d27-e81388358daf",
            "ticker": "KXHIGHMIA-25FEB13-B82.5",
            "count": 300,
            "created_time": "2025-02-13T20:12:00.996568Z",
            "yes_price": 2,
            "no_price": 98,
            "taker_side": "no"
        },
        {
            "trade_id": "9bc0356d-ef8d-41de-a1ca-8c5475a64f98",
            "ticker": "KXHIGHMIA-25FEB13-B82.5",
            "count": 1,
            "created_time": "2025-02-13T20:12:00.996568Z",
            "yes_price": 34,
            "no_price": 66,
            "taker_side": "no"
        },
        {
            "trade_id": "949c64af-198a-42f4-bd29-650401716122",
            "ticker": "KXHIGHMIA-25FEB13-B82.5",
            "count": 80,
            "created_time": "2025-02-13T20:12:00.996568Z",
            "yes_price": 1,
            "no_price": 99,
            "taker_side": "no"
        },
        {
            "trade_id": "811c8593-ab85-41e7-b810-633e335ea81c",
            "ticker": "KXHIGHMIA-25FEB13-B82.5",
            "count": 50,
            "created_time": "2025-02-13T20:12:00.996568Z",
            "yes_price": 16,
            "no_price": 84,
            "taker_side": "no"
        },
        {
            "trade_id": "66743bed-9a1e-4076-aaf2-64f88d9f0ab0",
            "ticker": "KXHIGHMIA-25FEB13-B82.5",
            "count": 1,
            "created_time": "2025-02-13T20:12:00.996568Z",
            "yes_price": 30,
            "no_price": 70,
            "taker_side": "no"
        },
        {
            "trade_id": "61f0b043-9701-415a-af02-c7de2032046d",
            "ticker": "KXHIGHMIA-25FEB13-B82.5",
            "count": 150,
            "created_time": "2025-02-13T20:12:00.996568Z",
            "yes_price": 1,
            "no_price": 99,
            "taker_side": "no"
        },
        {
            "trade_id": "3c1d29b8-23f9-41d0-8c0e-e61642610e55",
            "ticker": "KXHIGHMIA-25FEB13-B82.5",
            "count": 200,
            "created_time": "2025-02-13T20:12:00.996568Z",
            "yes_price": 12,
            "no_price": 88,
            "taker_side": "no"
        },
        {
            "trade_id": "33ab626f-560a-4fb4-a967-5125d030ec16",
            "ticker": "KXHIGHMIA-25FEB13-B82.5",
            "count": 200,
            "created_time": "2025-02-13T20:12:00.996568Z",
            "yes_price": 5,
            "no_price": 95,
            "taker_side": "no"
        },
        {
            "trade_id": "1eb24423-6774-4864-95e6-c2fe2678e99f",
            "ticker": "KXHIGHMIA-25FEB13-B82.5",
            "count": 50,
            "created_time": "2025-02-13T20:12:00.996568Z",
            "yes_price": 63,
            "no_price": 37,
            "taker_side": "no"
        },
        {
            "trade_id": "133bf04f-a1eb-4d93-b8a2-ea5039a85e31",
            "ticker": "KXHIGHMIA-25FEB13-B82.5",
            "count": 200,
            "created_time": "2025-02-13T20:12:00.996568Z",
            "yes_price": 45,
            "no_price": 55,
            "taker_side": "no"
        },
        {
            "trade_id": "101b8f8b-48b1-4725-9854-b34cc0b7d2bb",
            "ticker": "KXHIGHMIA-25FEB13-B82.5",
            "count": 100,
            "created_time": "2025-02-13T20:12:00.996568Z",
            "yes_price": 23,
            "no_price": 77,
            "taker_side": "no"
        },
        {
            "trade_id": "ce45b8c4-fd7a-40c0-8f5c-3da08ca03dd7",
            "ticker": "KXHIGHMIA-25FEB13-B82.5",
            "count": 3,
            "created_time": "2025-02-13T20:12:00.714504Z",
            "yes_price": 71,
            "no_price": 29,
            "taker_side": "no"
        },
        {
            "trade_id": "ba727f83-c814-40fd-877d-7f84c2c634c8",
            "ticker": "KXHIGHMIA-25FEB13-B82.5",
            "count": 50,
            "created_time": "2025-02-13T20:12:00.714504Z",
            "yes_price": 82,
            "no_price": 18,
            "taker_side": "no"
        },
        {
            "trade_id": "9ec5c38e-62a4-4342-b023-b0d80b5cb50a",
            "ticker": "KXHIGHMIA-25FEB13-B82.5",
            "count": 175,
            "created_time": "2025-02-13T20:12:00.714504Z",
            "yes_price": 85,
            "no_price": 15,
            "taker_side": "no"
        },
        {
            "trade_id": "eb6873df-7a74-481a-bc88-9ff0f1526244",
            "ticker": "KXHIGHMIA-25FEB13-B82.5",
            "count": 184,
            "created_time": "2025-02-13T20:05:56.03246Z",
            "yes_price": 96,
            "no_price": 4,
            "taker_side": "yes"
        },
        {
            "trade_id": "9ab743b3-b912-4b64-9d0e-b970ed3b8d3d",
            "ticker": "KXHIGHMIA-25FEB13-B82.5",
            "count": 12,
            "created_time": "2025-02-13T20:05:56.03246Z",
            "yes_price": 95,
            "no_price": 5,
            "taker_side": "yes"
        },
        {
            "trade_id": "11b80320-c2ba-40a9-9a5c-8b4a2ba04a9d",
            "ticker": "KXHIGHMIA-25FEB13-B82.5",
            "count": 11,
            "created_time": "2025-02-13T20:05:56.03246Z",
            "yes_price": 95,
            "no_price": 5,
            "taker_side": "yes"
        },
        {
            "trade_id": "c07e5cc4-6864-455c-b847-58983b20d13f",
            "ticker": "KXHIGHMIA-25FEB13-B82.5",
            "count": 50,
            "created_time": "2025-02-13T20:00:43.995995Z",
            "yes_price": 96,
            "no_price": 4,
            "taker_side": "yes"
        },
        {
            "trade_id": "b0d2dffc-7e15-4c55-b72c-d9b025778e39",
            "ticker": "KXHIGHMIA-25FEB13-B82.5",
            "count": 50,
            "created_time": "2025-02-13T20:00:43.995995Z",
            "yes_price": 93,
            "no_price": 7,
            "taker_side": "yes"
        },
        {
            "trade_id": "a620fa62-43ab-46e4-83e1-5afcea98e1aa",
            "ticker": "KXHIGHMIA-25FEB13-B82.5",
            "count": 50,
            "created_time": "2025-02-13T20:00:43.995995Z",
            "yes_price": 94,
            "no_price": 6,
            "taker_side": "yes"
        },
        {
            "trade_id": "a1bbcdc7-d6fa-4215-ab5d-679e6441db47",
            "ticker": "KXHIGHMIA-25FEB13-B82.5",
            "count": 46,
            "created_time": "2025-02-13T20:00:43.995995Z",
            "yes_price": 97,
            "no_price": 3,
            "taker_side": "yes"
        },
        {
            "trade_id": "9c1e9391-380e-4ce5-8058-0d134bcd4e1f",
            "ticker": "KXHIGHMIA-25FEB13-B82.5",
            "count": 5,
            "created_time": "2025-02-13T20:00:43.995995Z",
            "yes_price": 96,
            "no_price": 4,
            "taker_side": "yes"
        },
        {
            "trade_id": "8df59a0f-4511-4bdd-b304-a4b68a71b027",
            "ticker": "KXHIGHMIA-25FEB13-B82.5",
            "count": 12,
            "created_time": "2025-02-13T20:00:43.995995Z",
            "yes_price": 94,
            "no_price": 6,
            "taker_side": "yes"
        },
        {
            "trade_id": "848add5e-b8fa-4031-a415-2d71640c10ac",
            "ticker": "KXHIGHMIA-25FEB13-B82.5",
            "count": 13,
            "created_time": "2025-02-13T20:00:43.995995Z",
            "yes_price": 95,
            "no_price": 5,
            "taker_side": "yes"
        },
        {
            "trade_id": "5f8f4a77-f7ec-47d5-b888-30f2e7d61555",
            "ticker": "KXHIGHMIA-25FEB13-B82.5",
            "count": 10,
            "created_time": "2025-02-13T20:00:43.995995Z",
            "yes_price": 96,
            "no_price": 4,
            "taker_side": "yes"
        },
        {
            "trade_id": "46bcd561-1b4c-4e50-8466-abfa54739372",
            "ticker": "KXHIGHMIA-25FEB13-B82.5",
            "count": 89,
            "created_time": "2025-02-13T20:00:43.995995Z",
            "yes_price": 95,
            "no_price": 5,
            "taker_side": "yes"
        },
        {
            "trade_id": "3a812fb4-7b83-4963-847a-e206800252b7",
            "ticker": "KXHIGHMIA-25FEB13-B82.5",
            "count": 46,
            "created_time": "2025-02-13T20:00:43.995995Z",
            "yes_price": 96,
            "no_price": 4,
            "taker_side": "yes"
        },
        {
            "trade_id": "2ff1bfe8-14d1-4bb9-b1a5-6c2816fb662f",
            "ticker": "KXHIGHMIA-25FEB13-B82.5",
            "count": 50,
            "created_time": "2025-02-13T20:00:43.995995Z",
            "yes_price": 91,
            "no_price": 9,
            "taker_side": "yes"
        },
        {
            "trade_id": "f5a020d1-b6f3-46bb-9f17-bae46380a0c2",
            "ticker": "KXHIGHMIA-25FEB13-B82.5",
            "count": 4,
            "created_time": "2025-02-13T19:59:24.025869Z",
            "yes_price": 80,
            "no_price": 20,
            "taker_side": "no"
        },
        {
            "trade_id": "f34e34f9-080b-442c-95f1-645eb5cfb1fe",
            "ticker": "KXHIGHMIA-25FEB13-B82.5",
            "count": 2,
            "created_time": "2025-02-13T19:59:24.025869Z",
            "yes_price": 90,
            "no_price": 10,
            "taker_side": "no"
        },
        {
            "trade_id": "df121448-2c01-41b8-acb2-4843eea49d3f",
            "ticker": "KXHIGHMIA-25FEB13-B82.5",
            "count": 5,
            "created_time": "2025-02-13T19:59:24.025869Z",
            "yes_price": 83,
            "no_price": 17,
            "taker_side": "no"
        },
        {
            "trade_id": "bfe7f8fe-5891-4829-8eea-7a97b0d67663",
            "ticker": "KXHIGHMIA-25FEB13-B82.5",
            "count": 5,
            "created_time": "2025-02-13T19:59:24.025869Z",
            "yes_price": 81,
            "no_price": 19,
            "taker_side": "no"
        },
        {
            "trade_id": "89725254-1498-4513-a225-0bdd98305f9b",
            "ticker": "KXHIGHMIA-25FEB13-B82.5",
            "count": 5,
            "created_time": "2025-02-13T19:59:24.025869Z",
            "yes_price": 85,
            "no_price": 15,
            "taker_side": "no"
        },
        {
            "trade_id": "6bde6bcb-e5e6-40bf-b5de-0420785e02ef",
            "ticker": "KXHIGHMIA-25FEB13-B82.5",
            "count": 2,
            "created_time": "2025-02-13T19:59:24.025869Z",
            "yes_price": 87,
            "no_price": 13,
            "taker_side": "no"
        },
        {
            "trade_id": "538527b3-e10d-4f62-b82c-c4c9274710c0",
            "ticker": "KXHIGHMIA-25FEB13-B82.5",
            "count": 5,
            "created_time": "2025-02-13T19:59:24.025869Z",
            "yes_price": 84,
            "no_price": 16,
            "taker_side": "no"
        },
        {
            "trade_id": "4b6fd055-328e-43d5-aa0b-b776f56c7464",
            "ticker": "KXHIGHMIA-25FEB13-B82.5",
            "count": 1,
            "created_time": "2025-02-13T19:59:24.025869Z",
            "yes_price": 80,
            "no_price": 20,
            "taker_side": "no"
        },
        {
            "trade_id": "45985f85-d8c4-480d-b8ea-b9e3ed8179f9",
            "ticker": "KXHIGHMIA-25FEB13-B82.5",
            "count": 2,
            "created_time": "2025-02-13T19:59:24.025869Z",
            "yes_price": 86,
            "no_price": 14,
            "taker_side": "no"
        },
        {
            "trade_id": "3e2e987a-251f-4fdd-bdbc-415d348a1490",
            "ticker": "KXHIGHMIA-25FEB13-B82.5",
            "count": 2,
            "created_time": "2025-02-13T19:59:24.025869Z",
            "yes_price": 88,
            "no_price": 12,
            "taker_side": "no"
        },
        {
            "trade_id": "34f77da4-67e8-4749-b31e-0c838842d29d",
            "ticker": "KXHIGHMIA-25FEB13-B82.5",
            "count": 50,
            "created_time": "2025-02-13T19:59:24.025869Z",
            "yes_price": 86,
            "no_price": 14,
            "taker_side": "no"
        },
        {
            "trade_id": "110c873b-c52b-4abc-830c-f1e0eaf0733f",
            "ticker": "KXHIGHMIA-25FEB13-B82.5",
            "count": 5,
            "created_time": "2025-02-13T19:59:24.025869Z",
            "yes_price": 82,
            "no_price": 18,
            "taker_side": "no"
        },
        {
            "trade_id": "07ca5588-9ea3-4b9c-a3fc-d3dc4e989f2f",
            "ticker": "KXHIGHMIA-25FEB13-B82.5",
            "count": 2,
            "created_time": "2025-02-13T19:59:24.025869Z",
            "yes_price": 89,
            "no_price": 11,
            "taker_side": "no"
        },
        {
            "trade_id": "e894ef3d-8c57-4337-9797-fac9078bb7a9",
            "ticker": "KXHIGHMIA-25FEB13-B82.5",
            "count": 3,
            "created_time": "2025-02-13T19:53:57.886747Z",
            "yes_price": 82,
            "no_price": 18,
            "taker_side": "no"
        },
        {
            "trade_id": "7ebde976-6323-44a0-802a-946964e29e0f",
            "ticker": "KXHIGHMIA-25FEB13-B82.5",
            "count": 28,
            "created_time": "2025-02-13T19:53:57.886747Z",
            "yes_price": 81,
            "no_price": 19,
            "taker_side": "no"
        },
        {
            "trade_id": "0ad3b649-d3a6-45e3-ad0a-f052afceecd6",
            "ticker": "KXHIGHMIA-25FEB13-B82.5",
            "count": 50,
            "created_time": "2025-02-13T19:38:02.527353Z",
            "yes_price": 93,
            "no_price": 7,
            "taker_side": "yes"
        },
        {
            "trade_id": "0832ab3b-fe77-471a-b17b-68490819ae9d",
            "ticker": "KXHIGHMIA-25FEB13-B82.5",
            "count": 1,
            "created_time": "2025-02-13T19:29:55.479998Z",
            "yes_price": 95,
            "no_price": 5,
            "taker_side": "yes"
        },
        {
            "trade_id": "d965b1c6-89cb-450c-a50f-9dd7de5300e6",
            "ticker": "KXHIGHMIA-25FEB13-B82.5",
            "count": 50,
            "created_time": "2025-02-13T19:26:15.328242Z",
            "yes_price": 95,
            "no_price": 5,
            "taker_side": "yes"
        },
        {
            "trade_id": "c511abcc-676c-4936-a970-44a01605e0d1",
            "ticker": "KXHIGHMIA-25FEB13-B82.5",
            "count": 41,
            "created_time": "2025-02-13T19:26:15.328242Z",
            "yes_price": 96,
            "no_price": 4,
            "taker_side": "yes"
        },
        {
            "trade_id": "c4325e15-c9ee-4c51-b6f5-059ebb1a7a4c",
            "ticker": "KXHIGHMIA-25FEB13-B82.5",
            "count": 23,
            "created_time": "2025-02-13T19:26:15.328242Z",
            "yes_price": 95,
            "no_price": 5,
            "taker_side": "yes"
        },
        {
            "trade_id": "844f68da-a507-4ff0-a7cb-36817f26ce79",
            "ticker": "KXHIGHMIA-25FEB13-B82.5",
            "count": 50,
            "created_time": "2025-02-13T19:26:15.328242Z",
            "yes_price": 92,
            "no_price": 8,
            "taker_side": "yes"
        },
        {
            "trade_id": "79623b9e-613b-4cb6-b936-fb03d4303730",
            "ticker": "KXHIGHMIA-25FEB13-B82.5",
            "count": 300,
            "created_time": "2025-02-13T19:26:15.328242Z",
            "yes_price": 94,
            "no_price": 6,
            "taker_side": "yes"
        },
        {
            "trade_id": "71445af4-57c1-4b1d-a06f-316d396f3511",
            "ticker": "KXHIGHMIA-25FEB13-B82.5",
            "count": 14,
            "created_time": "2025-02-13T19:26:15.328242Z",
            "yes_price": 92,
            "no_price": 8,
            "taker_side": "yes"
        },
        {
            "trade_id": "65360c98-9628-41f4-8f67-3020ada5e88f",
            "ticker": "KXHIGHMIA-25FEB13-B82.5",
            "count": 50,
            "created_time": "2025-02-13T19:26:15.328242Z",
            "yes_price": 95,
            "no_price": 5,
            "taker_side": "yes"
        },
        {
            "trade_id": "3a1eff2b-3bf9-4ca0-826e-78c0d8f72e02",
            "ticker": "KXHIGHMIA-25FEB13-B82.5",
            "count": 2,
            "created_time": "2025-02-13T19:25:17.617725Z",
            "yes_price": 94,
            "no_price": 6,
            "taker_side": "yes"
        },
        {
            "trade_id": "9b3bf7b6-8663-4913-aa1a-dfdf27c62920",
            "ticker": "KXHIGHMIA-25FEB13-B82.5",
            "count": 43,
            "created_time": "2025-02-13T19:25:07.038188Z",
            "yes_price": 94,
            "no_price": 6,
            "taker_side": "yes"
        },
        {
            "trade_id": "908733ec-326a-4f0a-87a1-89e0ea2d5473",
            "ticker": "KXHIGHMIA-25FEB13-B82.5",
            "count": 67,
            "created_time": "2025-02-13T19:25:07.038188Z",
            "yes_price": 94,
            "no_price": 6,
            "taker_side": "yes"
        },
        {
            "trade_id": "8ecee4b9-cb1e-4ca9-abbf-3ff8f205d4c1",
            "ticker": "KXHIGHMIA-25FEB13-B82.5",
            "count": 5,
            "created_time": "2025-02-13T19:24:06.124778Z",
            "yes_price": 92,
            "no_price": 8,
            "taker_side": "no"
        },
        {
            "trade_id": "87bdae1d-f07e-4da2-8c48-7046339ff168",
            "ticker": "KXHIGHMIA-25FEB13-B82.5",
            "count": 11,
            "created_time": "2025-02-13T19:23:56.179988Z",
            "yes_price": 87,
            "no_price": 13,
            "taker_side": "yes"
        },
        {
            "trade_id": "5fc9b2d6-543b-483a-86d7-fdd7604ac2a9",
            "ticker": "KXHIGHMIA-25FEB13-B82.5",
            "count": 5,
            "created_time": "2025-02-13T19:21:07.04472Z",
            "yes_price": 87,
            "no_price": 13,
            "taker_side": "yes"
        },
        {
            "trade_id": "2a4bb6b3-8b4a-45e2-95c9-c4eaa59cb814",
            "ticker": "KXHIGHMIA-25FEB13-B82.5",
            "count": 1,
            "created_time": "2025-02-13T19:19:19.563895Z",
            "yes_price": 86,
            "no_price": 14,
            "taker_side": "yes"
        },
        {
            "trade_id": "c3696dce-e07c-4000-9d3d-aeddecf4aeeb",
            "ticker": "KXHIGHMIA-25FEB13-B82.5",
            "count": 1,
            "created_time": "2025-02-13T19:18:47.088947Z",
            "yes_price": 84,
            "no_price": 16,
            "taker_side": "yes"
        },
        {
            "trade_id": "9924f159-b981-45ea-837a-8e8fecaa19de",
            "ticker": "KXHIGHMIA-25FEB13-B82.5",
            "count": 7,
            "created_time": "2025-02-13T19:18:47.088947Z",
            "yes_price": 86,
            "no_price": 14,
            "taker_side": "yes"
        },
        {
            "trade_id": "cf5858cf-0276-47d9-9a1c-e4fb7147db98",
            "ticker": "KXHIGHMIA-25FEB13-B82.5",
            "count": 50,
            "created_time": "2025-02-13T19:18:35.235123Z",
            "yes_price": 79,
            "no_price": 21,
            "taker_side": "no"
        },
        {
            "trade_id": "a8aae67d-b909-467e-ab0b-7b1018e71a3b",
            "ticker": "KXHIGHMIA-25FEB13-B82.5",
            "count": 1,
            "created_time": "2025-02-13T19:18:35.235123Z",
            "yes_price": 80,
            "no_price": 20,
            "taker_side": "no"
        },
        {
            "trade_id": "20b942ad-f890-473c-9443-19f08bf6df15",
            "ticker": "KXHIGHMIA-25FEB13-B82.5",
            "count": 10,
            "created_time": "2025-02-13T19:18:35.235123Z",
            "yes_price": 78,
            "no_price": 22,
            "taker_side": "no"
        },
        {
            "trade_id": "c0d3a236-bc6e-4967-b97b-d10202490f00",
            "ticker": "KXHIGHMIA-25FEB13-B82.5",
            "count": 1,
            "created_time": "2025-02-13T19:08:37.786773Z",
            "yes_price": 84,
            "no_price": 16,
            "taker_side": "yes"
        },
        {
            "trade_id": "0ff3845e-c9ab-4092-8437-2bffafdb3716",
            "ticker": "KXHIGHMIA-25FEB13-B82.5",
            "count": 25,
            "created_time": "2025-02-13T19:03:41.380879Z",
            "yes_price": 94,
            "no_price": 6,
            "taker_side": "yes"
        },
        {
            "trade_id": "8b10a32e-6c7b-434e-9b3f-e634620136a3",
            "ticker": "KXHIGHMIA-25FEB13-B82.5",
            "count": 300,
            "created_time": "2025-02-13T19:02:28.780555Z",
            "yes_price": 93,
            "no_price": 7,
            "taker_side": "yes"
        },
        {
            "trade_id": "4ec606d8-7117-4955-abba-05ee6d3dfed6",
            "ticker": "KXHIGHMIA-25FEB13-B82.5",
            "count": 50,
            "created_time": "2025-02-13T19:02:28.780555Z",
            "yes_price": 93,
            "no_price": 7,
            "taker_side": "yes"
        },
        {
            "trade_id": "05125cb6-ed33-4d94-b379-9d47fe2bd626",
            "ticker": "KXHIGHMIA-25FEB13-B82.5",
            "count": 30,
            "created_time": "2025-02-13T19:02:28.780555Z",
            "yes_price": 94,
            "no_price": 6,
            "taker_side": "yes"
        },
        {
            "trade_id": "e4298e9d-62bd-446b-9fe4-fb12ba5cc768",
            "ticker": "KXHIGHMIA-25FEB13-B82.5",
            "count": 2,
            "created_time": "2025-02-13T19:02:22.108534Z",
            "yes_price": 90,
            "no_price": 10,
            "taker_side": "yes"
        },
        {
            "trade_id": "bdb38179-fe1e-43dd-a7b7-74be6901b9ee",
            "ticker": "KXHIGHMIA-25FEB13-B82.5",
            "count": 150,
            "created_time": "2025-02-13T19:02:22.108534Z",
            "yes_price": 80,
            "no_price": 20,
            "taker_side": "yes"
        },
        {
            "trade_id": "845fda83-7d68-4e96-a813-bf673675cfb9",
            "ticker": "KXHIGHMIA-25FEB13-B82.5",
            "count": 14,
            "created_time": "2025-02-13T19:02:22.108534Z",
            "yes_price": 81,
            "no_price": 19,
            "taker_side": "yes"
        },
        {
            "trade_id": "7f2ea9c1-1330-465a-8a57-009b364dbf92",
            "ticker": "KXHIGHMIA-25FEB13-B82.5",
            "count": 13,
            "created_time": "2025-02-13T19:02:22.108534Z",
            "yes_price": 94,
            "no_price": 6,
            "taker_side": "yes"
        },
        {
            "trade_id": "69c69bf8-7861-400a-83b5-492995dcb259",
            "ticker": "KXHIGHMIA-25FEB13-B82.5",
            "count": 100,
            "created_time": "2025-02-13T19:02:22.108534Z",
            "yes_price": 85,
            "no_price": 15,
            "taker_side": "yes"
        },
        {
            "trade_id": "2126c92d-2557-47e0-ab1b-3f1a19b39614",
            "ticker": "KXHIGHMIA-25FEB13-B82.5",
            "count": 18,
            "created_time": "2025-02-13T19:02:22.108534Z",
            "yes_price": 84,
            "no_price": 16,
            "taker_side": "yes"
        },
        {
            "trade_id": "1f3b8b88-d92d-4f43-9135-d012e84d2786",
            "ticker": "KXHIGHMIA-25FEB13-B82.5",
            "count": 50,
            "created_time": "2025-02-13T19:02:22.108534Z",
            "yes_price": 93,
            "no_price": 7,
            "taker_side": "yes"
        },
        {
            "trade_id": "04c05b69-1729-4349-9e00-eeb7b7a4cd2f",
            "ticker": "KXHIGHMIA-25FEB13-B82.5",
            "count": 5,
            "created_time": "2025-02-13T19:02:22.108534Z",
            "yes_price": 80,
            "no_price": 20,
            "taker_side": "yes"
        },
        {
            "trade_id": "c07aa588-116f-457f-966e-cb3270a69379",
            "ticker": "KXHIGHMIA-25FEB13-B82.5",
            "count": 100,
            "created_time": "2025-02-13T19:02:10.291175Z",
            "yes_price": 80,
            "no_price": 20,
            "taker_side": "yes"
        },
        {
            "trade_id": "67f639ca-bc6e-440f-bc6a-f0904234dbff",
            "ticker": "KXHIGHMIA-25FEB13-B82.5",
            "count": 4,
            "created_time": "2025-02-13T19:00:08.775765Z",
            "yes_price": 79,
            "no_price": 21,
            "taker_side": "yes"
        },
        {
            "trade_id": "b23478ec-984f-4cff-a78e-874ab3637752",
            "ticker": "KXHIGHMIA-25FEB13-B82.5",
            "count": 37,
            "created_time": "2025-02-13T18:57:48.618542Z",
            "yes_price": 72,
            "no_price": 28,
            "taker_side": "no"
        },
        {
            "trade_id": "9d3ecf4a-b78c-45ca-9a25-aacc2ff2637a",
            "ticker": "KXHIGHMIA-25FEB13-B82.5",
            "count": 308,
            "created_time": "2025-02-13T18:56:46.66408Z",
            "yes_price": 80,
            "no_price": 20,
            "taker_side": "yes"
        },
        {
            "trade_id": "3f83cc1e-0be7-42b4-8f27-147480815524",
            "ticker": "KXHIGHMIA-25FEB13-B82.5",
            "count": 12,
            "created_time": "2025-02-13T18:55:36.681716Z",
            "yes_price": 79,
            "no_price": 21,
            "taker_side": "yes"
        },
        {
            "trade_id": "3f002886-b65a-4e6b-9d57-1275dc722a5d",
            "ticker": "KXHIGHMIA-25FEB13-B82.5",
            "count": 47,
            "created_time": "2025-02-13T18:53:58.667377Z",
            "yes_price": 79,
            "no_price": 21,
            "taker_side": "yes"
        },
        {
            "trade_id": "93c0f371-e897-4f7c-a808-802d5b46742e",
            "ticker": "KXHIGHMIA-25FEB13-B82.5",
            "count": 13,
            "created_time": "2025-02-13T18:53:21.400775Z",
            "yes_price": 78,
            "no_price": 22,
            "taker_side": "yes"
        },
        {
            "trade_id": "535d0e92-c206-46bd-aeff-9e4b7b2553b1",
            "ticker": "KXHIGHMIA-25FEB13-B82.5",
            "count": 50,
            "created_time": "2025-02-13T18:53:21.400775Z",
            "yes_price": 77,
            "no_price": 23,
            "taker_side": "yes"
        },
        {
            "trade_id": "8bdc82eb-2427-425e-8280-9b60a36c4efa",
            "ticker": "KXHIGHMIA-25FEB13-B82.5",
            "count": 183,
            "created_time": "2025-02-13T18:50:37.538148Z",
            "yes_price": 78,
            "no_price": 22,
            "taker_side": "yes"
        },
        {
            "trade_id": "677d0ce0-2909-4257-b277-0ad32a0bd29d",
            "ticker": "KXHIGHMIA-25FEB13-B82.5",
            "count": 50,
            "created_time": "2025-02-13T18:50:37.538148Z",
            "yes_price": 78,
            "no_price": 22,
            "taker_side": "yes"
        },
        {
            "trade_id": "2668cebf-64bf-4da1-9f51-918881eeb878",
            "ticker": "KXHIGHMIA-25FEB13-B82.5",
            "count": 35,
            "created_time": "2025-02-13T18:50:37.538148Z",
            "yes_price": 79,
            "no_price": 21,
            "taker_side": "yes"
        },
        {
            "trade_id": "1f3acde1-c979-49a1-afaa-2703af0714b0",
            "ticker": "KXHIGHMIA-25FEB13-B82.5",
            "count": 10,
            "created_time": "2025-02-13T18:50:37.538148Z",
            "yes_price": 79,
            "no_price": 21,
            "taker_side": "yes"
        },
        {
            "trade_id": "c65198f6-1115-4c63-8d49-cedc3a57e401",
            "ticker": "KXHIGHMIA-25FEB13-B82.5",
            "count": 4,
            "created_time": "2025-02-13T18:47:19.551328Z",
            "yes_price": 79,
            "no_price": 21,
            "taker_side": "yes"
        },
        {
            "trade_id": "3980b174-867f-4b3f-8a47-975bbfda0cfa",
            "ticker": "KXHIGHMIA-25FEB13-B82.5",
            "count": 7,
            "created_time": "2025-02-13T18:45:44.761833Z",
            "yes_price": 73,
            "no_price": 27,
            "taker_side": "no"
        },
        {
            "trade_id": "f024b499-3bc5-42f0-9de9-924e79771369",
            "ticker": "KXHIGHMIA-25FEB13-B82.5",
            "count": 1,
            "created_time": "2025-02-13T18:44:42.168826Z",
            "yes_price": 80,
            "no_price": 20,
            "taker_side": "yes"
        },
        {
            "trade_id": "f86c202d-63fd-47f9-adb7-e83459cd0513",
            "ticker": "KXHIGHMIA-25FEB13-B82.5",
            "count": 1232,
            "created_time": "2025-02-13T18:44:26.17165Z",
            "yes_price": 80,
            "no_price": 20,
            "taker_side": "yes"
        },
        {
            "trade_id": "52e4c004-585c-41d9-9c21-873d10f1218f",
            "ticker": "KXHIGHMIA-25FEB13-B82.5",
            "count": 24,
            "created_time": "2025-02-13T18:44:19.558009Z",
            "yes_price": 79,
            "no_price": 21,
            "taker_side": "yes"
        },
        {
            "trade_id": "2c0c0d8f-3766-4469-9ca3-17be6ffafada",
            "ticker": "KXHIGHMIA-25FEB13-B82.5",
            "count": 86,
            "created_time": "2025-02-13T18:44:04.751241Z",
            "yes_price": 80,
            "no_price": 20,
            "taker_side": "yes"
        },
        {
            "trade_id": "54863122-1d1a-4280-8d11-e72201bd8633",
            "ticker": "KXHIGHMIA-25FEB13-B82.5",
            "count": 123,
            "created_time": "2025-02-13T18:43:24.970595Z",
            "yes_price": 80,
            "no_price": 20,
            "taker_side": "yes"
        },
        {
            "trade_id": "1176d828-a2e2-49ca-94e8-bd9db6912f4f",
            "ticker": "KXHIGHMIA-25FEB13-B82.5",
            "count": 12,
            "created_time": "2025-02-13T18:42:53.19493Z",
            "yes_price": 79,
            "no_price": 21,
            "taker_side": "yes"
        },
        {
            "trade_id": "6ee69b02-9e30-474d-b015-9735cf369a1d",
            "ticker": "KXHIGHMIA-25FEB13-B82.5",
            "count": 4,
            "created_time": "2025-02-13T18:40:16.767657Z",
            "yes_price": 84,
            "no_price": 16,
            "taker_side": "yes"
        },
        {
            "trade_id": "d1a5dc70-c8ee-48e4-a670-9c67d17a3039",
            "ticker": "KXHIGHMIA-25FEB13-B82.5",
            "count": 23,
            "created_time": "2025-02-13T18:36:43.144831Z",
            "yes_price": 85,
            "no_price": 15,
            "taker_side": "yes"
        },
        {
            "trade_id": "0a512767-dfec-4142-8b4e-31819d5f3fd0",
            "ticker": "KXHIGHMIA-25FEB13-B82.5",
            "count": 23,
            "created_time": "2025-02-13T18:36:35.234838Z",
            "yes_price": 84,
            "no_price": 16,
            "taker_side": "yes"
        },
        {
            "trade_id": "ec5069e4-9908-4943-afff-f0e041ab4f36",
            "ticker": "KXHIGHMIA-25FEB13-B82.5",
            "count": 19,
            "created_time": "2025-02-13T18:35:52.239994Z",
            "yes_price": 81,
            "no_price": 19,
            "taker_side": "yes"
        },
        {
            "trade_id": "8fe3664b-f596-4445-b4f4-009b83dddb3f",
            "ticker": "KXHIGHMIA-25FEB13-B82.5",
            "count": 31,
            "created_time": "2025-02-13T18:35:52.239994Z",
            "yes_price": 82,
            "no_price": 18,
            "taker_side": "yes"
        },
        {
            "trade_id": "dbaad36e-9b5f-4f46-9414-e623164ab2bd",
            "ticker": "KXHIGHMIA-25FEB13-B82.5",
            "count": 6,
            "created_time": "2025-02-13T18:31:37.677996Z",
            "yes_price": 80,
            "no_price": 20,
            "taker_side": "yes"
        },
        {
            "trade_id": "ca6541c4-657b-4c9d-b9f4-516d00122a20",
            "ticker": "KXHIGHMIA-25FEB13-B82.5",
            "count": 50,
            "created_time": "2025-02-13T18:31:14.876084Z",
            "yes_price": 75,
            "no_price": 25,
            "taker_side": "no"
        },
        {
            "trade_id": "707d42e8-df61-4a03-9920-d5fa436571d5",
            "ticker": "KXHIGHMIA-25FEB13-B82.5",
            "count": 23,
            "created_time": "2025-02-13T18:31:14.876084Z",
            "yes_price": 67,
            "no_price": 33,
            "taker_side": "no"
        },
        {
            "trade_id": "1c1990c5-e49f-4ae9-aa8f-acf15de1ce19",
            "ticker": "KXHIGHMIA-25FEB13-B82.5",
            "count": 37,
            "created_time": "2025-02-13T18:31:14.876084Z",
            "yes_price": 75,
            "no_price": 25,
            "taker_side": "no"
        },
        {
            "trade_id": "e5d08a62-e375-4472-9483-2b4eaa16d921",
            "ticker": "KXHIGHMIA-25FEB13-B82.5",
            "count": 19,
            "created_time": "2025-02-13T18:31:03.505819Z",
            "yes_price": 76,
            "no_price": 24,
            "taker_side": "no"
        },
        {
            "trade_id": "d0dae94d-a18e-4c7c-8496-748ee8746718",
            "ticker": "KXHIGHMIA-25FEB13-B82.5",
            "count": 76,
            "created_time": "2025-02-13T18:24:33.90895Z",
            "yes_price": 75,
            "no_price": 25,
            "taker_side": "yes"
        },
        {
            "trade_id": "ba67f99a-b432-4381-aaa7-f103ff560f43",
            "ticker": "KXHIGHMIA-25FEB13-B82.5",
            "count": 45,
            "created_time": "2025-02-13T18:24:33.90895Z",
            "yes_price": 78,
            "no_price": 22,
            "taker_side": "yes"
        },
        {
            "trade_id": "aec3c339-e5b9-49c6-8843-85490064b172",
            "ticker": "KXHIGHMIA-25FEB13-B82.5",
            "count": 101,
            "created_time": "2025-02-13T18:24:33.90895Z",
            "yes_price": 79,
            "no_price": 21,
            "taker_side": "yes"
        },
        {
            "trade_id": "7f94867f-599d-45ce-86ea-21fd0846817a",
