{
    "KXHIGHMIA-25APR22-T78": [
        {
            "trade_id": "cd545c79-9928-47d3-a0c7-e401dec06da4",
            "ticker": "KXHIGHMIA-25APR22-T78",
            "count": 1,
            "created_time": "2025-04-22T16:44:10.809555Z",
            "yes_price": 1,
            "no_price": 99,
            "taker_side": "yes"
        },
        {
            "trade_id": "77bb6a68-8c67-4a52-a7de-58680c5f9460",
            "ticker": "KXHIGHMIA-25APR22-T78",
            "count": 10,
            "created_time": "2025-04-22T02:17:07.330734Z",
            "yes_price": 5,
            "no_price": 95,
            "taker_side": "yes"
        }
    ],
    "KXHIGHMIA-25APR22-B78.5": [
        {
            "trade_id": "1a1d33c4-9bd7-4b64-8dd3-62e753f1bc03",
            "ticker": "KXHIGHMIA-25APR22-B78.5",
            "count": 1,
            "created_time": "2025-04-23T01:16:41.677138Z",
            "yes_price": 1,
            "no_price": 99,
            "taker_side": "yes"
        },
        {
            "trade_id": "a873c681-5251-4259-9356-c485dfa80362",
            "ticker": "KXHIGHMIA-25APR22-B78.5",
            "count": 1,
            "created_time": "2025-04-22T16:44:23.953973Z",
            "yes_price": 1,
            "no_price": 99,
            "taker_side": "yes"
        },
        {
            "trade_id": "667a9d90-1935-49d0-bc4c-7a610c9f9d5a",
            "ticker": "KXHIGHMIA-25APR22-B78.5",
            "count": 11,
            "created_time": "2025-04-22T02:27:09.874056Z",
            "yes_price": 4,
            "no_price": 96,
            "taker_side": "yes"
        },
        {
            "trade_id": "833ce8b9-4a16-41b9-9b43-c1284ed988e3",
            "ticker": "KXHIGHMIA-25APR22-B78.5",
            "count": 10,
            "created_time": "2025-04-22T02:17:12.38889Z",
            "yes_price": 4,
            "no_price": 96,
            "taker_side": "yes"
        },
        {
            "trade_id": "67376bdf-c785-4fc6-8f87-e2c254ff0243",
            "ticker": "KXHIGHMIA-25APR22-B78.5",
            "count": 23,
            "created_time": "2025-04-21T21:37:36.232233Z",
            "yes_price": 4,
            "no_price": 96,
            "taker_side": "yes"
        }
    ],
    "KXHIGHMIA-25APR22-B80.5": [
        {
            "trade_id": "64d987f5-011b-4652-b79b-0f875fd257b2",
            "ticker": "KXHIGHMIA-25APR22-B80.5",
            "count": 4000,
            "created_time": "2025-04-22T19:02:56.024134Z",
            "yes_price": 1,
            "no_price": 99,
            "taker_side": "yes"
        },
        {
            "trade_id": "da48711a-7aaa-4499-9a95-c4b420d5e0d7",
            "ticker": "KXHIGHMIA-25APR22-B80.5",
            "count": 1,
            "created_time": "2025-04-22T16:44:19.809203Z",
            "yes_price": 1,
            "no_price": 99,
            "taker_side": "yes"
        },
        {
            "trade_id": "2d1a0ee3-3e40-4e11-8921-953209bf48eb",
            "ticker": "KXHIGHMIA-25APR22-B80.5",
            "count": 3,
            "created_time": "2025-04-22T13:19:40.799581Z",
            "yes_price": 1,
            "no_price": 99,
            "taker_side": "no"
        },
        {
            "trade_id": "d206c308-4c9b-4c0b-b48f-a26a689d1ba6",
            "ticker": "KXHIGHMIA-25APR22-B80.5",
            "count": 28,
            "created_time": "2025-04-22T05:38:18.387565Z",
            "yes_price": 5,
            "no_price": 95,
            "taker_side": "yes"
        },
        {
            "trade_id": "15855ade-615b-4b37-8c6c-f2366da2bd91",
            "ticker": "KXHIGHMIA-25APR22-B80.5",
            "count": 15,
            "created_time": "2025-04-22T05:38:18.387565Z",
            "yes_price": 3,
            "no_price": 97,
            "taker_side": "yes"
        },
        {
            "trade_id": "fe093e60-4de4-4cff-b95e-954b21928d42",
            "ticker": "KXHIGHMIA-25APR22-B80.5",
            "count": 9,
            "created_time": "2025-04-22T05:18:52.05155Z",
            "yes_price": 3,
            "no_price": 97,
            "taker_side": "yes"
        },
        {
            "trade_id": "d6b2ce23-62b0-4aac-93cd-63658179812d",
            "ticker": "KXHIGHMIA-25APR22-B80.5",
            "count": 7,
            "created_time": "2025-04-22T04:57:40.849548Z",
            "yes_price": 8,
            "no_price": 92,
            "taker_side": "yes"
        },
        {
            "trade_id": "c327cd86-76f8-4d8f-885b-b512602a3b69",
            "ticker": "KXHIGHMIA-25APR22-B80.5",
            "count": 14,
            "created_time": "2025-04-22T04:57:40.849548Z",
            "yes_price": 11,
            "no_price": 89,
            "taker_side": "yes"
        },
        {
            "trade_id": "5d36baac-f991-4725-a868-7956bd40032b",
            "ticker": "KXHIGHMIA-25APR22-B80.5",
            "count": 1,
            "created_time": "2025-04-22T04:57:40.849548Z",
            "yes_price": 9,
            "no_price": 91,
            "taker_side": "yes"
        },
        {
            "trade_id": "4cff0c27-c70a-4da5-88f8-fb643ed2096f",
            "ticker": "KXHIGHMIA-25APR22-B80.5",
            "count": 5,
            "created_time": "2025-04-22T04:57:40.849548Z",
            "yes_price": 11,
            "no_price": 89,
            "taker_side": "yes"
        },
        {
            "trade_id": "77396bbe-1fc6-4910-a8bb-bbb11a2ff52b",
            "ticker": "KXHIGHMIA-25APR22-B80.5",
            "count": 18,
            "created_time": "2025-04-22T03:57:22.376772Z",
            "yes_price": 9,
            "no_price": 91,
            "taker_side": "no"
        },
        {
            "trade_id": "62d091d8-24d5-4ee1-8413-6874edd23463",
            "ticker": "KXHIGHMIA-25APR22-B80.5",
            "count": 82,
            "created_time": "2025-04-22T03:57:14.435225Z",
            "yes_price": 9,
            "no_price": 91,
            "taker_side": "yes"
        },
        {
            "trade_id": "0e677fa1-1aec-4639-b56e-32c4a6c76e36",
            "ticker": "KXHIGHMIA-25APR22-B80.5",
            "count": 11,
            "created_time": "2025-04-22T02:27:43.375605Z",
            "yes_price": 4,
            "no_price": 96,
            "taker_side": "yes"
        },
        {
            "trade_id": "599469ca-a0db-4667-a86a-ac2d17ed60d5",
            "ticker": "KXHIGHMIA-25APR22-B80.5",
            "count": 10,
            "created_time": "2025-04-22T02:17:18.894743Z",
            "yes_price": 4,
            "no_price": 96,
            "taker_side": "yes"
        },
        {
            "trade_id": "0294fcd5-3cf5-467d-8e33-f560c70dc1f3",
            "ticker": "KXHIGHMIA-25APR22-B80.5",
            "count": 1,
            "created_time": "2025-04-22T02:01:23.170358Z",
            "yes_price": 2,
            "no_price": 98,
            "taker_side": "no"
        },
        {
            "trade_id": "782be442-77d2-4b20-9055-4df867fba2b5",
            "ticker": "KXHIGHMIA-25APR22-B80.5",
            "count": 5,
            "created_time": "2025-04-21T23:12:11.04261Z",
            "yes_price": 10,
            "no_price": 90,
            "taker_side": "no"
        },
        {
            "trade_id": "767a9e78-98ab-49f6-b46c-0fa2d49ed6c0",
            "ticker": "KXHIGHMIA-25APR22-B80.5",
            "count": 38,
            "created_time": "2025-04-21T23:12:11.04261Z",
            "yes_price": 10,
            "no_price": 90,
            "taker_side": "no"
        },
        {
            "trade_id": "5b91392b-aa2e-420d-8189-48718bc3e797",
            "ticker": "KXHIGHMIA-25APR22-B80.5",
            "count": 3,
            "created_time": "2025-04-21T23:06:24.013665Z",
            "yes_price": 4,
            "no_price": 96,
            "taker_side": "yes"
        },
        {
            "trade_id": "e44e4409-cb4b-47a1-a745-178c254826b6",
            "ticker": "KXHIGHMIA-25APR22-B80.5",
            "count": 7,
            "created_time": "2025-04-21T21:38:09.577411Z",
            "yes_price": 6,
            "no_price": 94,
            "taker_side": "yes"
        },
        {
            "trade_id": "b76775d9-4f81-4754-a35a-f8f1b0bca309",
            "ticker": "KXHIGHMIA-25APR22-B80.5",
            "count": 8,
            "created_time": "2025-04-21T21:38:09.577411Z",
            "yes_price": 6,
            "no_price": 94,
            "taker_side": "yes"
        },
        {
            "trade_id": "83c8855d-3d54-4d26-89d5-290a4fbfde84",
            "ticker": "KXHIGHMIA-25APR22-B80.5",
            "count": 240,
            "created_time": "2025-04-21T19:30:36.365291Z",
            "yes_price": 11,
            "no_price": 89,
            "taker_side": "yes"
        },
        {
            "trade_id": "e8dee728-3a27-413f-b4e3-669145072fb6",
            "ticker": "KXHIGHMIA-25APR22-B80.5",
            "count": 240,
            "created_time": "2025-04-21T19:30:36.315373Z",
            "yes_price": 11,
            "no_price": 89,
            "taker_side": "yes"
        },
        {
            "trade_id": "d5b27235-3a03-42a0-8ad0-491d854c1baa",
            "ticker": "KXHIGHMIA-25APR22-B80.5",
            "count": 6,
            "created_time": "2025-04-21T19:30:36.254493Z",
            "yes_price": 11,
            "no_price": 89,
            "taker_side": "yes"
        },
        {
            "trade_id": "d98c1a52-3e99-4929-86b0-211e27b68de1",
            "ticker": "KXHIGHMIA-25APR22-B80.5",
            "count": 44,
            "created_time": "2025-04-21T17:58:35.961541Z",
            "yes_price": 6,
            "no_price": 94,
            "taker_side": "no"
        },
        {
            "trade_id": "7e0c8654-963f-4e71-b7ae-3cf45c22919c",
            "ticker": "KXHIGHMIA-25APR22-B80.5",
            "count": 105,
            "created_time": "2025-04-21T17:57:40.68839Z",
            "yes_price": 7,
            "no_price": 93,
            "taker_side": "no"
        },
        {
            "trade_id": "f407ca34-c16b-4514-b1ec-4f3d8e4897aa",
            "ticker": "KXHIGHMIA-25APR22-B80.5",
            "count": 1,
            "created_time": "2025-04-21T17:54:40.947603Z",
            "yes_price": 10,
            "no_price": 90,
            "taker_side": "yes"
        }
    ],
    "KXHIGHMIA-25APR22-B82.5": [
        {
            "trade_id": "126fd824-f729-4e4a-8aa8-cc24953040db",
            "ticker": "KXHIGHMIA-25APR22-B82.5",
            "count": 13,
            "created_time": "2025-04-23T02:42:03.605278Z",
            "yes_price": 99,
            "no_price": 1,
            "taker_side": "no"
        },
        {
            "trade_id": "c953d9d0-88ea-4255-adef-6a42a9dc9570",
            "ticker": "KXHIGHMIA-25APR22-B82.5",
            "count": 50,
            "created_time": "2025-04-23T01:54:40.89127Z",
            "yes_price": 99,
            "no_price": 1,
            "taker_side": "no"
        },
        {
            "trade_id": "3adf2249-485a-482f-b592-9b2544464e5a",
            "ticker": "KXHIGHMIA-25APR22-B82.5",
            "count": 47,
            "created_time": "2025-04-23T01:49:00.056418Z",
            "yes_price": 99,
            "no_price": 1,
            "taker_side": "no"
        },
        {
            "trade_id": "5803459e-1dd7-4f78-b87e-30ff8be47420",
            "ticker": "KXHIGHMIA-25APR22-B82.5",
            "count": 50,
            "created_time": "2025-04-23T00:43:09.723155Z",
            "yes_price": 99,
            "no_price": 1,
            "taker_side": "no"
        },
        {
            "trade_id": "248e0837-ed07-4cd9-8b82-32690886cc2c",
            "ticker": "KXHIGHMIA-25APR22-B82.5",
            "count": 10,
            "created_time": "2025-04-23T00:07:50.145768Z",
            "yes_price": 99,
            "no_price": 1,
            "taker_side": "no"
        },
        {
            "trade_id": "9d91ea64-6a66-4d1c-a683-1e943fb4f6d0",
            "ticker": "KXHIGHMIA-25APR22-B82.5",
            "count": 20,
            "created_time": "2025-04-22T22:31:30.504569Z",
            "yes_price": 99,
            "no_price": 1,
            "taker_side": "no"
        },
        {
            "trade_id": "4ca2251c-2b46-414d-91f1-77d1c1a310e2",
            "ticker": "KXHIGHMIA-25APR22-B82.5",
            "count": 206,
            "created_time": "2025-04-22T22:18:52.809346Z",
            "yes_price": 99,
            "no_price": 1,
            "taker_side": "no"
        },
        {
            "trade_id": "5ed6806e-c05e-44e7-a876-b39d8f9c2fee",
            "ticker": "KXHIGHMIA-25APR22-B82.5",
            "count": 41,
            "created_time": "2025-04-22T22:16:54.761638Z",
            "yes_price": 99,
            "no_price": 1,
            "taker_side": "no"
        },
        {
            "trade_id": "8f290c36-1ab0-4975-afe2-a1b6751e5770",
            "ticker": "KXHIGHMIA-25APR22-B82.5",
            "count": 8,
            "created_time": "2025-04-22T22:04:08.420181Z",
            "yes_price": 99,
            "no_price": 1,
            "taker_side": "no"
        },
        {
            "trade_id": "bab81795-66c4-4638-b9f3-b46cd16c1f93",
            "ticker": "KXHIGHMIA-25APR22-B82.5",
            "count": 103,
            "created_time": "2025-04-22T21:04:07.046336Z",
            "yes_price": 99,
            "no_price": 1,
            "taker_side": "no"
        },
        {
            "trade_id": "67875639-c77a-4bfd-a147-0608672098ce",
            "ticker": "KXHIGHMIA-25APR22-B82.5",
            "count": 147,
            "created_time": "2025-04-22T20:42:54.376238Z",
            "yes_price": 97,
            "no_price": 3,
            "taker_side": "no"
        },
        {
            "trade_id": "362246c7-2212-47e1-a81b-4ad040c8a17a",
            "ticker": "KXHIGHMIA-25APR22-B82.5",
            "count": 57,
            "created_time": "2025-04-22T20:21:17.286979Z",
            "yes_price": 96,
            "no_price": 4,
            "taker_side": "no"
        },
        {
            "trade_id": "12a984fc-e025-44e5-a83e-565fff582309",
            "ticker": "KXHIGHMIA-25APR22-B82.5",
            "count": 11,
            "created_time": "2025-04-22T20:21:17.286979Z",
            "yes_price": 99,
            "no_price": 1,
            "taker_side": "no"
        },
        {
            "trade_id": "39b72d20-43f9-4f16-b890-ce2367ca5059",
            "ticker": "KXHIGHMIA-25APR22-B82.5",
            "count": 19,
            "created_time": "2025-04-22T20:16:35.425574Z",
            "yes_price": 99,
            "no_price": 1,
            "taker_side": "yes"
        },
        {
            "trade_id": "7884668c-eab3-41f1-b6b7-75998b964900",
            "ticker": "KXHIGHMIA-25APR22-B82.5",
            "count": 50,
            "created_time": "2025-04-22T19:25:18.215812Z",
            "yes_price": 81,
            "no_price": 19,
            "taker_side": "no"
        },
        {
            "trade_id": "1c02b2c0-8276-4f2c-8988-bfe4d3f95401",
            "ticker": "KXHIGHMIA-25APR22-B82.5",
            "count": 1,
            "created_time": "2025-04-22T19:25:18.215812Z",
            "yes_price": 80,
            "no_price": 20,
            "taker_side": "no"
        },
        {
            "trade_id": "f2b0b982-a710-4ef1-9d17-8396be9be365",
            "ticker": "KXHIGHMIA-25APR22-B82.5",
            "count": 19,
            "created_time": "2025-04-22T19:14:13.069013Z",
            "yes_price": 81,
            "no_price": 19,
            "taker_side": "no"
        },
        {
            "trade_id": "c75017c2-7a0a-4ca1-a1b3-54d46d593ba2",
            "ticker": "KXHIGHMIA-25APR22-B82.5",
            "count": 67,
            "created_time": "2025-04-22T19:14:13.069013Z",
            "yes_price": 93,
            "no_price": 7,
            "taker_side": "no"
        },
        {
            "trade_id": "afb5c7c1-ee0d-4a1e-af4e-6aef859f4bed",
            "ticker": "KXHIGHMIA-25APR22-B82.5",
            "count": 85,
            "created_time": "2025-04-22T19:14:13.069013Z",
            "yes_price": 92,
            "no_price": 8,
            "taker_side": "no"
        },
        {
            "trade_id": "6241193e-7a12-4e63-8035-2547331e8297",
            "ticker": "KXHIGHMIA-25APR22-B82.5",
            "count": 150,
            "created_time": "2025-04-22T19:14:13.069013Z",
            "yes_price": 93,
            "no_price": 7,
            "taker_side": "no"
        },
        {
            "trade_id": "5d7e544c-9994-43f5-8652-29fc755d84b9",
            "ticker": "KXHIGHMIA-25APR22-B82.5",
            "count": 5,
            "created_time": "2025-04-22T19:14:13.069013Z",
            "yes_price": 80,
            "no_price": 20,
            "taker_side": "no"
        },
        {
            "trade_id": "07de0293-124f-412f-8ef6-885b37b0ab77",
            "ticker": "KXHIGHMIA-25APR22-B82.5",
            "count": 96,
            "created_time": "2025-04-22T19:14:13.069013Z",
            "yes_price": 99,
            "no_price": 1,
            "taker_side": "no"
        },
        {
            "trade_id": "f1cb8edc-4f0d-4454-89fe-ca355317b434",
            "ticker": "KXHIGHMIA-25APR22-B82.5",
            "count": 40,
            "created_time": "2025-04-22T19:13:55.143399Z",
            "yes_price": 99,
            "no_price": 1,
            "taker_side": "yes"
        },
        {
            "trade_id": "e0fbf776-9f4d-41ab-ba0a-03c1043d8f01",
            "ticker": "KXHIGHMIA-25APR22-B82.5",
            "count": 1000,
            "created_time": "2025-04-22T19:13:55.143399Z",
            "yes_price": 99,
            "no_price": 1,
            "taker_side": "yes"
        },
        {
            "trade_id": "7dd43e47-d65a-483d-b24c-dca1143d57c2",
            "ticker": "KXHIGHMIA-25APR22-B82.5",
            "count": 60,
            "created_time": "2025-04-22T19:13:55.143399Z",
            "yes_price": 99,
            "no_price": 1,
            "taker_side": "yes"
        },
        {
            "trade_id": "71c2dfd4-f8e4-4c8d-b12d-10d1faef86c3",
            "ticker": "KXHIGHMIA-25APR22-B82.5",
            "count": 15,
            "created_time": "2025-04-22T19:13:55.143399Z",
            "yes_price": 99,
            "no_price": 1,
            "taker_side": "yes"
        },
        {
            "trade_id": "3a9bde62-54c3-46df-bbae-3aab343dc8ec",
            "ticker": "KXHIGHMIA-25APR22-B82.5",
            "count": 53,
            "created_time": "2025-04-22T19:13:55.143399Z",
            "yes_price": 99,
            "no_price": 1,
            "taker_side": "yes"
        },
        {
            "trade_id": "aae25bd7-4cd6-45e3-b4af-2dc4bcc13e85",
            "ticker": "KXHIGHMIA-25APR22-B82.5",
            "count": 96,
            "created_time": "2025-04-22T19:13:52.594724Z",
            "yes_price": 98,
            "no_price": 2,
            "taker_side": "yes"
        },
        {
            "trade_id": "b1a8de59-5934-4f23-95d9-8a9d3568240a",
            "ticker": "KXHIGHMIA-25APR22-B82.5",
            "count": 11,
            "created_time": "2025-04-22T19:11:29.900578Z",
            "yes_price": 97,
            "no_price": 3,
            "taker_side": "yes"
        },
        {
            "trade_id": "990cda2b-86d3-476c-81ad-a7d73cc818a4",
            "ticker": "KXHIGHMIA-25APR22-B82.5",
            "count": 4,
            "created_time": "2025-04-22T19:11:29.900578Z",
            "yes_price": 98,
            "no_price": 2,
            "taker_side": "yes"
        },
        {
            "trade_id": "58b087de-93bc-4a72-9d9a-eda317ca80f7",
            "ticker": "KXHIGHMIA-25APR22-B82.5",
            "count": 40,
            "created_time": "2025-04-22T19:11:29.900578Z",
            "yes_price": 97,
            "no_price": 3,
            "taker_side": "yes"
        },
        {
            "trade_id": "04b6bb7c-cd51-4066-98b7-561c3270f1dc",
            "ticker": "KXHIGHMIA-25APR22-B82.5",
            "count": 45,
            "created_time": "2025-04-22T19:11:29.900578Z",
            "yes_price": 97,
            "no_price": 3,
            "taker_side": "yes"
        },
        {
            "trade_id": "735ad35a-6367-43a3-9703-279b791c5e41",
            "ticker": "KXHIGHMIA-25APR22-B82.5",
            "count": 50,
            "created_time": "2025-04-22T19:10:46.632961Z",
            "yes_price": 97,
            "no_price": 3,
            "taker_side": "yes"
        },
        {
            "trade_id": "556a08b6-07ba-48f7-86bc-110193ee522b",
            "ticker": "KXHIGHMIA-25APR22-B82.5",
            "count": 6,
            "created_time": "2025-04-22T19:06:46.517207Z",
            "yes_price": 93,
            "no_price": 7,
            "taker_side": "no"
        },
        {
            "trade_id": "5dec25f3-7368-4244-b30d-c41c58fff257",
            "ticker": "KXHIGHMIA-25APR22-B82.5",
            "count": 5,
            "created_time": "2025-04-22T18:58:54.714203Z",
            "yes_price": 96,
            "no_price": 4,
            "taker_side": "yes"
        },
        {
            "trade_id": "304199ad-848a-4d0f-ab2f-9cf8ba953de0",
            "ticker": "KXHIGHMIA-25APR22-B82.5",
            "count": 5,
            "created_time": "2025-04-22T18:58:54.714203Z",
            "yes_price": 97,
            "no_price": 3,
            "taker_side": "yes"
        },
        {
            "trade_id": "699b52ec-aa31-4632-8cc8-8b66f5b1bb47",
            "ticker": "KXHIGHMIA-25APR22-B82.5",
            "count": 7,
            "created_time": "2025-04-22T18:54:51.08071Z",
            "yes_price": 93,
            "no_price": 7,
            "taker_side": "no"
        },
        {
            "trade_id": "1cf824e5-9bee-417d-9a18-09f87a4e4ecd",
            "ticker": "KXHIGHMIA-25APR22-B82.5",
            "count": 10,
            "created_time": "2025-04-22T18:50:09.896206Z",
            "yes_price": 96,
            "no_price": 4,
            "taker_side": "yes"
        },
        {
            "trade_id": "5e13d176-2598-4474-bfbf-6deaaf466e68",
            "ticker": "KXHIGHMIA-25APR22-B82.5",
            "count": 20,
            "created_time": "2025-04-22T18:37:47.253852Z",
            "yes_price": 93,
            "no_price": 7,
            "taker_side": "no"
        },
        {
            "trade_id": "6b611ec2-66aa-41b8-a86d-fcd7c473f89f",
            "ticker": "KXHIGHMIA-25APR22-B82.5",
            "count": 9,
            "created_time": "2025-04-22T18:37:23.88972Z",
            "yes_price": 95,
            "no_price": 5,
            "taker_side": "yes"
        },
        {
            "trade_id": "54958ca0-3d14-4032-b0df-ec75b2504ea3",
            "ticker": "KXHIGHMIA-25APR22-B82.5",
            "count": 133,
            "created_time": "2025-04-22T18:37:23.88972Z",
            "yes_price": 96,
            "no_price": 4,
            "taker_side": "yes"
        },
        {
            "trade_id": "8194e2d4-27bb-499f-b302-3829f694a8dd",
            "ticker": "KXHIGHMIA-25APR22-B82.5",
            "count": 50,
            "created_time": "2025-04-22T18:34:11.228107Z",
            "yes_price": 94,
            "no_price": 6,
            "taker_side": "yes"
        },
        {
            "trade_id": "f6099fbc-0de8-4c46-a96d-5e6310fbfa41",
            "ticker": "KXHIGHMIA-25APR22-B82.5",
            "count": 1,
            "created_time": "2025-04-22T18:28:33.030446Z",
            "yes_price": 94,
            "no_price": 6,
            "taker_side": "yes"
        },
        {
            "trade_id": "4dedd2e0-9a58-42f5-812a-b3b0b954fb39",
            "ticker": "KXHIGHMIA-25APR22-B82.5",
            "count": 10,
            "created_time": "2025-04-22T18:20:26.672239Z",
            "yes_price": 95,
            "no_price": 5,
            "taker_side": "yes"
        },
        {
            "trade_id": "bf8e69e8-e32a-44aa-92c3-08c66c4f53bb",
            "ticker": "KXHIGHMIA-25APR22-B82.5",
            "count": 12,
            "created_time": "2025-04-22T18:18:17.794932Z",
            "yes_price": 92,
            "no_price": 8,
            "taker_side": "no"
        },
        {
            "trade_id": "cc141b3c-d2d9-45dc-b969-4a2653d0bdab",
            "ticker": "KXHIGHMIA-25APR22-B82.5",
            "count": 40,
            "created_time": "2025-04-22T18:02:33.897888Z",
            "yes_price": 96,
            "no_price": 4,
            "taker_side": "yes"
        },
        {
            "trade_id": "8295b637-7cb6-41e1-af89-644d239cc202",
            "ticker": "KXHIGHMIA-25APR22-B82.5",
            "count": 10,
            "created_time": "2025-04-22T18:02:26.682813Z",
            "yes_price": 96,
            "no_price": 4,
            "taker_side": "yes"
        },
        {
            "trade_id": "aedc0560-c843-4593-8b8b-4953c68a6708",
            "ticker": "KXHIGHMIA-25APR22-B82.5",
            "count": 19,
            "created_time": "2025-04-22T18:02:08.636087Z",
            "yes_price": 93,
            "no_price": 7,
            "taker_side": "yes"
        },
        {
            "trade_id": "a43dabf8-1979-4674-9ae1-e3670f0bba8a",
            "ticker": "KXHIGHMIA-25APR22-B82.5",
            "count": 50,
            "created_time": "2025-04-22T17:57:50.305189Z",
            "yes_price": 93,
            "no_price": 7,
            "taker_side": "yes"
        },
        {
            "trade_id": "957bc28e-5eb1-4c15-b37b-955b5499852b",
            "ticker": "KXHIGHMIA-25APR22-B82.5",
            "count": 50,
            "created_time": "2025-04-22T17:57:50.305189Z",
            "yes_price": 95,
            "no_price": 5,
            "taker_side": "yes"
        },
        {
            "trade_id": "56260646-5061-45f8-8ca2-8361815502ee",
            "ticker": "KXHIGHMIA-25APR22-B82.5",
            "count": 50,
            "created_time": "2025-04-22T17:57:50.305189Z",
            "yes_price": 94,
            "no_price": 6,
            "taker_side": "yes"
        },
        {
            "trade_id": "303f6c82-cffe-443d-9add-8ecd3cf0fc5c",
            "ticker": "KXHIGHMIA-25APR22-B82.5",
            "count": 36,
            "created_time": "2025-04-22T17:57:50.305189Z",
            "yes_price": 94,
            "no_price": 6,
            "taker_side": "yes"
        },
        {
            "trade_id": "299a6fec-817f-4bef-b8e9-f6cfade444ac",
            "ticker": "KXHIGHMIA-25APR22-B82.5",
            "count": 25,
            "created_time": "2025-04-22T17:55:54.801246Z",
            "yes_price": 90,
            "no_price": 10,
            "taker_side": "no"
        },
        {
            "trade_id": "e01dc5a5-4e59-41a8-ad1e-87fca4887e72",
            "ticker": "KXHIGHMIA-25APR22-B82.5",
            "count": 12,
            "created_time": "2025-04-22T17:55:54.735973Z",
            "yes_price": 88,
            "no_price": 12,
            "taker_side": "yes"
        },
        {
            "trade_id": "cb3a4b12-5e8e-453b-ad9b-ee517445e24e",
            "ticker": "KXHIGHMIA-25APR22-B82.5",
            "count": 25,
            "created_time": "2025-04-22T17:55:54.735973Z",
            "yes_price": 84,
            "no_price": 16,
            "taker_side": "yes"
        },
        {
            "trade_id": "a95421f1-74d3-43b8-a78e-0002714f7aad",
            "ticker": "KXHIGHMIA-25APR22-B82.5",
            "count": 50,
            "created_time": "2025-04-22T17:55:54.735973Z",
            "yes_price": 89,
            "no_price": 11,
            "taker_side": "yes"
        },
        {
            "trade_id": "15580bfc-7789-4bab-ab9a-934795d2b0a6",
            "ticker": "KXHIGHMIA-25APR22-B82.5",
            "count": 100,
            "created_time": "2025-04-22T17:55:54.735973Z",
            "yes_price": 89,
            "no_price": 11,
            "taker_side": "yes"
        },
        {
            "trade_id": "c3fcfd07-0e3e-4194-8cfd-618c2bf81187",
            "ticker": "KXHIGHMIA-25APR22-B82.5",
            "count": 4,
            "created_time": "2025-04-22T17:44:31.451729Z",
            "yes_price": 83,
            "no_price": 17,
            "taker_side": "yes"
        },
        {
            "trade_id": "d3ec5230-b292-46ef-8e1a-efffb2b86daf",
            "ticker": "KXHIGHMIA-25APR22-B82.5",
            "count": 5,
            "created_time": "2025-04-22T17:43:54.132004Z",
            "yes_price": 83,
            "no_price": 17,
            "taker_side": "yes"
        },
        {
            "trade_id": "66c69280-6cb1-4c4e-ba02-de58520522e7",
            "ticker": "KXHIGHMIA-25APR22-B82.5",
            "count": 10,
            "created_time": "2025-04-22T17:30:51.080116Z",
            "yes_price": 81,
            "no_price": 19,
            "taker_side": "yes"
        },
        {
            "trade_id": "95b37239-0e6e-4c5d-ac62-e6de9b31f54a",
            "ticker": "KXHIGHMIA-25APR22-B82.5",
            "count": 14,
            "created_time": "2025-04-22T17:30:36.762273Z",
            "yes_price": 81,
            "no_price": 19,
            "taker_side": "yes"
        },
        {
            "trade_id": "a1d73c9a-61ab-4d72-95e9-d0fae22aa65a",
            "ticker": "KXHIGHMIA-25APR22-B82.5",
            "count": 50,
            "created_time": "2025-04-22T17:29:09.955796Z",
            "yes_price": 80,
            "no_price": 20,
            "taker_side": "yes"
        },
        {
            "trade_id": "e38c6dc8-923b-43b6-9650-eac28ec994bc",
            "ticker": "KXHIGHMIA-25APR22-B82.5",
            "count": 23,
            "created_time": "2025-04-22T17:22:38.138029Z",
            "yes_price": 78,
            "no_price": 22,
            "taker_side": "yes"
        },
        {
            "trade_id": "3d292616-b630-4b01-8a75-af1dbf1ded18",
            "ticker": "KXHIGHMIA-25APR22-B82.5",
            "count": 27,
            "created_time": "2025-04-22T17:22:38.138029Z",
            "yes_price": 79,
            "no_price": 21,
            "taker_side": "yes"
        },
        {
            "trade_id": "087a5284-4d07-45a6-adc0-f6fc099a7326",
            "ticker": "KXHIGHMIA-25APR22-B82.5",
            "count": 250,
            "created_time": "2025-04-22T17:22:38.138029Z",
            "yes_price": 79,
            "no_price": 21,
            "taker_side": "yes"
        },
        {
            "trade_id": "30b00be4-de37-4ca1-a461-da1d16222bdb",
            "ticker": "KXHIGHMIA-25APR22-B82.5",
            "count": 18,
            "created_time": "2025-04-22T17:19:55.334154Z",
            "yes_price": 78,
            "no_price": 22,
            "taker_side": "yes"
        },
        {
            "trade_id": "e04604bf-dde0-43e6-83fe-c0ad9eab48a6",
            "ticker": "KXHIGHMIA-25APR22-B82.5",
            "count": 12,
            "created_time": "2025-04-22T17:19:06.063859Z",
            "yes_price": 78,
            "no_price": 22,
            "taker_side": "yes"
        },
        {
            "trade_id": "65f88ffb-de26-423a-9849-b117f95dca84",
            "ticker": "KXHIGHMIA-25APR22-B82.5",
            "count": 25,
            "created_time": "2025-04-22T17:19:06.063859Z",
            "yes_price": 78,
            "no_price": 22,
            "taker_side": "yes"
        },
        {
            "trade_id": "49160d43-0475-4e1e-baa5-c016630996fe",
            "ticker": "KXHIGHMIA-25APR22-B82.5",
            "count": 3,
            "created_time": "2025-04-22T17:13:30.606681Z",
            "yes_price": 78,
            "no_price": 22,
            "taker_side": "yes"
        },
        {
            "trade_id": "40fcd59b-de58-493b-ae3b-630e7c525b2d",
            "ticker": "KXHIGHMIA-25APR22-B82.5",
            "count": 10,
            "created_time": "2025-04-22T17:11:02.815967Z",
            "yes_price": 77,
            "no_price": 23,
            "taker_side": "yes"
        },
        {
            "trade_id": "650563ac-f961-410c-adfd-ad09949e459d",
            "ticker": "KXHIGHMIA-25APR22-B82.5",
            "count": 24,
            "created_time": "2025-04-22T17:05:12.131843Z",
            "yes_price": 74,
            "no_price": 26,
            "taker_side": "yes"
        },
        {
            "trade_id": "31d1924a-957d-4fa0-bfe0-6ae665e3c647",
            "ticker": "KXHIGHMIA-25APR22-B82.5",
            "count": 49,
            "created_time": "2025-04-22T17:05:12.131843Z",
            "yes_price": 75,
            "no_price": 25,
            "taker_side": "yes"
        },
        {
            "trade_id": "0553f52a-5599-46dc-ada1-3d4aeeda8367",
            "ticker": "KXHIGHMIA-25APR22-B82.5",
            "count": 350,
            "created_time": "2025-04-22T17:05:12.131843Z",
            "yes_price": 75,
            "no_price": 25,
            "taker_side": "yes"
        },
        {
            "trade_id": "5113c8d5-5a6c-42cb-b68a-a6e0e1bcb001",
            "ticker": "KXHIGHMIA-25APR22-B82.5",
            "count": 67,
            "created_time": "2025-04-22T16:57:12.243809Z",
            "yes_price": 74,
            "no_price": 26,
            "taker_side": "yes"
        },
        {
            "trade_id": "4fa7ff48-acb4-4f5b-846f-2d46b626ba5c",
            "ticker": "KXHIGHMIA-25APR22-B82.5",
            "count": 30,
            "created_time": "2025-04-22T16:57:12.243809Z",
            "yes_price": 74,
            "no_price": 26,
            "taker_side": "yes"
        },
        {
            "trade_id": "17631fae-bd38-44bb-ba07-0d78efd9942f",
            "ticker": "KXHIGHMIA-25APR22-B82.5",
            "count": 9,
            "created_time": "2025-04-22T16:57:12.243809Z",
            "yes_price": 75,
            "no_price": 25,
            "taker_side": "yes"
        },
        {
            "trade_id": "3115a735-5974-44ca-875d-fac37cc5fb5a",
            "ticker": "KXHIGHMIA-25APR22-B82.5",
            "count": 4,
            "created_time": "2025-04-22T16:55:55.689158Z",
            "yes_price": 74,
            "no_price": 26,
            "taker_side": "yes"
        },
        {
            "trade_id": "9a602821-84de-4bdd-869b-8f3523876197",
            "ticker": "KXHIGHMIA-25APR22-B82.5",
            "count": 5,
            "created_time": "2025-04-22T16:50:20.078505Z",
            "yes_price": 74,
            "no_price": 26,
            "taker_side": "yes"
        },
        {
            "trade_id": "d124db64-8d45-4467-b2b7-7725ebf2d2c8",
            "ticker": "KXHIGHMIA-25APR22-B82.5",
            "count": 40,
            "created_time": "2025-04-22T16:44:29.218673Z",
            "yes_price": 73,
            "no_price": 27,
            "taker_side": "yes"
        },
        {
            "trade_id": "5a043e52-ed40-4385-abb9-4dfe7a0b667b",
            "ticker": "KXHIGHMIA-25APR22-B82.5",
            "count": 1,
            "created_time": "2025-04-22T16:44:16.314757Z",
            "yes_price": 73,
            "no_price": 27,
            "taker_side": "yes"
        },
        {
            "trade_id": "97cf02a2-b6e6-42ff-a7af-b56f5f0d9931",
            "ticker": "KXHIGHMIA-25APR22-B82.5",
            "count": 41,
            "created_time": "2025-04-22T16:38:13.323268Z",
            "yes_price": 73,
            "no_price": 27,
            "taker_side": "yes"
        },
        {
            "trade_id": "e104a666-0fcd-4817-bb8d-213d75ab817f",
            "ticker": "KXHIGHMIA-25APR22-B82.5",
            "count": 23,
            "created_time": "2025-04-22T16:15:11.976514Z",
            "yes_price": 66,
            "no_price": 34,
            "taker_side": "no"
        },
        {
            "trade_id": "fb0a0028-0ce2-4a20-898c-27ed6ee9b175",
            "ticker": "KXHIGHMIA-25APR22-B82.5",
            "count": 66,
            "created_time": "2025-04-22T16:12:39.794239Z",
            "yes_price": 74,
            "no_price": 26,
            "taker_side": "yes"
        },
        {
            "trade_id": "d73842d4-8dca-43a1-ab5e-83109ef7b0b3",
            "ticker": "KXHIGHMIA-25APR22-B82.5",
            "count": 2,
            "created_time": "2025-04-22T16:12:18.433675Z",
            "yes_price": 70,
            "no_price": 30,
            "taker_side": "no"
        },
        {
            "trade_id": "cd41dca8-6815-4096-abd4-f6b187d269e9",
            "ticker": "KXHIGHMIA-25APR22-B82.5",
            "count": 100,
            "created_time": "2025-04-22T16:12:18.433675Z",
            "yes_price": 69,
            "no_price": 31,
            "taker_side": "no"
        },
        {
            "trade_id": "55dea0e1-a1ea-449c-933e-fca66208978c",
            "ticker": "KXHIGHMIA-25APR22-B82.5",
            "count": 6,
            "created_time": "2025-04-22T16:12:18.433675Z",
            "yes_price": 70,
            "no_price": 30,
            "taker_side": "no"
        },
        {
            "trade_id": "05f316d2-30b0-42a0-b483-0f0b5446b6e8",
            "ticker": "KXHIGHMIA-25APR22-B82.5",
            "count": 46,
            "created_time": "2025-04-22T16:10:55.934291Z",
            "yes_price": 74,
            "no_price": 26,
            "taker_side": "yes"
        },
        {
            "trade_id": "27965776-228e-435f-a293-8b0560a03e98",
            "ticker": "KXHIGHMIA-25APR22-B82.5",
            "count": 1,
            "created_time": "2025-04-22T16:10:27.087074Z",
            "yes_price": 74,
            "no_price": 26,
            "taker_side": "yes"
        },
        {
            "trade_id": "96b61dfa-2520-4175-a6a9-0ff51761b495",
            "ticker": "KXHIGHMIA-25APR22-B82.5",
            "count": 1,
            "created_time": "2025-04-22T15:27:36.903731Z",
            "yes_price": 74,
            "no_price": 26,
            "taker_side": "yes"
        },
        {
            "trade_id": "53a1df71-4477-45c5-822f-a90389404dcb",
            "ticker": "KXHIGHMIA-25APR22-B82.5",
            "count": 5,
            "created_time": "2025-04-22T15:14:30.55622Z",
            "yes_price": 74,
            "no_price": 26,
            "taker_side": "yes"
        },
        {
            "trade_id": "3154977a-8ce3-4685-aa1a-4638a6d17535",
            "ticker": "KXHIGHMIA-25APR22-B82.5",
            "count": 13,
            "created_time": "2025-04-22T15:04:07.394959Z",
            "yes_price": 75,
            "no_price": 25,
            "taker_side": "yes"
        },
        {
            "trade_id": "9bde98b7-8419-444f-9d6f-d973ab225357",
            "ticker": "KXHIGHMIA-25APR22-B82.5",
            "count": 29,
            "created_time": "2025-04-22T15:00:18.526127Z",
            "yes_price": 75,
            "no_price": 25,
            "taker_side": "yes"
        },
        {
            "trade_id": "e377c1dc-3afe-4ea2-b955-7d6cc2c0f362",
            "ticker": "KXHIGHMIA-25APR22-B82.5",
            "count": 200,
            "created_time": "2025-04-22T14:58:56.849847Z",
            "yes_price": 74,
            "no_price": 26,
            "taker_side": "yes"
        },
        {
            "trade_id": "cc4e58e9-c047-47fe-a454-4fa8fc01d4cc",
            "ticker": "KXHIGHMIA-25APR22-B82.5",
            "count": 50,
            "created_time": "2025-04-22T14:58:56.849847Z",
            "yes_price": 71,
            "no_price": 29,
            "taker_side": "yes"
        },
        {
            "trade_id": "b40db9de-ec14-48df-a436-01f3fbf557fd",
            "ticker": "KXHIGHMIA-25APR22-B82.5",
            "count": 52,
            "created_time": "2025-04-22T14:58:56.849847Z",
            "yes_price": 72,
            "no_price": 28,
            "taker_side": "yes"
        },
        {
            "trade_id": "7bf5206c-922e-4455-b711-f6c51be46cbf",
            "ticker": "KXHIGHMIA-25APR22-B82.5",
            "count": 39,
            "created_time": "2025-04-22T14:58:56.849847Z",
            "yes_price": 73,
            "no_price": 27,
            "taker_side": "yes"
        },
        {
            "trade_id": "be649f30-7a82-4019-b0d2-de14aa1b39df",
            "ticker": "KXHIGHMIA-25APR22-B82.5",
            "count": 20,
            "created_time": "2025-04-22T14:55:31.536611Z",
            "yes_price": 70,
            "no_price": 30,
            "taker_side": "yes"
        },
        {
            "trade_id": "c013771f-953a-4450-95a4-ce368d9ce2f8",
            "ticker": "KXHIGHMIA-25APR22-B82.5",
            "count": 2,
            "created_time": "2025-04-22T14:39:05.353153Z",
            "yes_price": 66,
            "no_price": 34,
            "taker_side": "yes"
        },
        {
            "trade_id": "2fdd2664-1afa-459a-86ff-f6db5c8b5de9",
            "ticker": "KXHIGHMIA-25APR22-B82.5",
            "count": 4,
            "created_time": "2025-04-22T14:39:05.353153Z",
            "yes_price": 72,
            "no_price": 28,
            "taker_side": "yes"
        },
        {
            "trade_id": "a640f17f-53fc-4744-94b3-da891942c37d",
            "ticker": "KXHIGHMIA-25APR22-B82.5",
            "count": 28,
            "created_time": "2025-04-22T14:38:11.719457Z",
            "yes_price": 63,
            "no_price": 37,
            "taker_side": "yes"
        },
        {
            "trade_id": "8fb9d601-00fa-4c36-a193-6d738ff1b5e2",
            "ticker": "KXHIGHMIA-25APR22-B82.5",
            "count": 50,
            "created_time": "2025-04-22T14:38:02.81118Z",
            "yes_price": 60,
            "no_price": 40,
            "taker_side": "yes"
        },
        {
            "trade_id": "71cf6aba-066c-4cc0-9c2b-67c3c5266656",
            "ticker": "KXHIGHMIA-25APR22-B82.5",
            "count": 48,
            "created_time": "2025-04-22T14:38:02.81118Z",
            "yes_price": 60,
            "no_price": 40,
            "taker_side": "yes"
        },
        {
            "trade_id": "105bc987-bacb-41bb-8f1e-58021927ed96",
            "ticker": "KXHIGHMIA-25APR22-B82.5",
            "count": 350,
            "created_time": "2025-04-22T14:37:33.948963Z",
            "yes_price": 60,
            "no_price": 40,
            "taker_side": "yes"
        },
        {
            "trade_id": "57f8bb51-baf2-4bc6-8f5c-b4874b171bd6",
            "ticker": "KXHIGHMIA-25APR22-B82.5",
            "count": 2,
            "created_time": "2025-04-22T14:18:47.423785Z",
            "yes_price": 60,
            "no_price": 40,
            "taker_side": "no"
        },
        {
            "trade_id": "80ee3fc9-8a1d-4fed-9bcb-b12ffface674",
            "ticker": "KXHIGHMIA-25APR22-B82.5",
            "count": 7,
            "created_time": "2025-04-22T14:17:42.141339Z",
            "yes_price": 62,
            "no_price": 38,
            "taker_side": "yes"
        },
        {
            "trade_id": "6195cc66-cba6-4093-adc0-2e0817a97ada",
            "ticker": "KXHIGHMIA-25APR22-B82.5",
            "count": 10,
            "created_time": "2025-04-22T14:15:34.939696Z",
            "yes_price": 62,
            "no_price": 38,
            "taker_side": "yes"
        },
        {
            "trade_id": "ad2e035f-5299-447a-8f71-5b2387cd2b39",
            "ticker": "KXHIGHMIA-25APR22-B82.5",
            "count": 5,
            "created_time": "2025-04-22T14:14:26.795158Z",
            "yes_price": 60,
            "no_price": 40,
            "taker_side": "no"
        },
        {
            "trade_id": "e8c34163-6385-4160-8bb2-86b3b0383e53",
            "ticker": "KXHIGHMIA-25APR22-B82.5",
            "count": 100,
            "created_time": "2025-04-22T14:04:16.118683Z",
            "yes_price": 59,
            "no_price": 41,
            "taker_side": "yes"
        },
        {
            "trade_id": "8cce4062-fe9e-42aa-87f2-7e71325c4bf1",
            "ticker": "KXHIGHMIA-25APR22-B82.5",
            "count": 100,
            "created_time": "2025-04-22T14:04:16.117613Z",
            "yes_price": 59,
            "no_price": 41,
            "taker_side": "yes"
        },
        {
            "trade_id": "b7b1df44-4fd9-4a96-848c-7ed4824e33f0",
            "ticker": "KXHIGHMIA-25APR22-B82.5",
            "count": 100,
            "created_time": "2025-04-22T13:59:53.235828Z",
            "yes_price": 57,
            "no_price": 43,
            "taker_side": "yes"
        },
        {
            "trade_id": "04fa3f71-336d-4c64-96b7-d35138c6e2ea",
            "ticker": "KXHIGHMIA-25APR22-B82.5",
            "count": 7,
            "created_time": "2025-04-22T13:50:47.680975Z",
            "yes_price": 56,
            "no_price": 44,
            "taker_side": "yes"
        },
        {
            "trade_id": "427ac598-094d-48b4-b899-a2bde1a2ec8d",
            "ticker": "KXHIGHMIA-25APR22-B82.5",
            "count": 11,
            "created_time": "2025-04-22T13:49:51.673261Z",
            "yes_price": 55,
            "no_price": 45,
            "taker_side": "yes"
        },
        {
            "trade_id": "980f0ea8-f0e9-4949-8ec1-e6edda25ea8f",
            "ticker": "KXHIGHMIA-25APR22-B82.5",
            "count": 3,
            "created_time": "2025-04-22T13:46:04.465991Z",
            "yes_price": 55,
            "no_price": 45,
            "taker_side": "yes"
        },
        {
            "trade_id": "3fd96fad-d337-4813-9b2d-a6cd8b635e6d",
            "ticker": "KXHIGHMIA-25APR22-B82.5",
            "count": 6,
            "created_time": "2025-04-22T13:39:44.945309Z",
            "yes_price": 55,
            "no_price": 45,
            "taker_side": "yes"
        },
        {
            "trade_id": "c01a7b06-da79-46ce-9382-249082a3a78e",
            "ticker": "KXHIGHMIA-25APR22-B82.5",
            "count": 10,
            "created_time": "2025-04-22T13:28:07.151616Z",
            "yes_price": 49,
            "no_price": 51,
            "taker_side": "no"
        },
        {
            "trade_id": "d1e8bd7f-e90f-478d-8da5-6862ba5b50a0",
            "ticker": "KXHIGHMIA-25APR22-B82.5",
            "count": 5,
            "created_time": "2025-04-22T13:25:46.345176Z",
            "yes_price": 49,
            "no_price": 51,
            "taker_side": "no"
        },
        {
            "trade_id": "ea8c47a7-9dcb-4220-888c-8529a4ef1b05",
            "ticker": "KXHIGHMIA-25APR22-B82.5",
            "count": 1,
            "created_time": "2025-04-22T13:25:06.281996Z",
            "yes_price": 51,
            "no_price": 49,
            "taker_side": "yes"
        },
        {
            "trade_id": "6a73293c-e993-4b93-8f0c-ace658c12495",
            "ticker": "KXHIGHMIA-25APR22-B82.5",
            "count": 3,
            "created_time": "2025-04-22T13:24:49.12908Z",
            "yes_price": 50,
            "no_price": 50,
            "taker_side": "yes"
        },
        {
            "trade_id": "d75d9a9a-6d0d-47cd-a2dd-c4845c3f4f84",
            "ticker": "KXHIGHMIA-25APR22-B82.5",
            "count": 9,
            "created_time": "2025-04-22T13:24:09.440289Z",
            "yes_price": 51,
            "no_price": 49,
            "taker_side": "yes"
        },
        {
            "trade_id": "45a5f5ea-67bc-4efa-9a72-e53d4de669e1",
            "ticker": "KXHIGHMIA-25APR22-B82.5",
            "count": 82,
            "created_time": "2025-04-22T13:19:46.809688Z",
            "yes_price": 50,
            "no_price": 50,
            "taker_side": "no"
        },
        {
            "trade_id": "92a73d18-78ec-43ba-a182-8ba55269225a",
            "ticker": "KXHIGHMIA-25APR22-B82.5",
            "count": 15,
            "created_time": "2025-04-22T13:19:40.774228Z",
            "yes_price": 50,
            "no_price": 50,
            "taker_side": "no"
        },
        {
            "trade_id": "5e7caea7-5f4e-4c68-a1e3-27b6a62fadad",
            "ticker": "KXHIGHMIA-25APR22-B82.5",
            "count": 3,
            "created_time": "2025-04-22T13:19:40.70607Z",
            "yes_price": 50,
            "no_price": 50,
            "taker_side": "yes"
        },
        {
            "trade_id": "e7e1e053-1b09-48de-8474-b66ffb0768f0",
            "ticker": "KXHIGHMIA-25APR22-B82.5",
            "count": 15,
            "created_time": "2025-04-22T13:17:17.756511Z",
            "yes_price": 50,
            "no_price": 50,
            "taker_side": "no"
        },
        {
            "trade_id": "25e173a2-25e3-49c7-a408-04f4eab215e3",
            "ticker": "KXHIGHMIA-25APR22-B82.5",
            "count": 26,
            "created_time": "2025-04-22T13:16:40.635664Z",
            "yes_price": 50,
            "no_price": 50,
            "taker_side": "no"
        },
        {
            "trade_id": "e3d5677b-1382-49d6-bb47-f3dca3d2591c",
            "ticker": "KXHIGHMIA-25APR22-B82.5",
            "count": 20,
            "created_time": "2025-04-22T13:16:40.576578Z",
            "yes_price": 50,
            "no_price": 50,
            "taker_side": "yes"
        },
        {
            "trade_id": "49312862-82c0-46eb-9fbc-4c5bdb61eb7e",
            "ticker": "KXHIGHMIA-25APR22-B82.5",
            "count": 39,
            "created_time": "2025-04-22T13:16:40.576578Z",
            "yes_price": 50,
            "no_price": 50,
            "taker_side": "yes"
        },
        {
            "trade_id": "6b40555e-e4f0-4818-b437-7abef8918235",
            "ticker": "KXHIGHMIA-25APR22-B82.5",
            "count": 6,
            "created_time": "2025-04-22T13:14:36.137166Z",
            "yes_price": 49,
            "no_price": 51,
            "taker_side": "yes"
        },
        {
            "trade_id": "6c111872-af52-4289-8bf1-06410f60e0e7",
            "ticker": "KXHIGHMIA-25APR22-B82.5",
            "count": 8,
            "created_time": "2025-04-22T13:13:09.46947Z",
            "yes_price": 49,
            "no_price": 51,
            "taker_side": "yes"
        },
        {
            "trade_id": "561d27e1-f9d7-4c2f-b852-9f1fae13559e",
            "ticker": "KXHIGHMIA-25APR22-B82.5",
            "count": 5,
            "created_time": "2025-04-22T13:11:45.064842Z",
            "yes_price": 49,
            "no_price": 51,
            "taker_side": "yes"
        },
        {
            "trade_id": "0ec1237d-9a04-4a58-af5c-381de515bd19",
            "ticker": "KXHIGHMIA-25APR22-B82.5",
            "count": 29,
            "created_time": "2025-04-22T12:50:29.628575Z",
            "yes_price": 33,
            "no_price": 67,
            "taker_side": "no"
        },
        {
            "trade_id": "2521ad70-b376-45d9-8b84-f6b69e749a67",
            "ticker": "KXHIGHMIA-25APR22-B82.5",
            "count": 7,
            "created_time": "2025-04-22T12:32:44.059307Z",
            "yes_price": 33,
            "no_price": 67,
            "taker_side": "no"
        },
        {
            "trade_id": "f615a1d4-71b5-4df8-ad10-85e65f435d16",
            "ticker": "KXHIGHMIA-25APR22-B82.5",
            "count": 49,
            "created_time": "2025-04-22T12:00:25.4547Z",
            "yes_price": 56,
            "no_price": 44,
            "taker_side": "no"
        },
        {
            "trade_id": "a0014fb5-1aff-4141-bcab-02267042a9c9",
            "ticker": "KXHIGHMIA-25APR22-B82.5",
            "count": 51,
            "created_time": "2025-04-22T06:30:20.683793Z",
            "yes_price": 56,
            "no_price": 44,
            "taker_side": "no"
        },
        {
            "trade_id": "32981a8b-d098-49c8-aac0-57fe3279e75d",
            "ticker": "KXHIGHMIA-25APR22-B82.5",
            "count": 72,
            "created_time": "2025-04-22T06:27:27.215071Z",
            "yes_price": 57,
            "no_price": 43,
            "taker_side": "no"
        },
        {
            "trade_id": "08f7465b-d6b8-442b-a7f4-e99789916672",
            "ticker": "KXHIGHMIA-25APR22-B82.5",
            "count": 67,
            "created_time": "2025-04-22T06:27:21.034002Z",
            "yes_price": 57,
            "no_price": 43,
            "taker_side": "no"
        },
        {
            "trade_id": "3c5e996d-fae8-4040-90b2-07ff17946404",
            "ticker": "KXHIGHMIA-25APR22-B82.5",
            "count": 15,
            "created_time": "2025-04-22T06:06:48.750457Z",
            "yes_price": 62,
            "no_price": 38,
            "taker_side": "yes"
        },
        {
            "trade_id": "c70c3ebd-c171-4618-bcd5-2e9369fbb880",
            "ticker": "KXHIGHMIA-25APR22-B82.5",
            "count": 15,
            "created_time": "2025-04-22T06:06:14.53718Z",
            "yes_price": 62,
            "no_price": 38,
            "taker_side": "yes"
        },
        {
            "trade_id": "43885c5f-0c81-435f-93e6-5e96a3f41b0e",
            "ticker": "KXHIGHMIA-25APR22-B82.5",
            "count": 25,
            "created_time": "2025-04-22T05:30:20.45426Z",
            "yes_price": 57,
            "no_price": 43,
            "taker_side": "no"
        },
        {
            "trade_id": "caab5d47-8002-4a69-b80d-ef5e89827079",
            "ticker": "KXHIGHMIA-25APR22-B82.5",
            "count": 2,
            "created_time": "2025-04-22T05:19:27.506785Z",
            "yes_price": 57,
            "no_price": 43,
            "taker_side": "yes"
        },
        {
            "trade_id": "75d17641-7353-46fa-ba8e-eb129cc76a4a",
            "ticker": "KXHIGHMIA-25APR22-B82.5",
            "count": 7,
            "created_time": "2025-04-22T05:09:47.973167Z",
            "yes_price": 58,
            "no_price": 42,
            "taker_side": "yes"
        },
        {
            "trade_id": "1ada6b1a-8707-4cc6-a336-7da6447b2d25",
            "ticker": "KXHIGHMIA-25APR22-B82.5",
            "count": 7,
            "created_time": "2025-04-22T04:57:41.002221Z",
            "yes_price": 61,
            "no_price": 39,
            "taker_side": "no"
        },
        {
            "trade_id": "f248c0c0-d47c-4906-8d38-f86e2f44335f",
            "ticker": "KXHIGHMIA-25APR22-B82.5",
            "count": 18,
            "created_time": "2025-04-22T04:42:18.664024Z",
            "yes_price": 63,
            "no_price": 37,
            "taker_side": "no"
        },
        {
            "trade_id": "db1571f5-9be8-4a5b-868f-87d70008ef0e",
            "ticker": "KXHIGHMIA-25APR22-B82.5",
            "count": 72,
            "created_time": "2025-04-22T04:42:16.694084Z",
            "yes_price": 64,
            "no_price": 36,
            "taker_side": "no"
        },
        {
            "trade_id": "54e7be83-06a5-4656-9ef0-927bc556a09a",
            "ticker": "KXHIGHMIA-25APR22-B82.5",
            "count": 41,
            "created_time": "2025-04-22T04:42:16.623922Z",
            "yes_price": 64,
            "no_price": 36,
            "taker_side": "no"
        },
        {
            "trade_id": "9c6c078b-5730-4788-9d7e-2d1d00842308",
            "ticker": "KXHIGHMIA-25APR22-B82.5",
            "count": 114,
            "created_time": "2025-04-22T04:41:21.034615Z",
            "yes_price": 64,
            "no_price": 36,
            "taker_side": "no"
        },
        {
            "trade_id": "539a89c6-6574-4b03-8c83-d840183fd967",
            "ticker": "KXHIGHMIA-25APR22-B82.5",
            "count": 6,
            "created_time": "2025-04-22T04:41:15.640186Z",
            "yes_price": 65,
            "no_price": 35,
            "taker_side": "yes"
        },
        {
            "trade_id": "390fcea9-ac73-42a9-a8f8-433e3e03e472",
            "ticker": "KXHIGHMIA-25APR22-B82.5",
            "count": 22,
            "created_time": "2025-04-22T04:39:17.514003Z",
            "yes_price": 63,
            "no_price": 37,
            "taker_side": "no"
        },
        {
            "trade_id": "e337b724-d2ed-471b-87c2-ce258ecd2592",
            "ticker": "KXHIGHMIA-25APR22-B82.5",
            "count": 7,
            "created_time": "2025-04-22T04:27:39.0715Z",
            "yes_price": 65,
            "no_price": 35,
            "taker_side": "yes"
        },
        {
            "trade_id": "222a39b6-e1e0-41f5-8059-9cede1cd013e",
            "ticker": "KXHIGHMIA-25APR22-B82.5",
            "count": 9,
            "created_time": "2025-04-22T04:17:39.981182Z",
            "yes_price": 64,
            "no_price": 36,
            "taker_side": "yes"
        },
        {
            "trade_id": "a938a3fa-665d-4e17-bb71-59308d353913",
            "ticker": "KXHIGHMIA-25APR22-B82.5",
            "count": 2,
            "created_time": "2025-04-22T04:09:23.6844Z",
            "yes_price": 64,
            "no_price": 36,
            "taker_side": "no"
        },
        {
            "trade_id": "a33bee14-93c2-40c0-a356-9dfbc7b88a6d",
            "ticker": "KXHIGHMIA-25APR22-B82.5",
            "count": 68,
            "created_time": "2025-04-22T04:07:45.821327Z",
            "yes_price": 66,
            "no_price": 34,
            "taker_side": "yes"
        },
        {
            "trade_id": "959a7829-4444-401e-baa3-cb577572e273",
            "ticker": "KXHIGHMIA-25APR22-B82.5",
            "count": 79,
            "created_time": "2025-04-22T04:07:45.821327Z",
            "yes_price": 64,
            "no_price": 36,
            "taker_side": "yes"
        },
        {
            "trade_id": "b369aa14-6d4d-4c4e-83e5-04370880d580",
            "ticker": "KXHIGHMIA-25APR22-B82.5",
            "count": 2,
            "created_time": "2025-04-22T04:06:19.49401Z",
            "yes_price": 64,
            "no_price": 36,
            "taker_side": "yes"
        },
        {
            "trade_id": "7de2be79-a8be-4f2a-a306-43304f8d4122",
            "ticker": "KXHIGHMIA-25APR22-B82.5",
            "count": 10,
            "created_time": "2025-04-22T04:06:19.49401Z",
            "yes_price": 63,
            "no_price": 37,
            "taker_side": "yes"
        },
        {
            "trade_id": "764f4a41-12a2-4573-b9a2-cfecc1e3f827",
            "ticker": "KXHIGHMIA-25APR22-B82.5",
            "count": 39,
            "created_time": "2025-04-22T04:06:19.49401Z",
            "yes_price": 65,
            "no_price": 35,
            "taker_side": "yes"
        },
        {
            "trade_id": "e746e46c-37f2-4760-b1e1-48973d0fbde3",
            "ticker": "KXHIGHMIA-25APR22-B82.5",
            "count": 119,
            "created_time": "2025-04-22T03:29:34.158273Z",
            "yes_price": 68,
            "no_price": 32,
            "taker_side": "yes"
        },
        {
            "trade_id": "ca23e2fb-bf65-409c-9e01-02748ad76758",
            "ticker": "KXHIGHMIA-25APR22-B82.5",
            "count": 40,
            "created_time": "2025-04-22T03:29:34.158273Z",
            "yes_price": 67,
            "no_price": 33,
            "taker_side": "yes"
        },
        {
            "trade_id": "b22130ad-8414-4e4a-80cd-3e58f0e1e439",
            "ticker": "KXHIGHMIA-25APR22-B82.5",
            "count": 1,
            "created_time": "2025-04-22T03:29:34.158273Z",
            "yes_price": 69,
            "no_price": 31,
            "taker_side": "yes"
        },
        {
            "trade_id": "5d401260-a412-49c7-ae06-b0da8a656041",
            "ticker": "KXHIGHMIA-25APR22-B82.5",
            "count": 248,
            "created_time": "2025-04-22T03:29:34.158273Z",
            "yes_price": 66,
            "no_price": 34,
            "taker_side": "yes"
        },
        {
            "trade_id": "59793b52-4107-45ce-88da-1776b9b94bad",
            "ticker": "KXHIGHMIA-25APR22-B82.5",
            "count": 14,
            "created_time": "2025-04-22T03:29:34.158273Z",
            "yes_price": 67,
            "no_price": 33,
            "taker_side": "yes"
        },
        {
            "trade_id": "1cc3ee97-133b-4ced-b48e-2edcbf4085d1",
            "ticker": "KXHIGHMIA-25APR22-B82.5",
            "count": 40,
            "created_time": "2025-04-22T03:27:26.345571Z",
            "yes_price": 62,
            "no_price": 38,
            "taker_side": "yes"
        },
        {
            "trade_id": "021cf591-2551-44a8-8971-71bb7885fa2e",
            "ticker": "KXHIGHMIA-25APR22-B82.5",
            "count": 51,
            "created_time": "2025-04-22T03:24:18.914604Z",
            "yes_price": 62,
            "no_price": 38,
            "taker_side": "yes"
        },
        {
            "trade_id": "bd0c961f-5309-4416-9789-ae5120c29621",
            "ticker": "KXHIGHMIA-25APR22-B82.5",
            "count": 11,
            "created_time": "2025-04-22T02:31:53.461343Z",
            "yes_price": 57,
            "no_price": 43,
            "taker_side": "no"
        },
        {
            "trade_id": "d5e9f99a-f0c7-4b14-979a-a0337f66ea6a",
            "ticker": "KXHIGHMIA-25APR22-B82.5",
            "count": 3,
            "created_time": "2025-04-22T01:47:01.235063Z",
            "yes_price": 57,
            "no_price": 43,
            "taker_side": "no"
        },
        {
            "trade_id": "b0d14c2b-fc45-4fc7-b765-f2fb312059a3",
            "ticker": "KXHIGHMIA-25APR22-B82.5",
            "count": 9,
            "created_time": "2025-04-22T01:47:01.235063Z",
            "yes_price": 56,
            "no_price": 44,
            "taker_side": "no"
        },
        {
            "trade_id": "2c0c32b6-fc18-44bd-bfbb-82dd8a57cc51",
            "ticker": "KXHIGHMIA-25APR22-B82.5",
            "count": 10,
            "created_time": "2025-04-22T01:47:01.235063Z",
            "yes_price": 58,
            "no_price": 42,
            "taker_side": "no"
        },
        {
            "trade_id": "69bd1fa1-a0f4-4bc9-a67c-83b436a7e894",
            "ticker": "KXHIGHMIA-25APR22-B82.5",
            "count": 13,
            "created_time": "2025-04-22T01:28:56.346707Z",
            "yes_price": 65,
            "no_price": 35,
            "taker_side": "yes"
        },
        {
            "trade_id": "42170881-1e37-4f66-bf76-ea644ba47467",
            "ticker": "KXHIGHMIA-25APR22-B82.5",
            "count": 50,
            "created_time": "2025-04-22T00:32:25.161527Z",
            "yes_price": 65,
            "no_price": 35,
            "taker_side": "yes"
        },
        {
            "trade_id": "4096b3e6-2138-4763-a58d-35ad9aac1d42",
            "ticker": "KXHIGHMIA-25APR22-B82.5",
            "count": 11,
            "created_time": "2025-04-21T23:37:08.640525Z",
            "yes_price": 66,
            "no_price": 34,
            "taker_side": "yes"
        },
        {
            "trade_id": "77085cf2-7416-4953-83f3-e423807a82d9",
            "ticker": "KXHIGHMIA-25APR22-B82.5",
            "count": 7,
            "created_time": "2025-04-21T23:27:52.244348Z",
            "yes_price": 66,
            "no_price": 34,
            "taker_side": "yes"
        },
        {
            "trade_id": "e8f9dee7-f034-4433-9c3f-06dfdd754fcd",
            "ticker": "KXHIGHMIA-25APR22-B82.5",
            "count": 2,
            "created_time": "2025-04-21T21:39:36.836315Z",
            "yes_price": 59,
            "no_price": 41,
            "taker_side": "no"
        },
        {
            "trade_id": "a6d2f1fb-2582-4820-81ba-4c4277c67c2c",
            "ticker": "KXHIGHMIA-25APR22-B82.5",
            "count": 5,
            "created_time": "2025-04-21T20:51:45.754718Z",
            "yes_price": 63,
            "no_price": 37,
            "taker_side": "yes"
        },
        {
            "trade_id": "a04786b0-aef0-4ed0-bd88-057dddfe3c22",
            "ticker": "KXHIGHMIA-25APR22-B82.5",
            "count": 24,
            "created_time": "2025-04-21T20:51:45.754718Z",
            "yes_price": 64,
            "no_price": 36,
            "taker_side": "yes"
        },
        {
            "trade_id": "14dda8d9-794c-4f62-abac-b6f3b4a06ee7",
            "ticker": "KXHIGHMIA-25APR22-B82.5",
            "count": 6,
            "created_time": "2025-04-21T20:51:45.754718Z",
            "yes_price": 62,
            "no_price": 38,
            "taker_side": "yes"
        },
        {
            "trade_id": "aafe3556-e520-4b06-9169-95bfd15ce239",
            "ticker": "KXHIGHMIA-25APR22-B82.5",
            "count": 16,
            "created_time": "2025-04-21T20:37:38.395605Z",
            "yes_price": 56,
            "no_price": 44,
            "taker_side": "no"
        },
        {
            "trade_id": "76e1d559-3224-4315-84af-fcefb84b39e0",
            "ticker": "KXHIGHMIA-25APR22-B82.5",
            "count": 3,
            "created_time": "2025-04-21T20:28:30.204469Z",
            "yes_price": 55,
            "no_price": 45,
            "taker_side": "no"
        },
        {
            "trade_id": "318da704-1830-46bd-855f-320e02342618",
            "ticker": "KXHIGHMIA-25APR22-B82.5",
            "count": 7,
            "created_time": "2025-04-21T20:28:30.204469Z",
            "yes_price": 56,
            "no_price": 44,
            "taker_side": "no"
        },
        {
            "trade_id": "d9abb365-bb9e-405d-927b-e815a39dd2ad",
            "ticker": "KXHIGHMIA-25APR22-B82.5",
            "count": 8,
            "created_time": "2025-04-21T20:00:21.524156Z",
            "yes_price": 61,
            "no_price": 39,
            "taker_side": "yes"
        },
        {
            "trade_id": "77ed38df-26d0-46a5-a868-9655fd51b96b",
            "ticker": "KXHIGHMIA-25APR22-B82.5",
            "count": 9,
            "created_time": "2025-04-21T19:55:29.988304Z",
            "yes_price": 61,
            "no_price": 39,
            "taker_side": "yes"
        },
        {
            "trade_id": "2fc02726-97b5-41d3-b640-b26dc68cc454",
            "ticker": "KXHIGHMIA-25APR22-B82.5",
            "count": 7,
            "created_time": "2025-04-21T19:55:29.988304Z",
            "yes_price": 60,
            "no_price": 40,
            "taker_side": "yes"
        },
        {
            "trade_id": "949a22e2-640d-4790-b56b-9b5430442770",
            "ticker": "KXHIGHMIA-25APR22-B82.5",
            "count": 8,
            "created_time": "2025-04-21T19:10:13.414226Z",
            "yes_price": 62,
            "no_price": 38,
            "taker_side": "yes"
        },
        {
            "trade_id": "3f42c007-1157-4a77-b932-00cabe0aa97b",
            "ticker": "KXHIGHMIA-25APR22-B82.5",
            "count": 8,
            "created_time": "2025-04-21T19:10:13.414226Z",
            "yes_price": 62,
            "no_price": 38,
            "taker_side": "yes"
        },
        {
            "trade_id": "8f005a66-0253-4c20-88a2-9029814546df",
            "ticker": "KXHIGHMIA-25APR22-B82.5",
            "count": 44,
            "created_time": "2025-04-21T15:01:11.2874Z",
            "yes_price": 56,
            "no_price": 44,
            "taker_side": "no"
        },
        {
            "trade_id": "fa6cb3d6-7d31-4f43-9554-4b8c6be08e90",
            "ticker": "KXHIGHMIA-25APR22-B82.5",
            "count": 36,
            "created_time": "2025-04-21T15:01:09.268144Z",
            "yes_price": 56,
            "no_price": 44,
            "taker_side": "no"
        },
        {
            "trade_id": "5ef74087-8918-42e4-8e3d-be016877e6cd",
            "ticker": "KXHIGHMIA-25APR22-B82.5",
            "count": 15,
            "created_time": "2025-04-21T14:55:42.037616Z",
            "yes_price": 57,
            "no_price": 43,
            "taker_side": "no"
        },
        {
            "trade_id": "f1e26bdb-051e-4cc1-b49b-fbf4051d46a0",
            "ticker": "KXHIGHMIA-25APR22-B82.5",
            "count": 1,
            "created_time": "2025-04-21T14:30:17.235582Z",
            "yes_price": 60,
            "no_price": 40,
            "taker_side": "yes"
        }
    ],
    "KXHIGHMIA-25APR22-B84.5": [
        {
            "trade_id": "afb1992d-d2ca-4d99-8391-486d197047c0",
            "ticker": "KXHIGHMIA-25APR22-B84.5",
            "count": 40,
            "created_time": "2025-04-23T00:42:58.782918Z",
            "yes_price": 1,
            "no_price": 99,
            "taker_side": "yes"
        },
        {
            "trade_id": "cdf24f72-914d-4737-848e-d259515cb8f5",
            "ticker": "KXHIGHMIA-25APR22-B84.5",
            "count": 227,
            "created_time": "2025-04-22T21:23:26.83302Z",
            "yes_price": 1,
            "no_price": 99,
            "taker_side": "yes"
        },
        {
            "trade_id": "0ed87306-9b67-46dc-b006-645a94a7bf50",
            "ticker": "KXHIGHMIA-25APR22-B84.5",
            "count": 142,
            "created_time": "2025-04-22T21:04:13.632473Z",
            "yes_price": 1,
            "no_price": 99,
            "taker_side": "yes"
        },
        {
            "trade_id": "a870a861-19a5-4549-8e06-4d11420dc751",
            "ticker": "KXHIGHMIA-25APR22-B84.5",
            "count": 6,
            "created_time": "2025-04-22T19:13:46.984785Z",
            "yes_price": 1,
            "no_price": 99,
            "taker_side": "no"
        },
        {
            "trade_id": "7a413c44-f085-4cf0-8468-2f0fa7d48e1f",
            "ticker": "KXHIGHMIA-25APR22-B84.5",
            "count": 95,
            "created_time": "2025-04-22T19:13:46.984785Z",
            "yes_price": 1,
            "no_price": 99,
            "taker_side": "no"
        },
        {
            "trade_id": "68876e4c-529e-4d87-87e8-d417fa212139",
            "ticker": "KXHIGHMIA-25APR22-B84.5",
            "count": 32,
            "created_time": "2025-04-22T19:13:46.984785Z",
            "yes_price": 1,
            "no_price": 99,
            "taker_side": "no"
        },
        {
            "trade_id": "5045b915-f7bc-4da7-9e0a-4c0a1881aae9",
            "ticker": "KXHIGHMIA-25APR22-B84.5",
            "count": 50,
            "created_time": "2025-04-22T18:58:56.727695Z",
            "yes_price": 7,
            "no_price": 93,
            "taker_side": "yes"
        },
        {
            "trade_id": "43aac2ef-0732-45c2-876e-9a8b7606db46",
            "ticker": "KXHIGHMIA-25APR22-B84.5",
            "count": 14,
            "created_time": "2025-04-22T18:58:56.727695Z",
            "yes_price": 8,
            "no_price": 92,
            "taker_side": "yes"
        },
        {
            "trade_id": "ad58c9df-bedd-48d7-9683-d3093b68a2a4",
            "ticker": "KXHIGHMIA-25APR22-B84.5",
            "count": 138,
            "created_time": "2025-04-22T18:42:30.894546Z",
            "yes_price": 4,
            "no_price": 96,
            "taker_side": "no"
        },
        {
            "trade_id": "852d6866-fde4-4e09-9575-c48e022bfa52",
            "ticker": "KXHIGHMIA-25APR22-B84.5",
            "count": 88,
            "created_time": "2025-04-22T18:42:30.894546Z",
            "yes_price": 3,
            "no_price": 97,
            "taker_side": "no"
        },
        {
            "trade_id": "a8502281-8d37-4786-9436-0f689408a000",
            "ticker": "KXHIGHMIA-25APR22-B84.5",
            "count": 11,
            "created_time": "2025-04-22T18:20:30.377776Z",
            "yes_price": 4,
            "no_price": 96,
            "taker_side": "no"
        },
        {
            "trade_id": "ef31e54b-d097-4eb2-aee4-867fc135b739",
            "ticker": "KXHIGHMIA-25APR22-B84.5",
            "count": 50,
            "created_time": "2025-04-22T18:14:33.224491Z",
            "yes_price": 2,
            "no_price": 98,
            "taker_side": "no"
        },
        {
            "trade_id": "e00411ca-79bb-4fdf-970e-7c4e15c9eb00",
            "ticker": "KXHIGHMIA-25APR22-B84.5",
            "count": 17,
            "created_time": "2025-04-22T18:14:33.224491Z",
            "yes_price": 2,
            "no_price": 98,
            "taker_side": "no"
        },
        {
            "trade_id": "24dfed8a-a242-4851-bf4d-8e3c366cc559",
            "ticker": "KXHIGHMIA-25APR22-B84.5",
            "count": 19,
            "created_time": "2025-04-22T18:02:13.350753Z",
            "yes_price": 4,
            "no_price": 96,
            "taker_side": "no"
        },
        {
            "trade_id": "869e5d84-47e3-4f62-980e-aa183d8ecdbd",
            "ticker": "KXHIGHMIA-25APR22-B84.5",
            "count": 5,
            "created_time": "2025-04-22T18:00:28.025804Z",
            "yes_price": 1,
            "no_price": 99,
            "taker_side": "no"
        },
        {
            "trade_id": "197238c6-bb7c-4b61-9deb-015eb302d3ff",
            "ticker": "KXHIGHMIA-25APR22-B84.5",
            "count": 50,
            "created_time": "2025-04-22T18:00:28.025804Z",
            "yes_price": 3,
            "no_price": 97,
            "taker_side": "no"
        },
        {
            "trade_id": "f80dcc57-f32e-4bed-87be-a5b61d90a81f",
            "ticker": "KXHIGHMIA-25APR22-B84.5",
            "count": 50,
            "created_time": "2025-04-22T17:57:56.470969Z",
            "yes_price": 5,
            "no_price": 95,
            "taker_side": "no"
        },
        {
            "trade_id": "203cf859-df30-4cc9-af1d-c97bc150374c",
            "ticker": "KXHIGHMIA-25APR22-B84.5",
            "count": 50,
            "created_time": "2025-04-22T17:57:56.470969Z",
            "yes_price": 5,
            "no_price": 95,
            "taker_side": "no"
        },
        {
            "trade_id": "c00b0070-aa28-4fca-afc9-ac0c75940990",
            "ticker": "KXHIGHMIA-25APR22-B84.5",
            "count": 14,
            "created_time": "2025-04-22T17:57:25.029821Z",
            "yes_price": 16,
            "no_price": 84,
            "taker_side": "yes"
        },
        {
            "trade_id": "c33072f5-30bd-44c0-bb87-e5dadfa50625",
            "ticker": "KXHIGHMIA-25APR22-B84.5",
            "count": 25,
            "created_time": "2025-04-22T17:55:54.801588Z",
            "yes_price": 13,
            "no_price": 87,
            "taker_side": "no"
        },
        {
            "trade_id": "c5f8b476-e213-4982-a8c4-dde908331aa3",
            "ticker": "KXHIGHMIA-25APR22-B84.5",
            "count": 20,
            "created_time": "2025-04-22T17:53:56.299191Z",
            "yes_price": 14,
            "no_price": 86,
            "taker_side": "no"
        },
        {
            "trade_id": "9afc9329-0cac-4b70-a1f6-ee8e7ee5176d",
            "ticker": "KXHIGHMIA-25APR22-B84.5",
            "count": 9,
            "created_time": "2025-04-22T17:37:40.376356Z",
            "yes_price": 21,
            "no_price": 79,
            "taker_side": "yes"
        },
        {
            "trade_id": "acababfb-cbfd-4454-a88c-1344b4a15b6e",
            "ticker": "KXHIGHMIA-25APR22-B84.5",
            "count": 28,
            "created_time": "2025-04-22T17:34:50.668927Z",
            "yes_price": 15,
            "no_price": 85,
            "taker_side": "no"
        },
        {
            "trade_id": "ab5c98d4-6612-4a39-a928-0b7f242826d6",
            "ticker": "KXHIGHMIA-25APR22-B84.5",
            "count": 3,
            "created_time": "2025-04-22T17:34:50.668927Z",
            "yes_price": 11,
            "no_price": 89,
            "taker_side": "no"
        },
        {
            "trade_id": "25c1e305-fd69-406f-a6b8-a9fd9a1ae8f0",
            "ticker": "KXHIGHMIA-25APR22-B84.5",
            "count": 26,
            "created_time": "2025-04-22T17:34:50.668927Z",
            "yes_price": 13,
            "no_price": 87,
            "taker_side": "no"
        },
        {
            "trade_id": "b2fb1290-c427-4b08-8bf7-5816e213792e",
            "ticker": "KXHIGHMIA-25APR22-B84.5",
            "count": 301,
            "created_time": "2025-04-22T17:30:57.880618Z",
            "yes_price": 18,
            "no_price": 82,
            "taker_side": "no"
        },
        {
            "trade_id": "2b1505db-20a3-4efe-a1a7-4a78c1ebc036",
            "ticker": "KXHIGHMIA-25APR22-B84.5",
            "count": 5,
            "created_time": "2025-04-22T17:30:43.343048Z",
            "yes_price": 18,
            "no_price": 82,
            "taker_side": "no"
        },
        {
            "trade_id": "e4a97770-1415-4ae9-b965-631dbb807b62",
            "ticker": "KXHIGHMIA-25APR22-B84.5",
            "count": 40,
            "created_time": "2025-04-22T17:29:55.392231Z",
            "yes_price": 20,
            "no_price": 80,
            "taker_side": "no"
        },
        {
            "trade_id": "e7430f68-3f94-41c1-918d-4b2ca5fc44a7",
            "ticker": "KXHIGHMIA-25APR22-B84.5",
            "count": 61,
            "created_time": "2025-04-22T17:25:34.062969Z",
            "yes_price": 20,
            "no_price": 80,
            "taker_side": "no"
        },
        {
            "trade_id": "ea2cad0d-6cbe-4bb2-a77c-2f1609d10a95",
            "ticker": "KXHIGHMIA-25APR22-B84.5",
            "count": 24,
            "created_time": "2025-04-22T17:19:28.690211Z",
            "yes_price": 21,
            "no_price": 79,
            "taker_side": "no"
        },
        {
            "trade_id": "c2416150-9e56-468a-973a-d10ac1e2e6e6",
            "ticker": "KXHIGHMIA-25APR22-B84.5",
            "count": 170,
            "created_time": "2025-04-22T17:12:50.597953Z",
            "yes_price": 25,
            "no_price": 75,
            "taker_side": "no"
        },
        {
            "trade_id": "a33f1600-71cd-4870-b6f0-ebde2f530e3c",
            "ticker": "KXHIGHMIA-25APR22-B84.5",
            "count": 10,
            "created_time": "2025-04-22T17:12:50.597953Z",
            "yes_price": 25,
            "no_price": 75,
            "taker_side": "no"
        },
        {
            "trade_id": "182e4f23-d165-44a5-8a7f-b0eb94894387",
            "ticker": "KXHIGHMIA-25APR22-B84.5",
            "count": 55,
            "created_time": "2025-04-22T17:12:50.597953Z",
            "yes_price": 26,
            "no_price": 74,
            "taker_side": "no"
        },
        {
            "trade_id": "54d3cfb4-5b9e-4f0b-ae7c-1a4a131c5688",
            "ticker": "KXHIGHMIA-25APR22-B84.5",
            "count": 5,
            "created_time": "2025-04-22T17:10:35.653721Z",
            "yes_price": 26,
            "no_price": 74,
            "taker_side": "no"
        },
        {
            "trade_id": "2f473479-e26e-4120-a045-9c74594b4392",
            "ticker": "KXHIGHMIA-25APR22-B84.5",
            "count": 25,
            "created_time": "2025-04-22T17:01:20.544012Z",
            "yes_price": 26,
            "no_price": 74,
            "taker_side": "no"
        },
        {
            "trade_id": "d2ab0bf5-3d89-429b-863c-c34f0d14ede7",
            "ticker": "KXHIGHMIA-25APR22-B84.5",
            "count": 1,
            "created_time": "2025-04-22T16:44:13.442873Z",
            "yes_price": 34,
            "no_price": 66,
            "taker_side": "yes"
        },
        {
            "trade_id": "b3a15dce-c8b2-4315-a7b3-990d11d3e65c",
            "ticker": "KXHIGHMIA-25APR22-B84.5",
            "count": 58,
            "created_time": "2025-04-22T16:43:54.856926Z",
            "yes_price": 25,
            "no_price": 75,
            "taker_side": "no"
        },
        {
            "trade_id": "6601d03c-2e21-4690-a5c6-ecd505e79dcb",
            "ticker": "KXHIGHMIA-25APR22-B84.5",
            "count": 15,
            "created_time": "2025-04-22T16:39:59.420823Z",
            "yes_price": 25,
            "no_price": 75,
            "taker_side": "no"
        },
        {
            "trade_id": "78cd4696-86dc-49a4-bae1-b167eb5d11a3",
            "ticker": "KXHIGHMIA-25APR22-B84.5",
            "count": 7,
            "created_time": "2025-04-22T16:12:22.040863Z",
            "yes_price": 26,
            "no_price": 74,
            "taker_side": "yes"
        },
        {
            "trade_id": "a93fa8f1-afb7-4022-b31e-42b5d97f0eb0",
            "ticker": "KXHIGHMIA-25APR22-B84.5",
            "count": 10,
            "created_time": "2025-04-22T15:42:22.085084Z",
            "yes_price": 20,
            "no_price": 80,
            "taker_side": "no"
        },
        {
            "trade_id": "7e21c02a-0fd6-45f4-b539-30b3692339ff",
            "ticker": "KXHIGHMIA-25APR22-B84.5",
            "count": 7,
            "created_time": "2025-04-22T15:42:22.085084Z",
            "yes_price": 17,
            "no_price": 83,
            "taker_side": "no"
        },
        {
            "trade_id": "5c75bb6d-dc2c-4f18-8392-bd572f98a1e7",
            "ticker": "KXHIGHMIA-25APR22-B84.5",
            "count": 50,
            "created_time": "2025-04-22T15:42:22.085084Z",
            "yes_price": 20,
            "no_price": 80,
            "taker_side": "no"
        },
        {
            "trade_id": "d3fe848e-55cf-496d-b0d8-61fb3ac08dfe",
            "ticker": "KXHIGHMIA-25APR22-B84.5",
            "count": 3,
            "created_time": "2025-04-22T15:28:59.067719Z",
            "yes_price": 31,
            "no_price": 69,
            "taker_side": "yes"
        },
        {
            "trade_id": "edb5c755-7f1a-431b-91aa-095378f1464c",
            "ticker": "KXHIGHMIA-25APR22-B84.5",
            "count": 51,
            "created_time": "2025-04-22T15:26:13.24021Z",
            "yes_price": 22,
            "no_price": 78,
            "taker_side": "no"
        },
        {
            "trade_id": "162be99d-0a39-4ec8-ac98-a1eccc886da7",
            "ticker": "KXHIGHMIA-25APR22-B84.5",
            "count": 4,
            "created_time": "2025-04-22T15:26:13.24021Z",
            "yes_price": 21,
            "no_price": 79,
            "taker_side": "no"
        },
        {
            "trade_id": "72a497d3-7379-46c2-a185-d9625eb5c133",
            "ticker": "KXHIGHMIA-25APR22-B84.5",
            "count": 50,
            "created_time": "2025-04-22T15:22:35.226686Z",
            "yes_price": 28,
            "no_price": 72,
            "taker_side": "yes"
        },
        {
            "trade_id": "05e4c5cb-33de-46a4-aa81-0bb3a0f85a82",
            "ticker": "KXHIGHMIA-25APR22-B84.5",
            "count": 8,
            "created_time": "2025-04-22T15:22:35.226686Z",
            "yes_price": 25,
            "no_price": 75,
            "taker_side": "yes"
        },
        {
            "trade_id": "7f2b189c-f7c8-45c4-b569-ec207179620e",
            "ticker": "KXHIGHMIA-25APR22-B84.5",
            "count": 10,
            "created_time": "2025-04-22T15:20:34.632822Z",
            "yes_price": 25,
            "no_price": 75,
            "taker_side": "yes"
        },
        {
            "trade_id": "de15eeaf-4729-440b-9a5f-67a8c40b60a1",
            "ticker": "KXHIGHMIA-25APR22-B84.5",
            "count": 1,
            "created_time": "2025-04-22T15:14:06.57057Z",
            "yes_price": 24,
            "no_price": 76,
            "taker_side": "yes"
        },
        {
            "trade_id": "39622715-fa85-40bb-941a-810dbd0c02fa",
            "ticker": "KXHIGHMIA-25APR22-B84.5",
            "count": 56,
            "created_time": "2025-04-22T15:14:06.57057Z",
            "yes_price": 25,
            "no_price": 75,
            "taker_side": "yes"
        },
        {
            "trade_id": "907ad455-d321-43b2-97b8-b861294ccd62",
            "ticker": "KXHIGHMIA-25APR22-B84.5",
            "count": 15,
            "created_time": "2025-04-22T15:00:15.862274Z",
            "yes_price": 24,
            "no_price": 76,
            "taker_side": "yes"
        },
        {
            "trade_id": "26f9f210-e7df-4ca9-92c7-d4b76a98c9e9",
            "ticker": "KXHIGHMIA-25APR22-B84.5",
            "count": 44,
            "created_time": "2025-04-22T15:00:15.862274Z",
            "yes_price": 25,
            "no_price": 75,
            "taker_side": "yes"
        },
        {
            "trade_id": "6b9ddc01-1580-49a1-884c-635d7f675ba8",
            "ticker": "KXHIGHMIA-25APR22-B84.5",
            "count": 34,
            "created_time": "2025-04-22T14:59:08.069371Z",
            "yes_price": 25,
            "no_price": 75,
            "taker_side": "no"
        },
        {
            "trade_id": "e0054648-0bab-401c-8b12-ec65fb45c5f6",
            "ticker": "KXHIGHMIA-25APR22-B84.5",
            "count": 10,
            "created_time": "2025-04-22T14:47:48.639383Z",
            "yes_price": 34,
            "no_price": 66,
            "taker_side": "no"
        },
        {
            "trade_id": "c400350c-f94b-4a89-8a7a-20c0f9971c79",
            "ticker": "KXHIGHMIA-25APR22-B84.5",
            "count": 11,
            "created_time": "2025-04-22T14:47:48.639383Z",
            "yes_price": 33,
            "no_price": 67,
            "taker_side": "no"
        },
        {
            "trade_id": "9e78f4aa-ec0b-4af6-ad51-e5f6e0d4046f",
            "ticker": "KXHIGHMIA-25APR22-B84.5",
            "count": 144,
            "created_time": "2025-04-22T14:47:48.639383Z",
            "yes_price": 31,
            "no_price": 69,
            "taker_side": "no"
        },
        {
            "trade_id": "76c91e2a-151c-4b57-829a-f4a3bbcf14b0",
            "ticker": "KXHIGHMIA-25APR22-B84.5",
            "count": 7,
            "created_time": "2025-04-22T14:47:48.639383Z",
            "yes_price": 32,
            "no_price": 68,
            "taker_side": "no"
        },
        {
            "trade_id": "bae37c58-53fa-4520-a8ff-4b4df070ad99",
            "ticker": "KXHIGHMIA-25APR22-B84.5",
            "count": 5,
            "created_time": "2025-04-22T14:14:26.694429Z",
            "yes_price": 43,
            "no_price": 57,
            "taker_side": "yes"
        },
        {
            "trade_id": "85a48fcf-fc75-4b9d-b197-471edcc87907",
            "ticker": "KXHIGHMIA-25APR22-B84.5",
            "count": 50,
            "created_time": "2025-04-22T14:13:03.403982Z",
            "yes_price": 40,
            "no_price": 60,
            "taker_side": "yes"
        },
        {
            "trade_id": "5e4464c1-f60f-424b-b166-1d6b12bc0392",
            "ticker": "KXHIGHMIA-25APR22-B84.5",
            "count": 1,
            "created_time": "2025-04-22T13:29:21.603791Z",
            "yes_price": 38,
            "no_price": 62,
            "taker_side": "no"
        },
        {
            "trade_id": "b99ec093-701a-40f7-b6a0-848a6899a293",
            "ticker": "KXHIGHMIA-25APR22-B84.5",
            "count": 5,
            "created_time": "2025-04-22T13:25:46.257551Z",
            "yes_price": 53,
            "no_price": 47,
            "taker_side": "yes"
        },
        {
            "trade_id": "46c32369-3009-4f09-84d0-abc2f8cad036",
            "ticker": "KXHIGHMIA-25APR22-B84.5",
            "count": 3,
            "created_time": "2025-04-22T13:24:49.234199Z",
            "yes_price": 52,
            "no_price": 48,
            "taker_side": "no"
        },
        {
            "trade_id": "c31869d0-db3d-482c-9656-e15b44427bcd",
            "ticker": "KXHIGHMIA-25APR22-B84.5",
            "count": 7,
            "created_time": "2025-04-22T13:24:30.64147Z",
            "yes_price": 51,
            "no_price": 49,
            "taker_side": "yes"
        },
        {
            "trade_id": "67dbded7-4bab-4faa-8c90-6198a1bdf522",
            "ticker": "KXHIGHMIA-25APR22-B84.5",
            "count": 4,
            "created_time": "2025-04-22T13:20:38.46383Z",
            "yes_price": 50,
            "no_price": 50,
            "taker_side": "no"
        },
        {
            "trade_id": "faad3138-45fa-493b-b16a-5bc1cd4d0fe2",
            "ticker": "KXHIGHMIA-25APR22-B84.5",
            "count": 82,
            "created_time": "2025-04-22T13:19:46.705172Z",
            "yes_price": 50,
            "no_price": 50,
            "taker_side": "no"
        },
        {
            "trade_id": "4e3667cb-f666-4f0a-a248-f696f7213fd0",
            "ticker": "KXHIGHMIA-25APR22-B84.5",
            "count": 3,
            "created_time": "2025-04-22T13:19:40.819999Z",
            "yes_price": 50,
            "no_price": 50,
            "taker_side": "no"
        },
        {
            "trade_id": "1565253c-2fde-4221-92c5-28e6fcf0e9ef",
            "ticker": "KXHIGHMIA-25APR22-B84.5",
            "count": 15,
            "created_time": "2025-04-22T13:19:40.770197Z",
            "yes_price": 51,
            "no_price": 49,
            "taker_side": "no"
        },
        {
            "trade_id": "b9216110-f88a-49a5-b1e8-1d6fbf12b332",
            "ticker": "KXHIGHMIA-25APR22-B84.5",
            "count": 15,
            "created_time": "2025-04-22T13:17:17.755772Z",
            "yes_price": 51,
            "no_price": 49,
            "taker_side": "no"
        },
        {
            "trade_id": "eed2985f-62c6-4da8-a7f9-f3f9877ffa14",
            "ticker": "KXHIGHMIA-25APR22-B84.5",
            "count": 7,
            "created_time": "2025-04-22T13:16:40.634443Z",
            "yes_price": 51,
            "no_price": 49,
            "taker_side": "no"
        },
        {
            "trade_id": "12bfad4d-b456-417d-9cee-e6cb22a71276",
            "ticker": "KXHIGHMIA-25APR22-B84.5",
            "count": 19,
            "created_time": "2025-04-22T13:16:40.634443Z",
            "yes_price": 51,
            "no_price": 49,
            "taker_side": "no"
        },
        {
            "trade_id": "5b4e16d5-1d67-4a0e-96c5-9e6cd7827128",
            "ticker": "KXHIGHMIA-25APR22-B84.5",
            "count": 2,
            "created_time": "2025-04-22T13:16:05.589159Z",
            "yes_price": 52,
            "no_price": 48,
            "taker_side": "no"
        },
        {
            "trade_id": "64d3a42f-f3b3-4ac6-a46f-a6fdaba20d40",
            "ticker": "KXHIGHMIA-25APR22-B84.5",
            "count": 31,
            "created_time": "2025-04-22T13:05:54.852242Z",
            "yes_price": 62,
            "no_price": 38,
            "taker_side": "yes"
        },
        {
            "trade_id": "9008123e-7256-4a8f-ba82-81e3c172b850",
            "ticker": "KXHIGHMIA-25APR22-B84.5",
            "count": 7,
            "created_time": "2025-04-22T13:05:18.204928Z",
            "yes_price": 60,
            "no_price": 40,
            "taker_side": "yes"
        },
        {
            "trade_id": "7e9e2dc4-dbc0-4c5a-af59-24d213aaee6b",
            "ticker": "KXHIGHMIA-25APR22-B84.5",
            "count": 13,
            "created_time": "2025-04-22T13:05:18.204928Z",
            "yes_price": 62,
            "no_price": 38,
            "taker_side": "yes"
        },
        {
            "trade_id": "7aee810c-b573-4da8-a665-549ad108463c",
            "ticker": "KXHIGHMIA-25APR22-B84.5",
            "count": 11,
            "created_time": "2025-04-22T13:05:18.204928Z",
            "yes_price": 61,
            "no_price": 39,
            "taker_side": "yes"
        },
        {
            "trade_id": "7276c41a-d45f-4de6-b1db-1a402bcf6500",
            "ticker": "KXHIGHMIA-25APR22-B84.5",
            "count": 13,
            "created_time": "2025-04-22T13:05:18.204928Z",
            "yes_price": 61,
            "no_price": 39,
            "taker_side": "yes"
        },
        {
            "trade_id": "3f4a00dd-a3e4-4556-b722-173f0c8379ad",
            "ticker": "KXHIGHMIA-25APR22-B84.5",
            "count": 33,
            "created_time": "2025-04-22T13:05:18.204928Z",
            "yes_price": 61,
            "no_price": 39,
            "taker_side": "yes"
        },
        {
            "trade_id": "24c1c68e-e33d-478f-b95d-e48aeeb301a4",
            "ticker": "KXHIGHMIA-25APR22-B84.5",
            "count": 2,
            "created_time": "2025-04-22T13:05:18.204928Z",
            "yes_price": 68,
            "no_price": 32,
            "taker_side": "yes"
        },
        {
            "trade_id": "6f5cacfd-9074-4fc2-b2ac-59ec4d260ebf",
            "ticker": "KXHIGHMIA-25APR22-B84.5",
            "count": 2,
            "created_time": "2025-04-22T12:55:19.210461Z",
            "yes_price": 60,
            "no_price": 40,
            "taker_side": "yes"
        },
        {
            "trade_id": "960449d9-0455-43c8-86ab-91f1bbf93eff",
            "ticker": "KXHIGHMIA-25APR22-B84.5",
            "count": 30,
            "created_time": "2025-04-22T12:50:22.550155Z",
            "yes_price": 52,
            "no_price": 48,
            "taker_side": "no"
        },
        {
            "trade_id": "03a98150-a098-4b12-baa6-6b1b87ec467b",
            "ticker": "KXHIGHMIA-25APR22-B84.5",
            "count": 29,
            "created_time": "2025-04-22T12:50:22.550155Z",
            "yes_price": 50,
            "no_price": 50,
            "taker_side": "no"
        },
        {
            "trade_id": "95edd2c7-c49b-447d-81a8-7dbdc1251498",
            "ticker": "KXHIGHMIA-25APR22-B84.5",
            "count": 40,
            "created_time": "2025-04-22T12:36:57.812296Z",
            "yes_price": 52,
            "no_price": 48,
            "taker_side": "yes"
        },
        {
            "trade_id": "5a730293-432f-474d-be3d-5638c9d34292",
            "ticker": "KXHIGHMIA-25APR22-B84.5",
            "count": 63,
            "created_time": "2025-04-22T12:09:33.761293Z",
            "yes_price": 51,
            "no_price": 49,
            "taker_side": "no"
        },
        {
            "trade_id": "14264757-0152-4c90-9140-1b9d14a2eb14",
            "ticker": "KXHIGHMIA-25APR22-B84.5",
            "count": 34,
            "created_time": "2025-04-22T12:09:33.761293Z",
            "yes_price": 50,
            "no_price": 50,
            "taker_side": "no"
        },
        {
            "trade_id": "cab1c21e-89a9-4b5a-a6b4-b0dd9184eccf",
            "ticker": "KXHIGHMIA-25APR22-B84.5",
            "count": 6,
            "created_time": "2025-04-22T12:04:47.701205Z",
            "yes_price": 61,
            "no_price": 39,
            "taker_side": "yes"
        },
        {
            "trade_id": "71119f6b-0ae4-4c80-88fb-9d9d8d78435f",
            "ticker": "KXHIGHMIA-25APR22-B84.5",
            "count": 1,
            "created_time": "2025-04-22T12:00:55.400132Z",
            "yes_price": 49,
            "no_price": 51,
            "taker_side": "no"
        },
        {
            "trade_id": "2c8c6cad-807d-49f1-929b-6134f97c8214",
            "ticker": "KXHIGHMIA-25APR22-B84.5",
            "count": 49,
            "created_time": "2025-04-22T12:00:25.455039Z",
            "yes_price": 49,
            "no_price": 51,
            "taker_side": "no"
        },
        {
            "trade_id": "c9f273db-0fff-469e-8c0b-d2c5d90ec95a",
            "ticker": "KXHIGHMIA-25APR22-B84.5",
            "count": 7,
            "created_time": "2025-04-22T06:53:07.587031Z",
            "yes_price": 43,
            "no_price": 57,
            "taker_side": "yes"
        },
        {
            "trade_id": "4d4f1df1-27cf-4365-ad75-d7980fb6d02c",
            "ticker": "KXHIGHMIA-25APR22-B84.5",
            "count": 6,
            "created_time": "2025-04-22T06:53:07.587031Z",
            "yes_price": 44,
            "no_price": 56,
            "taker_side": "yes"
        },
        {
            "trade_id": "1bebe530-de6a-413c-b546-e28b69347cb8",
            "ticker": "KXHIGHMIA-25APR22-B84.5",
            "count": 42,
            "created_time": "2025-04-22T06:53:07.587031Z",
            "yes_price": 43,
            "no_price": 57,
            "taker_side": "yes"
        },
        {
            "trade_id": "55001af6-e1cf-400a-92d5-93234ccda435",
            "ticker": "KXHIGHMIA-25APR22-B84.5",
            "count": 7,
            "created_time": "2025-04-22T04:57:40.999403Z",
            "yes_price": 35,
            "no_price": 65,
            "taker_side": "no"
        },
        {
            "trade_id": "e591c7ad-457a-49f4-801d-c7aa3c90642d",
            "ticker": "KXHIGHMIA-25APR22-B84.5",
            "count": 240,
            "created_time": "2025-04-22T03:36:44.97803Z",
            "yes_price": 34,
            "no_price": 66,
            "taker_side": "yes"
        },
        {
            "trade_id": "2e8462f3-e65e-4138-bca8-48bcbe5602b3",
            "ticker": "KXHIGHMIA-25APR22-B84.5",
            "count": 82,
            "created_time": "2025-04-22T03:36:44.97803Z",
            "yes_price": 32,
            "no_price": 68,
            "taker_side": "yes"
        },
        {
            "trade_id": "6498c493-1486-4021-add8-e225d6688252",
            "ticker": "KXHIGHMIA-25APR22-B84.5",
            "count": 5,
            "created_time": "2025-04-22T03:34:11.456084Z",
            "yes_price": 29,
            "no_price": 71,
            "taker_side": "yes"
        },
        {
            "trade_id": "4f2b9bb7-28f4-4d24-97b7-57ae9bf1ee98",
            "ticker": "KXHIGHMIA-25APR22-B84.5",
            "count": 240,
            "created_time": "2025-04-22T03:34:11.456084Z",
            "yes_price": 30,
            "no_price": 70,
            "taker_side": "yes"
        },
        {
            "trade_id": "10f114a0-590a-47fc-b770-65d9972bd15e",
            "ticker": "KXHIGHMIA-25APR22-B84.5",
            "count": 240,
            "created_time": "2025-04-22T03:34:11.456084Z",
            "yes_price": 32,
            "no_price": 68,
            "taker_side": "yes"
        },
        {
            "trade_id": "7fe0736c-9682-47f9-862f-612ab7b1d910",
            "ticker": "KXHIGHMIA-25APR22-B84.5",
            "count": 19,
            "created_time": "2025-04-22T03:30:25.684894Z",
            "yes_price": 29,
            "no_price": 71,
            "taker_side": "no"
        },
        {
            "trade_id": "e124364d-cb1f-45e5-9d13-7f1872e673b4",
            "ticker": "KXHIGHMIA-25APR22-B84.5",
            "count": 81,
            "created_time": "2025-04-22T03:30:24.193561Z",
            "yes_price": 29,
            "no_price": 71,
            "taker_side": "no"
        },
        {
            "trade_id": "a65981c9-a9d4-4172-b915-1dfe95e479da",
            "ticker": "KXHIGHMIA-25APR22-B84.5",
            "count": 11,
            "created_time": "2025-04-22T03:30:24.193561Z",
            "yes_price": 30,
            "no_price": 70,
            "taker_side": "no"
        },
        {
            "trade_id": "78f970f2-4aa6-4138-aa81-389f3008b710",
            "ticker": "KXHIGHMIA-25APR22-B84.5",
            "count": 5,
            "created_time": "2025-04-22T03:15:57.031165Z",
            "yes_price": 37,
            "no_price": 63,
            "taker_side": "no"
        },
        {
            "trade_id": "da031d1b-e32a-4a2f-8a14-f060e9cf66a2",
            "ticker": "KXHIGHMIA-25APR22-B84.5",
            "count": 15,
            "created_time": "2025-04-22T03:11:54.546944Z",
            "yes_price": 37,
            "no_price": 63,
            "taker_side": "no"
        },
        {
            "trade_id": "f27486be-31d3-4675-801a-92288fb3006f",
            "ticker": "KXHIGHMIA-25APR22-B84.5",
            "count": 11,
            "created_time": "2025-04-22T02:47:42.158493Z",
            "yes_price": 41,
            "no_price": 59,
            "taker_side": "yes"
        },
        {
            "trade_id": "9f195cec-fa72-4c99-8905-531cb6484730",
            "ticker": "KXHIGHMIA-25APR22-B84.5",
            "count": 11,
            "created_time": "2025-04-22T02:30:43.169637Z",
            "yes_price": 41,
            "no_price": 59,
            "taker_side": "yes"
        },
        {
            "trade_id": "2bb7f308-2511-4ad2-ae75-c6cf60e2c123",
            "ticker": "KXHIGHMIA-25APR22-B84.5",
            "count": 20,
            "created_time": "2025-04-21T23:29:54.935071Z",
            "yes_price": 27,
            "no_price": 73,
            "taker_side": "yes"
        },
        {
            "trade_id": "9171c7d7-8664-4c50-ae00-305aede7a69d",
            "ticker": "KXHIGHMIA-25APR22-B84.5",
            "count": 7,
            "created_time": "2025-04-21T23:21:26.189036Z",
            "yes_price": 26,
            "no_price": 74,
            "taker_side": "yes"
        },
        {
            "trade_id": "43dc09af-9048-4153-b602-238c2f84be4f",
            "ticker": "KXHIGHMIA-25APR22-B84.5",
            "count": 53,
            "created_time": "2025-04-21T23:21:26.189036Z",
            "yes_price": 27,
            "no_price": 73,
            "taker_side": "yes"
        },
        {
            "trade_id": "f12cfefe-3387-4e33-9216-a6977da24b45",
            "ticker": "KXHIGHMIA-25APR22-B84.5",
            "count": 8,
            "created_time": "2025-04-21T23:09:23.127124Z",
            "yes_price": 28,
            "no_price": 72,
            "taker_side": "no"
        },
        {
            "trade_id": "baf301ee-5428-4765-b471-fb09ff79e3b5",
