{
    "KXHIGHMIA-25JAN04-T68": [
        {
            "trade_id": "ffd04764-d6f2-4c92-ad92-fbace703a7f3",
            "ticker": "KXHIGHMIA-25JAN04-T68",
            "count": 3,
            "created_time": "2025-01-04T14:13:08.717463Z",
            "yes_price": 4,
            "no_price": 96,
            "taker_side": "yes"
        },
        {
            "trade_id": "c916450c-615f-4f96-a9df-d879de3d34a1",
            "ticker": "KXHIGHMIA-25JAN04-T68",
            "count": 63,
            "created_time": "2025-01-04T14:12:54.529799Z",
            "yes_price": 5,
            "no_price": 95,
            "taker_side": "yes"
        },
        {
            "trade_id": "857ff0f2-17e9-4b75-9feb-7395a9a0794a",
            "ticker": "KXHIGHMIA-25JAN04-T68",
            "count": 16,
            "created_time": "2025-01-04T14:12:54.529799Z",
            "yes_price": 5,
            "no_price": 95,
            "taker_side": "yes"
        },
        {
            "trade_id": "84d0a041-bd71-4bb2-809b-7ed6e36f10c0",
            "ticker": "KXHIGHMIA-25JAN04-T68",
            "count": 11,
            "created_time": "2025-01-04T14:12:54.529799Z",
            "yes_price": 3,
            "no_price": 97,
            "taker_side": "yes"
        },
        {
            "trade_id": "1256c64c-713b-4f25-b6a2-b3d5a68b739c",
            "ticker": "KXHIGHMIA-25JAN04-T68",
            "count": 7,
            "created_time": "2025-01-04T14:12:54.529799Z",
            "yes_price": 3,
            "no_price": 97,
            "taker_side": "yes"
        }
    ],
    "KXHIGHMIA-25JAN04-B68.5": [
        {
            "trade_id": "277f758e-2070-41e4-a4c0-4eb9b85932b6",
            "ticker": "KXHIGHMIA-25JAN04-B68.5",
            "count": 50,
            "created_time": "2025-01-04T18:24:27.240718Z",
            "yes_price": 1,
            "no_price": 99,
            "taker_side": "yes"
        },
        {
            "trade_id": "5a7a5306-6e43-410d-87a5-ae255fd65156",
            "ticker": "KXHIGHMIA-25JAN04-B68.5",
            "count": 100,
            "created_time": "2025-01-04T18:24:26.806463Z",
            "yes_price": 1,
            "no_price": 99,
            "taker_side": "yes"
        },
        {
            "trade_id": "b0182ea9-12f9-4555-a05c-97fe2b04b49e",
            "ticker": "KXHIGHMIA-25JAN04-B68.5",
            "count": 100,
            "created_time": "2025-01-04T18:24:26.145149Z",
            "yes_price": 1,
            "no_price": 99,
            "taker_side": "yes"
        },
        {
            "trade_id": "8ad65326-575c-47c9-bfa1-26ed3c723270",
            "ticker": "KXHIGHMIA-25JAN04-B68.5",
            "count": 100,
            "created_time": "2025-01-04T18:24:25.206939Z",
            "yes_price": 1,
            "no_price": 99,
            "taker_side": "yes"
        },
        {
            "trade_id": "12c1b0e5-adac-43fc-88ab-e3716370445e",
            "ticker": "KXHIGHMIA-25JAN04-B68.5",
            "count": 100,
            "created_time": "2025-01-04T17:54:33.027313Z",
            "yes_price": 1,
            "no_price": 99,
            "taker_side": "yes"
        },
        {
            "trade_id": "e4e2631b-268d-42d0-b227-43a7aca2227a",
            "ticker": "KXHIGHMIA-25JAN04-B68.5",
            "count": 8,
            "created_time": "2025-01-04T14:33:57.418702Z",
            "yes_price": 2,
            "no_price": 98,
            "taker_side": "no"
        },
        {
            "trade_id": "d47d08ef-b118-485f-9d8c-2bd9aa32f206",
            "ticker": "KXHIGHMIA-25JAN04-B68.5",
            "count": 104,
            "created_time": "2025-01-04T14:33:57.418702Z",
            "yes_price": 1,
            "no_price": 99,
            "taker_side": "no"
        },
        {
            "trade_id": "88e3f183-01cd-4c09-8e02-4ec9a87de061",
            "ticker": "KXHIGHMIA-25JAN04-B68.5",
            "count": 3,
            "created_time": "2025-01-04T14:13:08.871711Z",
            "yes_price": 1,
            "no_price": 99,
            "taker_side": "no"
        },
        {
            "trade_id": "14599887-ee16-45f1-993f-ed5aaf5c8548",
            "ticker": "KXHIGHMIA-25JAN04-B68.5",
            "count": 7,
            "created_time": "2025-01-04T14:12:54.689426Z",
            "yes_price": 2,
            "no_price": 98,
            "taker_side": "no"
        },
        {
            "trade_id": "7b6acc0d-153a-48ac-88e5-4f0cb50b0420",
            "ticker": "KXHIGHMIA-25JAN04-B68.5",
            "count": 1,
            "created_time": "2025-01-04T14:12:30.078586Z",
            "yes_price": 1,
            "no_price": 99,
            "taker_side": "no"
        },
        {
            "trade_id": "01747bad-abb9-450a-8161-ae3bbce769ca",
            "ticker": "KXHIGHMIA-25JAN04-B68.5",
            "count": 5,
            "created_time": "2025-01-04T07:38:01.817576Z",
            "yes_price": 3,
            "no_price": 97,
            "taker_side": "no"
        },
        {
            "trade_id": "ad56c515-c6dc-4625-9a6d-eac474efca30",
            "ticker": "KXHIGHMIA-25JAN04-B68.5",
            "count": 100,
            "created_time": "2025-01-04T05:27:23.130113Z",
            "yes_price": 6,
            "no_price": 94,
            "taker_side": "yes"
        },
        {
            "trade_id": "30a6ec28-a192-4f1a-8a1d-6ac4d3afe44c",
            "ticker": "KXHIGHMIA-25JAN04-B68.5",
            "count": 100,
            "created_time": "2025-01-04T05:27:23.130113Z",
            "yes_price": 6,
            "no_price": 94,
            "taker_side": "yes"
        }
    ],
    "KXHIGHMIA-25JAN04-B70.5": [
        {
            "trade_id": "ab271d80-7e8d-4e50-83a6-5928daec7451",
            "ticker": "KXHIGHMIA-25JAN04-B70.5",
            "count": 23,
            "created_time": "2025-01-05T01:22:48.253355Z",
            "yes_price": 1,
            "no_price": 99,
            "taker_side": "yes"
        },
        {
            "trade_id": "a1448bc0-a3bd-4e4c-811c-4de30a33ad1f",
            "ticker": "KXHIGHMIA-25JAN04-B70.5",
            "count": 5,
            "created_time": "2025-01-05T00:54:00.426145Z",
            "yes_price": 1,
            "no_price": 99,
            "taker_side": "yes"
        },
        {
            "trade_id": "750d45bf-5332-456b-8529-2743e03fc62e",
            "ticker": "KXHIGHMIA-25JAN04-B70.5",
            "count": 302,
            "created_time": "2025-01-04T20:48:46.176639Z",
            "yes_price": 1,
            "no_price": 99,
            "taker_side": "yes"
        },
        {
            "trade_id": "0dfe667e-20ed-4af3-97fa-a0fa6b0001b5",
            "ticker": "KXHIGHMIA-25JAN04-B70.5",
            "count": 633,
            "created_time": "2025-01-04T20:48:46.176639Z",
            "yes_price": 1,
            "no_price": 99,
            "taker_side": "yes"
        },
        {
            "trade_id": "1abbaa2d-f630-4cf3-a400-dab25b144d16",
            "ticker": "KXHIGHMIA-25JAN04-B70.5",
            "count": 5,
            "created_time": "2025-01-04T20:37:07.842123Z",
            "yes_price": 1,
            "no_price": 99,
            "taker_side": "yes"
        },
        {
            "trade_id": "81c17591-216c-4565-8205-a70ce378902a",
            "ticker": "KXHIGHMIA-25JAN04-B70.5",
            "count": 165,
            "created_time": "2025-01-04T20:31:26.645244Z",
            "yes_price": 1,
            "no_price": 99,
            "taker_side": "yes"
        },
        {
            "trade_id": "9c4b7f90-030a-4518-b80f-237613bb94af",
            "ticker": "KXHIGHMIA-25JAN04-B70.5",
            "count": 50,
            "created_time": "2025-01-04T20:21:00.24739Z",
            "yes_price": 1,
            "no_price": 99,
            "taker_side": "yes"
        },
        {
            "trade_id": "b42ac233-fa55-4297-8d78-fb0b1fb61001",
            "ticker": "KXHIGHMIA-25JAN04-B70.5",
            "count": 1064,
            "created_time": "2025-01-04T20:16:30.344701Z",
            "yes_price": 1,
            "no_price": 99,
            "taker_side": "yes"
        },
        {
            "trade_id": "2df216e8-61de-43d3-9cd9-f450f33110f5",
            "ticker": "KXHIGHMIA-25JAN04-B70.5",
            "count": 50,
            "created_time": "2025-01-04T20:15:56.961684Z",
            "yes_price": 1,
            "no_price": 99,
            "taker_side": "yes"
        },
        {
            "trade_id": "768cbd52-7dff-4375-9b1b-51ee973c7db2",
            "ticker": "KXHIGHMIA-25JAN04-B70.5",
            "count": 32,
            "created_time": "2025-01-04T20:15:20.210447Z",
            "yes_price": 1,
            "no_price": 99,
            "taker_side": "yes"
        },
        {
            "trade_id": "ad40bd36-1aca-4205-93f7-35a20132644e",
            "ticker": "KXHIGHMIA-25JAN04-B70.5",
            "count": 43,
            "created_time": "2025-01-04T20:12:23.454921Z",
            "yes_price": 6,
            "no_price": 94,
            "taker_side": "yes"
        },
        {
            "trade_id": "1cb84e93-3178-4f6d-9dfb-c7b1dec5f268",
            "ticker": "KXHIGHMIA-25JAN04-B70.5",
            "count": 57,
            "created_time": "2025-01-04T20:12:23.454921Z",
            "yes_price": 5,
            "no_price": 95,
            "taker_side": "yes"
        },
        {
            "trade_id": "f85396f4-6188-464f-8a6b-99cdc8343882",
            "ticker": "KXHIGHMIA-25JAN04-B70.5",
            "count": 400,
            "created_time": "2025-01-04T20:12:09.122097Z",
            "yes_price": 1,
            "no_price": 99,
            "taker_side": "no"
        },
        {
            "trade_id": "df62e07a-4a6a-4263-baef-fa5a7aaaa89a",
            "ticker": "KXHIGHMIA-25JAN04-B70.5",
            "count": 150,
            "created_time": "2025-01-04T20:12:09.122097Z",
            "yes_price": 1,
            "no_price": 99,
            "taker_side": "no"
        },
        {
            "trade_id": "536360b4-d3cc-414a-ad84-18e986a19adb",
            "ticker": "KXHIGHMIA-25JAN04-B70.5",
            "count": 49,
            "created_time": "2025-01-04T20:12:09.122097Z",
            "yes_price": 4,
            "no_price": 96,
            "taker_side": "no"
        },
        {
            "trade_id": "14ba10e1-102d-4bea-8b3f-7679c04b2923",
            "ticker": "KXHIGHMIA-25JAN04-B70.5",
            "count": 86,
            "created_time": "2025-01-04T20:12:09.122097Z",
            "yes_price": 5,
            "no_price": 95,
            "taker_side": "no"
        },
        {
            "trade_id": "044ed78e-3caf-490e-9a44-cfa53dfd08e0",
            "ticker": "KXHIGHMIA-25JAN04-B70.5",
            "count": 275,
            "created_time": "2025-01-04T20:12:09.122097Z",
            "yes_price": 1,
            "no_price": 99,
            "taker_side": "no"
        },
        {
            "trade_id": "0d5715f5-9f59-4dd4-aea1-fef7838a85ed",
            "ticker": "KXHIGHMIA-25JAN04-B70.5",
            "count": 46,
            "created_time": "2025-01-04T20:12:05.592043Z",
            "yes_price": 6,
            "no_price": 94,
            "taker_side": "yes"
        },
        {
            "trade_id": "6696c59d-dd65-4304-ad44-feb1a793d016",
            "ticker": "KXHIGHMIA-25JAN04-B70.5",
            "count": 1,
            "created_time": "2025-01-04T20:12:04.240216Z",
            "yes_price": 4,
            "no_price": 96,
            "taker_side": "no"
        },
        {
            "trade_id": "caa5a7b3-6177-42f8-94e0-dd9334db28ff",
            "ticker": "KXHIGHMIA-25JAN04-B70.5",
            "count": 100,
            "created_time": "2025-01-04T20:12:03.826046Z",
            "yes_price": 10,
            "no_price": 90,
            "taker_side": "no"
        },
        {
            "trade_id": "bd1db41b-d11e-47b7-9af1-5e4dcfee6fb7",
            "ticker": "KXHIGHMIA-25JAN04-B70.5",
            "count": 50,
            "created_time": "2025-01-04T20:12:03.826046Z",
            "yes_price": 16,
            "no_price": 84,
            "taker_side": "no"
        },
        {
            "trade_id": "b45e5f67-d9a8-4450-808e-133df68849c1",
            "ticker": "KXHIGHMIA-25JAN04-B70.5",
            "count": 100,
            "created_time": "2025-01-04T20:12:03.826046Z",
            "yes_price": 6,
            "no_price": 94,
            "taker_side": "no"
        },
        {
            "trade_id": "aaa41889-32b5-4455-a664-c9088e46b505",
            "ticker": "KXHIGHMIA-25JAN04-B70.5",
            "count": 100,
            "created_time": "2025-01-04T20:12:03.826046Z",
            "yes_price": 29,
            "no_price": 71,
            "taker_side": "no"
        },
        {
            "trade_id": "9ac6581d-ea02-4ec3-b243-dd641352cb88",
            "ticker": "KXHIGHMIA-25JAN04-B70.5",
            "count": 51,
            "created_time": "2025-01-04T20:12:03.826046Z",
            "yes_price": 28,
            "no_price": 72,
            "taker_side": "no"
        },
        {
            "trade_id": "8bc09425-addb-4e9e-bc0e-95d87efc676e",
            "ticker": "KXHIGHMIA-25JAN04-B70.5",
            "count": 95,
            "created_time": "2025-01-04T20:12:03.826046Z",
            "yes_price": 11,
            "no_price": 89,
            "taker_side": "no"
        },
        {
            "trade_id": "72d13c74-3734-42f6-848d-638685d7f964",
            "ticker": "KXHIGHMIA-25JAN04-B70.5",
            "count": 300,
            "created_time": "2025-01-04T20:12:03.826046Z",
            "yes_price": 12,
            "no_price": 88,
            "taker_side": "no"
        },
        {
            "trade_id": "71e66a74-c518-462d-8269-77d87972e6d0",
            "ticker": "KXHIGHMIA-25JAN04-B70.5",
            "count": 50,
            "created_time": "2025-01-04T20:12:03.826046Z",
            "yes_price": 6,
            "no_price": 94,
            "taker_side": "no"
        },
        {
            "trade_id": "4c3b1ad9-3164-40fa-8120-f6ba679f9487",
            "ticker": "KXHIGHMIA-25JAN04-B70.5",
            "count": 129,
            "created_time": "2025-01-04T20:12:03.826046Z",
            "yes_price": 17,
            "no_price": 83,
            "taker_side": "no"
        },
        {
            "trade_id": "cffb16b3-c78a-457a-ac4b-df7bebf94220",
            "ticker": "KXHIGHMIA-25JAN04-B70.5",
            "count": 4,
            "created_time": "2025-01-04T20:10:58.39384Z",
            "yes_price": 27,
            "no_price": 73,
            "taker_side": "no"
        },
        {
            "trade_id": "7fe3946e-4819-47f3-8ffe-da7ddcfb3161",
            "ticker": "KXHIGHMIA-25JAN04-B70.5",
            "count": 2,
            "created_time": "2025-01-04T20:08:19.280797Z",
            "yes_price": 29,
            "no_price": 71,
            "taker_side": "yes"
        },
        {
            "trade_id": "1aebf73c-9ed4-48c1-ada0-e9db60869084",
            "ticker": "KXHIGHMIA-25JAN04-B70.5",
            "count": 14,
            "created_time": "2025-01-04T20:08:19.280797Z",
            "yes_price": 29,
            "no_price": 71,
            "taker_side": "yes"
        },
        {
            "trade_id": "350ecc41-b071-4a37-9953-ede3ea15b880",
            "ticker": "KXHIGHMIA-25JAN04-B70.5",
            "count": 6,
            "created_time": "2025-01-04T20:05:51.796043Z",
            "yes_price": 31,
            "no_price": 69,
            "taker_side": "yes"
        },
        {
            "trade_id": "0f3030da-ca77-4064-b81f-1c717894ad25",
            "ticker": "KXHIGHMIA-25JAN04-B70.5",
            "count": 94,
            "created_time": "2025-01-04T20:05:51.796043Z",
            "yes_price": 30,
            "no_price": 70,
            "taker_side": "yes"
        },
        {
            "trade_id": "eb6422cc-11cc-4342-bfb8-fa4fe085c5bd",
            "ticker": "KXHIGHMIA-25JAN04-B70.5",
            "count": 6,
            "created_time": "2025-01-04T20:05:33.853251Z",
            "yes_price": 30,
            "no_price": 70,
            "taker_side": "yes"
        },
        {
            "trade_id": "e4ee5a98-8a3c-44c8-8cc1-09f210fd6caf",
            "ticker": "KXHIGHMIA-25JAN04-B70.5",
            "count": 29,
            "created_time": "2025-01-04T20:03:54.885034Z",
            "yes_price": 29,
            "no_price": 71,
            "taker_side": "yes"
        },
        {
            "trade_id": "35b4810a-72dc-45a7-9cc0-c9d7afe6d15f",
            "ticker": "KXHIGHMIA-25JAN04-B70.5",
            "count": 26,
            "created_time": "2025-01-04T20:03:54.885034Z",
            "yes_price": 31,
            "no_price": 69,
            "taker_side": "yes"
        },
        {
            "trade_id": "203c39bc-d19b-4490-a812-95e3d4fd9d1e",
            "ticker": "KXHIGHMIA-25JAN04-B70.5",
            "count": 100,
            "created_time": "2025-01-04T20:03:54.885034Z",
            "yes_price": 29,
            "no_price": 71,
            "taker_side": "yes"
        },
        {
            "trade_id": "cc261357-defe-45a8-a405-6a95edc6ff9a",
            "ticker": "KXHIGHMIA-25JAN04-B70.5",
            "count": 51,
            "created_time": "2025-01-04T20:03:15.48499Z",
            "yes_price": 28,
            "no_price": 72,
            "taker_side": "yes"
        },
        {
            "trade_id": "7cc3e8c3-fb58-4a2c-aa90-b43389fc571d",
            "ticker": "KXHIGHMIA-25JAN04-B70.5",
            "count": 150,
            "created_time": "2025-01-04T20:03:15.48499Z",
            "yes_price": 29,
            "no_price": 71,
            "taker_side": "yes"
        },
        {
            "trade_id": "247a8082-0ebc-44b3-a683-8f7d2ab1c99d",
            "ticker": "KXHIGHMIA-25JAN04-B70.5",
            "count": 61,
            "created_time": "2025-01-04T20:02:32.229363Z",
            "yes_price": 27,
            "no_price": 73,
            "taker_side": "yes"
        },
        {
            "trade_id": "6ceeaa95-bd7f-4d6f-9063-43b6103d09c9",
            "ticker": "KXHIGHMIA-25JAN04-B70.5",
            "count": 29,
            "created_time": "2025-01-04T20:02:13.837594Z",
            "yes_price": 24,
            "no_price": 76,
            "taker_side": "yes"
        },
        {
            "trade_id": "c81b1d71-8438-46ec-aba6-b71d6b7a5ba9",
            "ticker": "KXHIGHMIA-25JAN04-B70.5",
            "count": 1,
            "created_time": "2025-01-04T20:02:06.671617Z",
            "yes_price": 23,
            "no_price": 77,
            "taker_side": "no"
        },
        {
            "trade_id": "6e7121c1-8858-4e7b-88fc-88856a4e4a27",
            "ticker": "KXHIGHMIA-25JAN04-B70.5",
            "count": 47,
            "created_time": "2025-01-04T20:01:26.842105Z",
            "yes_price": 25,
            "no_price": 75,
            "taker_side": "yes"
        },
        {
            "trade_id": "867a7a44-ebf2-43a7-bfad-92949f357bc6",
            "ticker": "KXHIGHMIA-25JAN04-B70.5",
            "count": 21,
            "created_time": "2025-01-04T20:00:59.937711Z",
            "yes_price": 26,
            "no_price": 74,
            "taker_side": "no"
        },
        {
            "trade_id": "383b8e4e-cdcc-4060-a66c-d9496fd35e5a",
            "ticker": "KXHIGHMIA-25JAN04-B70.5",
            "count": 50,
            "created_time": "2025-01-04T20:00:59.937711Z",
            "yes_price": 26,
            "no_price": 74,
            "taker_side": "no"
        },
        {
            "trade_id": "b7cdd9b2-0505-4900-9da2-a4ed61889403",
            "ticker": "KXHIGHMIA-25JAN04-B70.5",
            "count": 30,
            "created_time": "2025-01-04T19:59:43.598761Z",
            "yes_price": 35,
            "no_price": 65,
            "taker_side": "yes"
        },
        {
            "trade_id": "6aec5b8a-81cd-49e1-a0eb-b93991a415b1",
            "ticker": "KXHIGHMIA-25JAN04-B70.5",
            "count": 5,
            "created_time": "2025-01-04T19:59:43.598761Z",
            "yes_price": 35,
            "no_price": 65,
            "taker_side": "yes"
        },
        {
            "trade_id": "19e9c136-3767-447c-83ea-89ca3a9871f7",
            "ticker": "KXHIGHMIA-25JAN04-B70.5",
            "count": 4,
            "created_time": "2025-01-04T19:58:22.131275Z",
            "yes_price": 21,
            "no_price": 79,
            "taker_side": "no"
        },
        {
            "trade_id": "f5225119-9100-4342-8b9f-0aaefdb00515",
            "ticker": "KXHIGHMIA-25JAN04-B70.5",
            "count": 58,
            "created_time": "2025-01-04T19:57:33.896346Z",
            "yes_price": 33,
            "no_price": 67,
            "taker_side": "yes"
        },
        {
            "trade_id": "74ce1081-5e26-49d3-bfb6-92199bd46bcb",
            "ticker": "KXHIGHMIA-25JAN04-B70.5",
            "count": 84,
            "created_time": "2025-01-04T19:57:33.896346Z",
            "yes_price": 34,
            "no_price": 66,
            "taker_side": "yes"
        },
        {
            "trade_id": "b7913551-7708-4227-bd0b-16e18f0189cd",
            "ticker": "KXHIGHMIA-25JAN04-B70.5",
            "count": 10,
            "created_time": "2025-01-04T19:57:02.717671Z",
            "yes_price": 25,
            "no_price": 75,
            "taker_side": "yes"
        },
        {
            "trade_id": "66346e6a-7228-4368-a858-bb56fb10beb4",
            "ticker": "KXHIGHMIA-25JAN04-B70.5",
            "count": 50,
            "created_time": "2025-01-04T19:56:45.316925Z",
            "yes_price": 35,
            "no_price": 65,
            "taker_side": "yes"
        },
        {
            "trade_id": "2802a1ba-0c60-4ea7-b5f4-37f27a97ce12",
            "ticker": "KXHIGHMIA-25JAN04-B70.5",
            "count": 61,
            "created_time": "2025-01-04T19:56:45.316925Z",
            "yes_price": 37,
            "no_price": 63,
            "taker_side": "yes"
        },
        {
            "trade_id": "38c68b6e-d859-4af8-9e37-5b71f50a8ea7",
            "ticker": "KXHIGHMIA-25JAN04-B70.5",
            "count": 50,
            "created_time": "2025-01-04T19:56:45.227055Z",
            "yes_price": 35,
            "no_price": 65,
            "taker_side": "no"
        },
        {
            "trade_id": "a215f5e5-0614-4089-b0b6-a460d3e5b0ee",
            "ticker": "KXHIGHMIA-25JAN04-B70.5",
            "count": 7,
            "created_time": "2025-01-04T19:55:57.810793Z",
            "yes_price": 20,
            "no_price": 80,
            "taker_side": "no"
        },
        {
            "trade_id": "b74bdbbd-82e7-451c-8b44-f228cd47d6f4",
            "ticker": "KXHIGHMIA-25JAN04-B70.5",
            "count": 100,
            "created_time": "2025-01-04T19:55:56.895885Z",
            "yes_price": 19,
            "no_price": 81,
            "taker_side": "yes"
        },
        {
            "trade_id": "31b90b82-4f1f-41d1-97d9-3e63b052924e",
            "ticker": "KXHIGHMIA-25JAN04-B70.5",
            "count": 467,
            "created_time": "2025-01-04T19:55:56.895885Z",
            "yes_price": 20,
            "no_price": 80,
            "taker_side": "yes"
        },
        {
            "trade_id": "6b8fd450-1d3e-41db-add5-b4ab98d7c6d7",
            "ticker": "KXHIGHMIA-25JAN04-B70.5",
            "count": 7,
            "created_time": "2025-01-04T19:55:44.88836Z",
            "yes_price": 19,
            "no_price": 81,
            "taker_side": "no"
        },
        {
            "trade_id": "8340d946-b8c5-4f0c-8319-e8717d6e9d98",
            "ticker": "KXHIGHMIA-25JAN04-B70.5",
            "count": 18,
            "created_time": "2025-01-04T19:55:32.36064Z",
            "yes_price": 19,
            "no_price": 81,
            "taker_side": "yes"
        },
        {
            "trade_id": "08a193b1-341a-493e-b1dd-bb1f60aa3df5",
            "ticker": "KXHIGHMIA-25JAN04-B70.5",
            "count": 25,
            "created_time": "2025-01-04T19:55:32.36064Z",
            "yes_price": 19,
            "no_price": 81,
            "taker_side": "yes"
        },
        {
            "trade_id": "73fdcd7d-8915-483b-a09b-757f70574ca0",
            "ticker": "KXHIGHMIA-25JAN04-B70.5",
            "count": 300,
            "created_time": "2025-01-04T19:54:33.884954Z",
            "yes_price": 15,
            "no_price": 85,
            "taker_side": "no"
        },
        {
            "trade_id": "690b45af-b800-4dd1-885e-fa8a09cba2f3",
            "ticker": "KXHIGHMIA-25JAN04-B70.5",
            "count": 127,
            "created_time": "2025-01-04T19:54:33.884954Z",
            "yes_price": 15,
            "no_price": 85,
            "taker_side": "no"
        },
        {
            "trade_id": "0d11692f-a95b-4aec-8e7e-50402adc50ea",
            "ticker": "KXHIGHMIA-25JAN04-B70.5",
            "count": 25,
            "created_time": "2025-01-04T19:51:53.518602Z",
            "yes_price": 13,
            "no_price": 87,
            "taker_side": "no"
        },
        {
            "trade_id": "cc074ed8-3d1f-4f9d-a2e8-05bc6c3d1652",
            "ticker": "KXHIGHMIA-25JAN04-B70.5",
            "count": 50,
            "created_time": "2025-01-04T19:50:50.403041Z",
            "yes_price": 21,
            "no_price": 79,
            "taker_side": "no"
        },
        {
            "trade_id": "a2fddc6f-6694-4333-819f-cc487e7ef96e",
            "ticker": "KXHIGHMIA-25JAN04-B70.5",
            "count": 49,
            "created_time": "2025-01-04T19:49:03.450472Z",
            "yes_price": 24,
            "no_price": 76,
            "taker_side": "no"
        },
        {
            "trade_id": "6b01b67e-13b4-45a2-8eac-35bae39e71c8",
            "ticker": "KXHIGHMIA-25JAN04-B70.5",
            "count": 1,
            "created_time": "2025-01-04T19:46:56.714685Z",
            "yes_price": 24,
            "no_price": 76,
            "taker_side": "no"
        },
        {
            "trade_id": "ccd04520-55b6-4312-bea1-9111aee17bd1",
            "ticker": "KXHIGHMIA-25JAN04-B70.5",
            "count": 20,
            "created_time": "2025-01-04T19:39:33.957742Z",
            "yes_price": 27,
            "no_price": 73,
            "taker_side": "no"
        },
        {
            "trade_id": "543239ea-5359-43ad-ac5c-fc32c6ca4d9c",
            "ticker": "KXHIGHMIA-25JAN04-B70.5",
            "count": 24,
            "created_time": "2025-01-04T19:37:12.62504Z",
            "yes_price": 29,
            "no_price": 71,
            "taker_side": "no"
        },
        {
            "trade_id": "23c790b5-fd75-406e-8d3d-c2819ab857f5",
            "ticker": "KXHIGHMIA-25JAN04-B70.5",
            "count": 17,
            "created_time": "2025-01-04T19:37:12.62504Z",
            "yes_price": 30,
            "no_price": 70,
            "taker_side": "no"
        },
        {
            "trade_id": "207ace4d-c157-466f-b87e-2404ee3afccd",
            "ticker": "KXHIGHMIA-25JAN04-B70.5",
            "count": 43,
            "created_time": "2025-01-04T19:37:12.62504Z",
            "yes_price": 31,
            "no_price": 69,
            "taker_side": "no"
        },
        {
            "trade_id": "d798c245-e7b7-4cf7-b159-6f1169205752",
            "ticker": "KXHIGHMIA-25JAN04-B70.5",
            "count": 42,
            "created_time": "2025-01-04T19:36:14.668301Z",
            "yes_price": 31,
            "no_price": 69,
            "taker_side": "no"
        },
        {
            "trade_id": "43b263e5-da01-42a3-80a3-99d7ee920b7c",
            "ticker": "KXHIGHMIA-25JAN04-B70.5",
            "count": 37,
            "created_time": "2025-01-04T19:35:54.823Z",
            "yes_price": 34,
            "no_price": 66,
            "taker_side": "no"
        },
        {
            "trade_id": "89890470-3ace-478f-bff5-c5c6e1559982",
            "ticker": "KXHIGHMIA-25JAN04-B70.5",
            "count": 62,
            "created_time": "2025-01-04T19:35:38.150469Z",
            "yes_price": 48,
            "no_price": 52,
            "taker_side": "yes"
        },
        {
            "trade_id": "6fa0efb8-99f2-4c3a-a0c6-be63e024ecb7",
            "ticker": "KXHIGHMIA-25JAN04-B70.5",
            "count": 22,
            "created_time": "2025-01-04T19:35:38.150469Z",
            "yes_price": 49,
            "no_price": 51,
            "taker_side": "yes"
        },
        {
            "trade_id": "cb0ec10a-b1bd-4c9b-8f0e-3d6dc1a72609",
            "ticker": "KXHIGHMIA-25JAN04-B70.5",
            "count": 37,
            "created_time": "2025-01-04T19:32:47.645302Z",
            "yes_price": 33,
            "no_price": 67,
            "taker_side": "no"
        },
        {
            "trade_id": "61ae9d18-b8e4-49a2-947e-01d37111d129",
            "ticker": "KXHIGHMIA-25JAN04-B70.5",
            "count": 5,
            "created_time": "2025-01-04T19:32:47.645302Z",
            "yes_price": 33,
            "no_price": 67,
            "taker_side": "no"
        },
        {
            "trade_id": "2ac99a14-0902-43ba-90a1-ca19301bb7cc",
            "ticker": "KXHIGHMIA-25JAN04-B70.5",
            "count": 25,
            "created_time": "2025-01-04T19:32:47.645302Z",
            "yes_price": 33,
            "no_price": 67,
            "taker_side": "no"
        },
        {
            "trade_id": "585bb481-131d-4aa3-aa11-5b3db3818ee2",
            "ticker": "KXHIGHMIA-25JAN04-B70.5",
            "count": 1000,
            "created_time": "2025-01-04T19:32:19.393539Z",
            "yes_price": 35,
            "no_price": 65,
            "taker_side": "no"
        },
        {
            "trade_id": "557453de-6c42-4273-b23f-1c33a2451f68",
            "ticker": "KXHIGHMIA-25JAN04-B70.5",
            "count": 55,
            "created_time": "2025-01-04T19:32:19.393539Z",
            "yes_price": 36,
            "no_price": 64,
            "taker_side": "no"
        },
        {
            "trade_id": "149e3b95-e719-4b94-8a6c-88a1a6f465f1",
            "ticker": "KXHIGHMIA-25JAN04-B70.5",
            "count": 1,
            "created_time": "2025-01-04T19:31:46.260544Z",
            "yes_price": 36,
            "no_price": 64,
            "taker_side": "no"
        },
        {
            "trade_id": "c7c23b1d-8d1d-4db9-a174-1df7d65b0bcf",
            "ticker": "KXHIGHMIA-25JAN04-B70.5",
            "count": 6,
            "created_time": "2025-01-04T19:25:01.884701Z",
            "yes_price": 42,
            "no_price": 58,
            "taker_side": "no"
        },
        {
            "trade_id": "41d09632-9fa2-467c-9620-1d987c3a8e09",
            "ticker": "KXHIGHMIA-25JAN04-B70.5",
            "count": 111,
            "created_time": "2025-01-04T19:25:01.884701Z",
            "yes_price": 42,
            "no_price": 58,
            "taker_side": "no"
        },
        {
            "trade_id": "f5c0a08b-6576-4e8d-a64a-9fc63892a471",
            "ticker": "KXHIGHMIA-25JAN04-B70.5",
            "count": 20,
            "created_time": "2025-01-04T19:25:00.597665Z",
            "yes_price": 43,
            "no_price": 57,
            "taker_side": "no"
        },
        {
            "trade_id": "34128ec0-f83f-4c95-a234-b8066b0e03c5",
            "ticker": "KXHIGHMIA-25JAN04-B70.5",
            "count": 20,
            "created_time": "2025-01-04T19:23:37.977409Z",
            "yes_price": 61,
            "no_price": 39,
            "taker_side": "yes"
        },
        {
            "trade_id": "833be4e6-1b09-427f-9825-1506998e29f2",
            "ticker": "KXHIGHMIA-25JAN04-B70.5",
            "count": 283,
            "created_time": "2025-01-04T19:21:20.792867Z",
            "yes_price": 65,
            "no_price": 35,
            "taker_side": "yes"
        },
        {
            "trade_id": "6c8567c1-507f-4a3e-b539-669e84c107fc",
            "ticker": "KXHIGHMIA-25JAN04-B70.5",
            "count": 16,
            "created_time": "2025-01-04T19:21:20.792867Z",
            "yes_price": 64,
            "no_price": 36,
            "taker_side": "yes"
        },
        {
            "trade_id": "8fa9158e-a09d-4a88-91cb-0fc2d82ff6bb",
            "ticker": "KXHIGHMIA-25JAN04-B70.5",
            "count": 40,
            "created_time": "2025-01-04T19:20:53.915897Z",
            "yes_price": 39,
            "no_price": 61,
            "taker_side": "no"
        },
        {
            "trade_id": "6b644f45-cc77-4067-b1ec-e4b0cde9e158",
            "ticker": "KXHIGHMIA-25JAN04-B70.5",
            "count": 16,
            "created_time": "2025-01-04T19:20:53.915897Z",
            "yes_price": 39,
            "no_price": 61,
            "taker_side": "no"
        },
        {
            "trade_id": "022ad7dc-d14b-4054-a8fe-99d752b58f76",
            "ticker": "KXHIGHMIA-25JAN04-B70.5",
            "count": 5,
            "created_time": "2025-01-04T19:20:41.898453Z",
            "yes_price": 65,
            "no_price": 35,
            "taker_side": "no"
        },
        {
            "trade_id": "5f5e8464-f477-42c8-884c-f932309126e1",
            "ticker": "KXHIGHMIA-25JAN04-B70.5",
            "count": 35,
            "created_time": "2025-01-04T19:20:41.826387Z",
            "yes_price": 65,
            "no_price": 35,
            "taker_side": "no"
        },
        {
            "trade_id": "fc91e011-8ba2-4207-9c70-3af0bc2c6853",
            "ticker": "KXHIGHMIA-25JAN04-B70.5",
            "count": 5,
            "created_time": "2025-01-04T19:20:41.811551Z",
            "yes_price": 65,
            "no_price": 35,
            "taker_side": "no"
        },
        {
            "trade_id": "50eb7f76-6334-45d8-83d3-9604ab57726e",
            "ticker": "KXHIGHMIA-25JAN04-B70.5",
            "count": 5,
            "created_time": "2025-01-04T19:20:41.746586Z",
            "yes_price": 65,
            "no_price": 35,
            "taker_side": "yes"
        },
        {
            "trade_id": "b88adee4-38ce-4da5-8c5b-3ee7b1a41274",
            "ticker": "KXHIGHMIA-25JAN04-B70.5",
            "count": 200,
            "created_time": "2025-01-04T19:20:29.770114Z",
            "yes_price": 65,
            "no_price": 35,
            "taker_side": "yes"
        },
        {
            "trade_id": "7ff8d789-5e5a-49ad-b29c-9c5f34eec9ad",
            "ticker": "KXHIGHMIA-25JAN04-B70.5",
            "count": 50,
            "created_time": "2025-01-04T19:20:29.770114Z",
            "yes_price": 65,
            "no_price": 35,
            "taker_side": "yes"
        },
        {
            "trade_id": "e8680004-37e9-4cb9-a5fc-b28ef9664794",
            "ticker": "KXHIGHMIA-25JAN04-B70.5",
            "count": 111,
            "created_time": "2025-01-04T19:19:43.279383Z",
            "yes_price": 63,
            "no_price": 37,
            "taker_side": "yes"
        },
        {
            "trade_id": "c6aac579-9f0f-402f-a90a-c2efd61438f7",
            "ticker": "KXHIGHMIA-25JAN04-B70.5",
            "count": 78,
            "created_time": "2025-01-04T19:19:43.279383Z",
            "yes_price": 62,
            "no_price": 38,
            "taker_side": "yes"
        },
        {
            "trade_id": "9c66b9bc-05b9-4fa1-ad78-30192a937484",
            "ticker": "KXHIGHMIA-25JAN04-B70.5",
            "count": 1,
            "created_time": "2025-01-04T19:19:43.279383Z",
            "yes_price": 62,
            "no_price": 38,
            "taker_side": "yes"
        },
        {
            "trade_id": "83f12646-e9eb-4146-901e-41dd8b73fdbb",
            "ticker": "KXHIGHMIA-25JAN04-B70.5",
            "count": 1,
            "created_time": "2025-01-04T19:19:43.279383Z",
            "yes_price": 62,
            "no_price": 38,
            "taker_side": "yes"
        },
        {
            "trade_id": "68e6289d-a234-4b0e-9a31-3e05c1061886",
            "ticker": "KXHIGHMIA-25JAN04-B70.5",
            "count": 21,
            "created_time": "2025-01-04T19:19:43.279383Z",
            "yes_price": 61,
            "no_price": 39,
            "taker_side": "yes"
        },
        {
            "trade_id": "f9d27920-03cc-4e29-bd89-8da712b190fa",
            "ticker": "KXHIGHMIA-25JAN04-B70.5",
            "count": 38,
            "created_time": "2025-01-04T19:19:16.157934Z",
            "yes_price": 41,
            "no_price": 59,
            "taker_side": "no"
        },
        {
            "trade_id": "d8ac80eb-6e68-43d4-a185-ac4238d3ddf1",
            "ticker": "KXHIGHMIA-25JAN04-B70.5",
            "count": 58,
            "created_time": "2025-01-04T19:19:16.157934Z",
            "yes_price": 43,
            "no_price": 57,
            "taker_side": "no"
        },
        {
            "trade_id": "bae40f66-98d3-4b50-bbc4-3387e7d87fac",
            "ticker": "KXHIGHMIA-25JAN04-B70.5",
            "count": 40,
            "created_time": "2025-01-04T19:19:16.157934Z",
            "yes_price": 41,
            "no_price": 59,
            "taker_side": "no"
        },
        {
            "trade_id": "b2fa562f-6dbc-44e2-8222-106680aa1943",
            "ticker": "KXHIGHMIA-25JAN04-B70.5",
            "count": 1,
            "created_time": "2025-01-04T19:19:16.157934Z",
            "yes_price": 41,
            "no_price": 59,
            "taker_side": "no"
        },
        {
            "trade_id": "873beb49-d068-40ce-93c2-95aa9a4887c6",
            "ticker": "KXHIGHMIA-25JAN04-B70.5",
            "count": 21,
            "created_time": "2025-01-04T19:19:16.157934Z",
            "yes_price": 40,
            "no_price": 60,
            "taker_side": "no"
        },
        {
            "trade_id": "6436f6c3-9739-4022-97e9-f2a07c5bba15",
            "ticker": "KXHIGHMIA-25JAN04-B70.5",
            "count": 7,
            "created_time": "2025-01-04T19:19:16.157934Z",
            "yes_price": 37,
            "no_price": 63,
            "taker_side": "no"
        },
        {
            "trade_id": "40f9d2d1-2bd1-44cb-88dc-adf9342830d5",
            "ticker": "KXHIGHMIA-25JAN04-B70.5",
            "count": 14,
            "created_time": "2025-01-04T19:18:25.921704Z",
            "yes_price": 67,
            "no_price": 33,
            "taker_side": "yes"
        },
        {
            "trade_id": "f3499605-c0d0-4043-965e-b6c542b6f1ae",
            "ticker": "KXHIGHMIA-25JAN04-B70.5",
            "count": 1,
            "created_time": "2025-01-04T19:16:54.687444Z",
            "yes_price": 56,
            "no_price": 44,
            "taker_side": "yes"
        },
        {
            "trade_id": "f09a6e63-34b5-48dd-aa17-fb25e4742a54",
            "ticker": "KXHIGHMIA-25JAN04-B70.5",
            "count": 1,
            "created_time": "2025-01-04T19:16:35.748846Z",
            "yes_price": 38,
            "no_price": 62,
            "taker_side": "no"
        },
        {
            "trade_id": "d4e5cdca-2830-4035-b1e8-c3405b42848a",
            "ticker": "KXHIGHMIA-25JAN04-B70.5",
            "count": 27,
            "created_time": "2025-01-04T19:16:20.972481Z",
            "yes_price": 68,
            "no_price": 32,
            "taker_side": "yes"
        },
        {
            "trade_id": "6ac689d4-b4cb-4e14-a170-34c4418c057f",
            "ticker": "KXHIGHMIA-25JAN04-B70.5",
            "count": 86,
            "created_time": "2025-01-04T19:16:20.972481Z",
            "yes_price": 57,
            "no_price": 43,
            "taker_side": "yes"
        },
        {
            "trade_id": "ed9c179b-e50a-4776-8079-0cacbd1096df",
            "ticker": "KXHIGHMIA-25JAN04-B70.5",
            "count": 38,
            "created_time": "2025-01-04T19:16:16.310282Z",
            "yes_price": 56,
            "no_price": 44,
            "taker_side": "yes"
        },
        {
            "trade_id": "bf7b2906-4ec0-46d0-b160-372a5768c4dc",
            "ticker": "KXHIGHMIA-25JAN04-B70.5",
            "count": 14,
            "created_time": "2025-01-04T19:13:16.86259Z",
            "yes_price": 68,
            "no_price": 32,
            "taker_side": "yes"
        },
        {
            "trade_id": "9befd7db-c30f-42cf-9755-c361beb76063",
            "ticker": "KXHIGHMIA-25JAN04-B70.5",
            "count": 2,
            "created_time": "2025-01-04T19:11:14.908036Z",
            "yes_price": 71,
            "no_price": 29,
            "taker_side": "yes"
        },
        {
            "trade_id": "36967728-6c9b-4f36-9bdd-1b2567708a39",
            "ticker": "KXHIGHMIA-25JAN04-B70.5",
            "count": 33,
            "created_time": "2025-01-04T19:11:14.908036Z",
            "yes_price": 69,
            "no_price": 31,
            "taker_side": "yes"
        },
        {
            "trade_id": "bfe05570-0a73-4c84-8fed-b50abc410510",
            "ticker": "KXHIGHMIA-25JAN04-B70.5",
            "count": 49,
            "created_time": "2025-01-04T19:09:34.686319Z",
            "yes_price": 70,
            "no_price": 30,
            "taker_side": "yes"
        },
        {
            "trade_id": "73daa133-44a9-4f91-8b68-df658f2e057f",
            "ticker": "KXHIGHMIA-25JAN04-B70.5",
            "count": 10,
            "created_time": "2025-01-04T19:09:34.686319Z",
            "yes_price": 69,
            "no_price": 31,
            "taker_side": "yes"
        },
        {
            "trade_id": "16d1f51e-0366-4f41-93c7-05e8836612f3",
            "ticker": "KXHIGHMIA-25JAN04-B70.5",
            "count": 58,
            "created_time": "2025-01-04T19:09:13.649637Z",
            "yes_price": 67,
            "no_price": 33,
            "taker_side": "yes"
        },
        {
            "trade_id": "0c7f9155-c8d0-4150-aba8-418d30d02ebe",
            "ticker": "KXHIGHMIA-25JAN04-B70.5",
            "count": 16,
            "created_time": "2025-01-04T19:09:13.649637Z",
            "yes_price": 66,
            "no_price": 34,
            "taker_side": "yes"
        },
        {
            "trade_id": "a43df697-8637-42a3-a1f7-441aa0fe149f",
            "ticker": "KXHIGHMIA-25JAN04-B70.5",
            "count": 31,
            "created_time": "2025-01-04T19:07:48.208239Z",
            "yes_price": 64,
            "no_price": 36,
            "taker_side": "yes"
        },
        {
            "trade_id": "6d5e9aef-4236-4c0b-8a43-ac7bca92ed72",
            "ticker": "KXHIGHMIA-25JAN04-B70.5",
            "count": 50,
            "created_time": "2025-01-04T19:07:48.208239Z",
            "yes_price": 66,
            "no_price": 34,
            "taker_side": "yes"
        },
        {
            "trade_id": "42a1e464-1b77-44c5-8c86-e90648f9a1b1",
            "ticker": "KXHIGHMIA-25JAN04-B70.5",
            "count": 16,
            "created_time": "2025-01-04T19:07:48.208239Z",
            "yes_price": 64,
            "no_price": 36,
            "taker_side": "yes"
        },
        {
            "trade_id": "59c47ebc-9c0c-4d7d-bf54-41bed1005a4c",
            "ticker": "KXHIGHMIA-25JAN04-B70.5",
            "count": 31,
            "created_time": "2025-01-04T19:07:44.246759Z",
            "yes_price": 64,
            "no_price": 36,
            "taker_side": "no"
        },
        {
            "trade_id": "47a1fb9e-fe62-4fda-a2f9-8965d8d6487e",
            "ticker": "KXHIGHMIA-25JAN04-B70.5",
            "count": 56,
            "created_time": "2025-01-04T19:07:44.14726Z",
            "yes_price": 64,
            "no_price": 36,
            "taker_side": "yes"
        },
        {
            "trade_id": "9aee9d7e-30db-4ad3-93a7-d5d2de0f8a1c",
            "ticker": "KXHIGHMIA-25JAN04-B70.5",
            "count": 85,
            "created_time": "2025-01-04T19:07:40.178223Z",
            "yes_price": 64,
            "no_price": 36,
            "taker_side": "yes"
        },
        {
            "trade_id": "f15e9ca6-fd81-42ad-bf00-d8fab60c3580",
            "ticker": "KXHIGHMIA-25JAN04-B70.5",
            "count": 103,
            "created_time": "2025-01-04T19:07:31.650893Z",
            "yes_price": 64,
            "no_price": 36,
            "taker_side": "yes"
        },
        {
            "trade_id": "48653ccf-f446-479b-93c4-e26e2dc52ac5",
            "ticker": "KXHIGHMIA-25JAN04-B70.5",
            "count": 59,
            "created_time": "2025-01-04T19:07:31.650893Z",
            "yes_price": 61,
            "no_price": 39,
            "taker_side": "yes"
        },
        {
            "trade_id": "46348a95-0292-4d71-a1bd-c477e40f90e8",
            "ticker": "KXHIGHMIA-25JAN04-B70.5",
            "count": 28,
            "created_time": "2025-01-04T19:07:25.565288Z",
            "yes_price": 54,
            "no_price": 46,
            "taker_side": "yes"
        },
        {
            "trade_id": "d82fe327-9972-48eb-80d4-36208f058d3e",
            "ticker": "KXHIGHMIA-25JAN04-B70.5",
            "count": 17,
            "created_time": "2025-01-04T19:05:31.197635Z",
            "yes_price": 48,
            "no_price": 52,
            "taker_side": "yes"
        },
        {
            "trade_id": "24c44788-cc8d-4bf4-a928-0b5a476d144c",
            "ticker": "KXHIGHMIA-25JAN04-B70.5",
            "count": 33,
            "created_time": "2025-01-04T19:05:30.870643Z",
            "yes_price": 48,
            "no_price": 52,
            "taker_side": "yes"
        },
        {
            "trade_id": "deaf84fc-ea47-4f05-a963-59c179c0ba53",
            "ticker": "KXHIGHMIA-25JAN04-B70.5",
            "count": 31,
            "created_time": "2025-01-04T19:05:22.05068Z",
            "yes_price": 35,
            "no_price": 65,
            "taker_side": "no"
        },
        {
            "trade_id": "cacd2764-fb49-49cd-8e51-3ba0640467d5",
            "ticker": "KXHIGHMIA-25JAN04-B70.5",
            "count": 1,
            "created_time": "2025-01-04T19:05:22.05068Z",
            "yes_price": 32,
            "no_price": 68,
            "taker_side": "no"
        },
        {
            "trade_id": "99f90fe2-6260-4b39-9505-33927cc0b11e",
            "ticker": "KXHIGHMIA-25JAN04-B70.5",
            "count": 95,
            "created_time": "2025-01-04T19:02:43.845656Z",
            "yes_price": 44,
            "no_price": 56,
            "taker_side": "no"
        },
        {
            "trade_id": "79fdde59-d653-4d5e-97a1-7e454b97efe0",
            "ticker": "KXHIGHMIA-25JAN04-B70.5",
            "count": 80,
            "created_time": "2025-01-04T19:02:43.845656Z",
            "yes_price": 50,
            "no_price": 50,
            "taker_side": "no"
        },
        {
            "trade_id": "646bcd65-1b7b-4150-a383-68cd3b8a504f",
            "ticker": "KXHIGHMIA-25JAN04-B70.5",
            "count": 58,
            "created_time": "2025-01-04T19:02:43.845656Z",
            "yes_price": 44,
            "no_price": 56,
            "taker_side": "no"
        },
        {
            "trade_id": "de432522-45c8-4d2f-9909-ee2013e27217",
            "ticker": "KXHIGHMIA-25JAN04-B70.5",
            "count": 1,
            "created_time": "2025-01-04T19:01:24.699586Z",
            "yes_price": 50,
            "no_price": 50,
            "taker_side": "no"
        },
        {
            "trade_id": "4251d2f3-51b6-4f41-a726-29d27918636f",
            "ticker": "KXHIGHMIA-25JAN04-B70.5",
            "count": 17,
            "created_time": "2025-01-04T18:58:28.300292Z",
            "yes_price": 45,
            "no_price": 55,
            "taker_side": "no"
        },
        {
            "trade_id": "dc7e7936-6baf-41df-8839-bf22f44b4ce1",
            "ticker": "KXHIGHMIA-25JAN04-B70.5",
            "count": 100,
            "created_time": "2025-01-04T18:56:16.523972Z",
            "yes_price": 46,
            "no_price": 54,
            "taker_side": "yes"
        },
        {
            "trade_id": "8666cf07-27b2-4b8a-a773-374f9d40544f",
            "ticker": "KXHIGHMIA-25JAN04-B70.5",
            "count": 42,
            "created_time": "2025-01-04T18:56:16.523972Z",
            "yes_price": 48,
            "no_price": 52,
            "taker_side": "yes"
        },
        {
            "trade_id": "526cd787-676f-4d5b-9fc1-c7fa96dd7ee5",
            "ticker": "KXHIGHMIA-25JAN04-B70.5",
            "count": 83,
            "created_time": "2025-01-04T18:56:10.243753Z",
            "yes_price": 44,
            "no_price": 56,
            "taker_side": "no"
        },
        {
            "trade_id": "e164aa6b-de62-491d-b058-5de70126ea04",
            "ticker": "KXHIGHMIA-25JAN04-B70.5",
            "count": 233,
            "created_time": "2025-01-04T18:56:10.025188Z",
            "yes_price": 44,
            "no_price": 56,
            "taker_side": "no"
        },
        {
            "trade_id": "2a0ebbba-ed4c-4eb5-b46b-5432c242a4f3",
            "ticker": "KXHIGHMIA-25JAN04-B70.5",
            "count": 20,
            "created_time": "2025-01-04T18:55:54.288725Z",
            "yes_price": 39,
            "no_price": 61,
            "taker_side": "yes"
        },
        {
            "trade_id": "26eee481-c8c2-4bcc-b617-ea7260871462",
            "ticker": "KXHIGHMIA-25JAN04-B70.5",
            "count": 22,
            "created_time": "2025-01-04T18:55:54.288725Z",
            "yes_price": 40,
            "no_price": 60,
            "taker_side": "yes"
        },
        {
            "trade_id": "b75f8740-4225-4cad-9003-cc2cfb99d858",
            "ticker": "KXHIGHMIA-25JAN04-B70.5",
            "count": 22,
            "created_time": "2025-01-04T18:55:27.510406Z",
            "yes_price": 34,
            "no_price": 66,
            "taker_side": "no"
        },
        {
            "trade_id": "a19498ef-20e8-4699-9f60-31fc1ac104c5",
            "ticker": "KXHIGHMIA-25JAN04-B70.5",
            "count": 61,
            "created_time": "2025-01-04T18:54:33.374245Z",
            "yes_price": 20,
            "no_price": 80,
            "taker_side": "no"
        },
        {
            "trade_id": "a385cdb7-da0d-488e-9a0c-bb37995c3b7f",
            "ticker": "KXHIGHMIA-25JAN04-B70.5",
            "count": 151,
            "created_time": "2025-01-04T18:54:23.270241Z",
            "yes_price": 31,
            "no_price": 69,
            "taker_side": "yes"
        },
        {
            "trade_id": "39a24455-5461-47a0-976c-0caf5c3663e7",
            "ticker": "KXHIGHMIA-25JAN04-B70.5",
            "count": 100,
            "created_time": "2025-01-04T18:54:23.270241Z",
            "yes_price": 30,
            "no_price": 70,
            "taker_side": "yes"
        },
        {
            "trade_id": "7515fd62-0742-480d-8cc7-3979c37ef2d6",
            "ticker": "KXHIGHMIA-25JAN04-B70.5",
            "count": 16,
            "created_time": "2025-01-04T18:52:30.802718Z",
            "yes_price": 28,
            "no_price": 72,
            "taker_side": "yes"
        },
        {
            "trade_id": "2a05f738-c889-443a-b875-71bfc6f4b59f",
            "ticker": "KXHIGHMIA-25JAN04-B70.5",
            "count": 150,
            "created_time": "2025-01-04T18:52:30.802718Z",
            "yes_price": 28,
            "no_price": 72,
            "taker_side": "yes"
        },
        {
            "trade_id": "032d19d8-3d4c-424b-a64d-777409af07b1",
            "ticker": "KXHIGHMIA-25JAN04-B70.5",
            "count": 27,
            "created_time": "2025-01-04T18:52:30.802718Z",
            "yes_price": 28,
            "no_price": 72,
            "taker_side": "yes"
        },
        {
            "trade_id": "de5a3ec8-7b84-4066-89a9-162b58c09468",
            "ticker": "KXHIGHMIA-25JAN04-B70.5",
            "count": 152,
            "created_time": "2025-01-04T18:52:24.613683Z",
            "yes_price": 27,
            "no_price": 73,
            "taker_side": "yes"
        },
        {
            "trade_id": "b4ebc2ec-8619-4c32-bfeb-e06f9b318fd7",
            "ticker": "KXHIGHMIA-25JAN04-B70.5",
            "count": 71,
            "created_time": "2025-01-04T18:52:24.613683Z",
            "yes_price": 26,
            "no_price": 74,
            "taker_side": "yes"
        },
        {
            "trade_id": "184fbf81-6d8a-438f-815b-3db7a5ce20d5",
            "ticker": "KXHIGHMIA-25JAN04-B70.5",
            "count": 50,
            "created_time": "2025-01-04T18:51:41.904328Z",
            "yes_price": 26,
            "no_price": 74,
            "taker_side": "yes"
        },
        {
            "trade_id": "23a55467-8c32-4af2-ad14-68089566f5bd",
            "ticker": "KXHIGHMIA-25JAN04-B70.5",
            "count": 62,
            "created_time": "2025-01-04T18:50:58.966408Z",
            "yes_price": 22,
            "no_price": 78,
            "taker_side": "yes"
        },
        {
            "trade_id": "0f3de5c6-0671-4ade-9f6b-fea1a32a4511",
            "ticker": "KXHIGHMIA-25JAN04-B70.5",
            "count": 1,
            "created_time": "2025-01-04T18:50:58.966408Z",
            "yes_price": 21,
            "no_price": 79,
            "taker_side": "yes"
        },
        {
            "trade_id": "f940ae44-6da1-4f07-a15d-9a8e92c1a231",
            "ticker": "KXHIGHMIA-25JAN04-B70.5",
            "count": 5,
            "created_time": "2025-01-04T18:50:37.684934Z",
            "yes_price": 22,
            "no_price": 78,
            "taker_side": "yes"
        },
        {
            "trade_id": "6f5ae68c-5b0c-4488-afae-80adc3bff1b2",
            "ticker": "KXHIGHMIA-25JAN04-B70.5",
            "count": 38,
            "created_time": "2025-01-04T18:50:37.684934Z",
            "yes_price": 22,
            "no_price": 78,
            "taker_side": "yes"
        },
        {
            "trade_id": "5add782c-6f31-425b-a29e-a2b48ae8dc89",
            "ticker": "KXHIGHMIA-25JAN04-B70.5",
            "count": 100,
            "created_time": "2025-01-04T18:47:38.314663Z",
            "yes_price": 21,
            "no_price": 79,
            "taker_side": "no"
        },
        {
            "trade_id": "0ef18a7c-46ff-4d0d-97e5-d4e1f2e9d0ee",
            "ticker": "KXHIGHMIA-25JAN04-B70.5",
            "count": 201,
            "created_time": "2025-01-04T18:47:38.314663Z",
            "yes_price": 21,
            "no_price": 79,
            "taker_side": "no"
        },
        {
            "trade_id": "d3ba473c-4569-4165-8bd6-96dc361d3324",
            "ticker": "KXHIGHMIA-25JAN04-B70.5",
            "count": 1,
            "created_time": "2025-01-04T18:46:14.199854Z",
            "yes_price": 25,
            "no_price": 75,
            "taker_side": "no"
        },
        {
            "trade_id": "ba886202-c5f3-4bfc-a745-c0667fa3f786",
            "ticker": "KXHIGHMIA-25JAN04-B70.5",
            "count": 22,
            "created_time": "2025-01-04T18:42:40.580436Z",
            "yes_price": 25,
            "no_price": 75,
            "taker_side": "yes"
        },
        {
            "trade_id": "65bdb16a-ee92-438d-acdc-1aa845faf3f9",
            "ticker": "KXHIGHMIA-25JAN04-B70.5",
            "count": 78,
            "created_time": "2025-01-04T18:42:03.898555Z",
            "yes_price": 25,
            "no_price": 75,
            "taker_side": "yes"
        },
        {
            "trade_id": "fd8055d9-c672-4a3f-b894-0d91c279c2ca",
            "ticker": "KXHIGHMIA-25JAN04-B70.5",
            "count": 50,
            "created_time": "2025-01-04T18:35:11.912151Z",
            "yes_price": 24,
            "no_price": 76,
            "taker_side": "no"
        },
        {
            "trade_id": "3ea3154f-d681-4499-8b40-95bf75ae0600",
            "ticker": "KXHIGHMIA-25JAN04-B70.5",
            "count": 1,
            "created_time": "2025-01-04T18:31:03.121603Z",
            "yes_price": 19,
            "no_price": 81,
            "taker_side": "no"
        },
        {
            "trade_id": "87f0b8f7-6fa6-44bb-8492-91b8c9e4e78e",
            "ticker": "KXHIGHMIA-25JAN04-B70.5",
            "count": 41,
            "created_time": "2025-01-04T18:20:49.203719Z",
            "yes_price": 27,
            "no_price": 73,
            "taker_side": "yes"
        },
        {
            "trade_id": "555264a5-ae85-458a-81b9-39b372b449ff",
            "ticker": "KXHIGHMIA-25JAN04-B70.5",
            "count": 62,
            "created_time": "2025-01-04T18:20:49.203719Z",
            "yes_price": 28,
            "no_price": 72,
            "taker_side": "yes"
        },
        {
            "trade_id": "1d0a39bf-7c62-49ee-9c8d-e1c166233886",
            "ticker": "KXHIGHMIA-25JAN04-B70.5",
            "count": 1,
            "created_time": "2025-01-04T18:18:19.87806Z",
            "yes_price": 32,
            "no_price": 68,
            "taker_side": "no"
        },
        {
            "trade_id": "41e96131-aa36-4233-90a9-dca8f68a0c61",
            "ticker": "KXHIGHMIA-25JAN04-B70.5",
            "count": 1,
            "created_time": "2025-01-04T18:15:51.672825Z",
            "yes_price": 32,
            "no_price": 68,
            "taker_side": "no"
        },
        {
            "trade_id": "fdbe8e65-7ad9-4cd1-a17b-b5cd2087cb18",
            "ticker": "KXHIGHMIA-25JAN04-B70.5",
            "count": 29,
            "created_time": "2025-01-04T18:07:42.102699Z",
            "yes_price": 38,
            "no_price": 62,
            "taker_side": "no"
        },
        {
            "trade_id": "cd1ad5f7-e59b-4f4b-ba64-2e6c79821d5f",
            "ticker": "KXHIGHMIA-25JAN04-B70.5",
            "count": 151,
            "created_time": "2025-01-04T18:07:42.102699Z",
            "yes_price": 37,
            "no_price": 63,
            "taker_side": "no"
        },
        {
            "trade_id": "1ed3531e-b45e-4a90-99a8-cdcbba605abc",
            "ticker": "KXHIGHMIA-25JAN04-B70.5",
            "count": 269,
            "created_time": "2025-01-04T18:07:42.102699Z",
            "yes_price": 38,
            "no_price": 62,
            "taker_side": "no"
        },
        {
            "trade_id": "8780e7b7-7f0e-414f-8cb7-1677ac03ebe4",
            "ticker": "KXHIGHMIA-25JAN04-B70.5",
            "count": 5,
            "created_time": "2025-01-04T18:02:15.878471Z",
            "yes_price": 41,
            "no_price": 59,
            "taker_side": "yes"
        },
        {
            "trade_id": "7d950211-e32f-44ef-b833-9d10e9821466",
            "ticker": "KXHIGHMIA-25JAN04-B70.5",
            "count": 1,
            "created_time": "2025-01-04T18:00:40.422715Z",
            "yes_price": 38,
            "no_price": 62,
            "taker_side": "no"
        },
        {
            "trade_id": "bd345c89-09a1-4892-8de7-5bed524588f7",
            "ticker": "KXHIGHMIA-25JAN04-B70.5",
            "count": 370,
            "created_time": "2025-01-04T17:49:06.132941Z",
            "yes_price": 40,
            "no_price": 60,
            "taker_side": "yes"
        },
        {
            "trade_id": "6caa49e7-d957-4263-8733-80f9e230c13b",
            "ticker": "KXHIGHMIA-25JAN04-B70.5",
            "count": 1,
            "created_time": "2025-01-04T17:49:06.132941Z",
            "yes_price": 39,
            "no_price": 61,
            "taker_side": "yes"
        },
        {
            "trade_id": "0d32153d-c1ad-4959-96ec-ff98c4c2bd02",
            "ticker": "KXHIGHMIA-25JAN04-B70.5",
            "count": 1,
            "created_time": "2025-01-04T17:45:28.422388Z",
            "yes_price": 38,
            "no_price": 62,
            "taker_side": "no"
        },
        {
            "trade_id": "5a8541bb-8f14-4b0e-a212-61669a8abdd7",
            "ticker": "KXHIGHMIA-25JAN04-B70.5",
            "count": 29,
            "created_time": "2025-01-04T17:44:21.994749Z",
            "yes_price": 40,
            "no_price": 60,
            "taker_side": "yes"
        },
        {
            "trade_id": "ea3fa59b-e028-41eb-b6ae-fa9ff1e5cdb8",
            "ticker": "KXHIGHMIA-25JAN04-B70.5",
            "count": 21,
            "created_time": "2025-01-04T17:44:14.960602Z",
            "yes_price": 38,
            "no_price": 62,
            "taker_side": "yes"
        },
        {
            "trade_id": "e4f4ad5c-55f9-4542-b9e5-e81d106cb13e",
            "ticker": "KXHIGHMIA-25JAN04-B70.5",
            "count": 7,
            "created_time": "2025-01-04T17:35:00.976779Z",
            "yes_price": 35,
            "no_price": 65,
            "taker_side": "yes"
        },
        {
            "trade_id": "1585ec61-16e2-4c35-a6ab-3085e29017b3",
            "ticker": "KXHIGHMIA-25JAN04-B70.5",
            "count": 1,
            "created_time": "2025-01-04T17:35:00.976779Z",
            "yes_price": 32,
            "no_price": 68,
            "taker_side": "yes"
        },
        {
            "trade_id": "bb8ebd31-c7ca-4774-83f0-556a01b2fd07",
            "ticker": "KXHIGHMIA-25JAN04-B70.5",
            "count": 3,
            "created_time": "2025-01-04T17:34:34.201127Z",
            "yes_price": 32,
            "no_price": 68,
            "taker_side": "yes"
        },
        {
            "trade_id": "6c438af9-dc75-4614-b812-67052b76cee9",
            "ticker": "KXHIGHMIA-25JAN04-B70.5",
            "count": 12,
            "created_time": "2025-01-04T17:34:34.201127Z",
            "yes_price": 31,
            "no_price": 69,
            "taker_side": "yes"
        },
        {
            "trade_id": "8a15c6a0-e309-4119-a3c4-33fc55040f97",
            "ticker": "KXHIGHMIA-25JAN04-B70.5",
            "count": 1,
            "created_time": "2025-01-04T17:30:15.643967Z",
            "yes_price": 27,
            "no_price": 73,
            "taker_side": "no"
        },
        {
            "trade_id": "6a44f422-c027-4434-9ace-44d6a94380e8",
            "ticker": "KXHIGHMIA-25JAN04-B70.5",
            "count": 23,
            "created_time": "2025-01-04T17:20:14.136869Z",
            "yes_price": 27,
            "no_price": 73,
            "taker_side": "no"
        },
        {
            "trade_id": "1c3056cf-3432-46c2-be5a-6a72465cbc5a",
            "ticker": "KXHIGHMIA-25JAN04-B70.5",
            "count": 10,
            "created_time": "2025-01-04T17:20:08.983064Z",
            "yes_price": 27,
            "no_price": 73,
            "taker_side": "no"
        },
        {
            "trade_id": "af086c08-61e7-45ca-bcb9-0f09f939ce71",
            "ticker": "KXHIGHMIA-25JAN04-B70.5",
            "count": 10,
            "created_time": "2025-01-04T17:20:08.813314Z",
            "yes_price": 26,
            "no_price": 74,
            "taker_side": "no"
        },
        {
            "trade_id": "c65d8fb2-e470-471d-9289-46e36bb19ef3",
            "ticker": "KXHIGHMIA-25JAN04-B70.5",
            "count": 36,
            "created_time": "2025-01-04T17:20:02.413635Z",
            "yes_price": 34,
            "no_price": 66,
            "taker_side": "yes"
        },
        {
            "trade_id": "0c72df4e-1c74-4f03-8721-08227cd51b34",
            "ticker": "KXHIGHMIA-25JAN04-B70.5",
            "count": 19,
            "created_time": "2025-01-04T17:20:02.413635Z",
            "yes_price": 35,
            "no_price": 65,
            "taker_side": "yes"
        },
        {
            "trade_id": "58830661-475d-4d54-8005-ea578a49de97",
            "ticker": "KXHIGHMIA-25JAN04-B70.5",
            "count": 1,
            "created_time": "2025-01-04T17:15:04.281598Z",
            "yes_price": 25,
            "no_price": 75,
            "taker_side": "no"
        },
        {
            "trade_id": "8ebfd8f1-f401-4f2a-ae99-e7440e364ab2",
            "ticker": "KXHIGHMIA-25JAN04-B70.5",
            "count": 29,
            "created_time": "2025-01-04T17:15:02.794639Z",
            "yes_price": 25,
            "no_price": 75,
            "taker_side": "no"
        },
        {
            "trade_id": "b4f02f17-0a76-4f2d-88b7-a30fe6b8fad6",
            "ticker": "KXHIGHMIA-25JAN04-B70.5",
            "count": 20,
            "created_time": "2025-01-04T17:03:41.880758Z",
            "yes_price": 22,
            "no_price": 78,
            "taker_side": "no"
        },
        {
            "trade_id": "d0154f0f-4167-4a41-8053-6fa23ab0611b",
            "ticker": "KXHIGHMIA-25JAN04-B70.5",
            "count": 1,
            "created_time": "2025-01-04T17:00:59.293011Z",
            "yes_price": 23,
            "no_price": 77,
            "taker_side": "yes"
        },
        {
            "trade_id": "9da21f17-0d4f-4bf2-9d39-908f719448f4",
            "ticker": "KXHIGHMIA-25JAN04-B70.5",
            "count": 13,
            "created_time": "2025-01-04T16:58:19.993511Z",
            "yes_price": 25,
            "no_price": 75,
            "taker_side": "yes"
        },
        {
            "trade_id": "636f2133-c58c-4dbe-ba43-c38fc59b8444",
            "ticker": "KXHIGHMIA-25JAN04-B70.5",
            "count": 12,
            "created_time": "2025-01-04T16:58:19.993511Z",
            "yes_price": 27,
            "no_price": 73,
            "taker_side": "yes"
        },
        {
            "trade_id": "609c6887-030b-4485-b38a-e06d62cf01ca",
            "ticker": "KXHIGHMIA-25JAN04-B70.5",
            "count": 20,
            "created_time": "2025-01-04T16:58:19.993511Z",
            "yes_price": 33,
            "no_price": 67,
            "taker_side": "yes"
        },
        {
            "trade_id": "2133aa87-028b-4338-a843-1502c1a65058",
            "ticker": "KXHIGHMIA-25JAN04-B70.5",
            "count": 51,
            "created_time": "2025-01-04T16:58:19.993511Z",
            "yes_price": 40,
            "no_price": 60,
            "taker_side": "yes"
        },
        {
            "trade_id": "20e5fe2d-0aa2-4f6f-b286-1dea32d3905a",
            "ticker": "KXHIGHMIA-25JAN04-B70.5",
            "count": 1,
            "created_time": "2025-01-04T16:58:19.993511Z",
            "yes_price": 27,
            "no_price": 73,
            "taker_side": "yes"
        },
        {
            "trade_id": "1bafc984-d21c-445d-8ce7-a88ccca2dd58",
            "ticker": "KXHIGHMIA-25JAN04-B70.5",
            "count": 41,
            "created_time": "2025-01-04T16:58:19.993511Z",
            "yes_price": 34,
            "no_price": 66,
            "taker_side": "yes"
        },
        {
            "trade_id": "56f089ec-06ec-4763-87e9-4a7da991f6da",
            "ticker": "KXHIGHMIA-25JAN04-B70.5",
            "count": 68,
            "created_time": "2025-01-04T16:42:14.971898Z",
            "yes_price": 20,
            "no_price": 80,
            "taker_side": "no"
        },
        {
            "trade_id": "f27fa665-d025-410d-a45e-5a3e6e69c8b6",
            "ticker": "KXHIGHMIA-25JAN04-B70.5",
            "count": 6,
            "created_time": "2025-01-04T16:40:22.113425Z",
            "yes_price": 19,
            "no_price": 81,
            "taker_side": "no"
        },
        {
            "trade_id": "6c194724-e341-44dc-b4ce-5abba16656c4",
            "ticker": "KXHIGHMIA-25JAN04-B70.5",
            "count": 16,
            "created_time": "2025-01-04T16:40:22.113425Z",
            "yes_price": 20,
            "no_price": 80,
            "taker_side": "no"
        },
        {
            "trade_id": "8f43ce97-39c1-4a33-87db-0b9bd17da6cf",
            "ticker": "KXHIGHMIA-25JAN04-B70.5",
            "count": 60,
            "created_time": "2025-01-04T16:40:12.498795Z",
            "yes_price": 19,
            "no_price": 81,
            "taker_side": "no"
        },
        {
            "trade_id": "72509889-f9d2-447f-b406-813488050f03",
            "ticker": "KXHIGHMIA-25JAN04-B70.5",
            "count": 27,
            "created_time": "2025-01-04T16:40:12.498795Z",
            "yes_price": 19,
            "no_price": 81,
            "taker_side": "no"
        },
        {
            "trade_id": "0f0a57e3-6297-4001-b39c-5a10c409f38f",
            "ticker": "KXHIGHMIA-25JAN04-B70.5",
            "count": 9,
            "created_time": "2025-01-04T16:40:12.498795Z",
            "yes_price": 20,
            "no_price": 80,
            "taker_side": "no"
        },
        {
            "trade_id": "b6531192-09f9-43d3-8d82-ea612e3086ac",
            "ticker": "KXHIGHMIA-25JAN04-B70.5",
            "count": 9,
            "created_time": "2025-01-04T16:33:52.59838Z",
            "yes_price": 34,
            "no_price": 66,
            "taker_side": "yes"
        },
        {
            "trade_id": "126f2dd1-6d9c-4a68-ba87-d58552e528ec",
            "ticker": "KXHIGHMIA-25JAN04-B70.5",
            "count": 47,
            "created_time": "2025-01-04T16:33:52.59838Z",
            "yes_price": 34,
            "no_price": 66,
            "taker_side": "yes"
        },
        {
            "trade_id": "ebaa9430-b60b-4f88-a6eb-74e18a23b81c",
            "ticker": "KXHIGHMIA-25JAN04-B70.5",
            "count": 1,
            "created_time": "2025-01-04T16:33:16.652908Z",
            "yes_price": 24,
            "no_price": 76,
            "taker_side": "yes"
        },
        {
            "trade_id": "c8263e2c-1620-4792-8b67-a6228cc73265",
            "ticker": "KXHIGHMIA-25JAN04-B70.5",
            "count": 19,
            "created_time": "2025-01-04T16:33:16.652908Z",
            "yes_price": 35,
            "no_price": 65,
            "taker_side": "yes"
        },
        {
            "trade_id": "7433c32b-4204-41b0-90b4-4d860aae64dd",
            "ticker": "KXHIGHMIA-25JAN04-B70.5",
            "count": 1,
            "created_time": "2025-01-04T16:33:16.652908Z",
            "yes_price": 25,
            "no_price": 75,
            "taker_side": "yes"
        },
        {
            "trade_id": "5fe2c99f-bd95-4aab-85c7-9176aebb23d8",
            "ticker": "KXHIGHMIA-25JAN04-B70.5",
            "count": 1,
            "created_time": "2025-01-04T16:33:16.652908Z",
            "yes_price": 24,
            "no_price": 76,
            "taker_side": "yes"
        },
        {
            "trade_id": "58d9b1ae-ad8d-4dc7-8ec1-406ff4b2d07c",
            "ticker": "KXHIGHMIA-25JAN04-B70.5",
            "count": 88,
            "created_time": "2025-01-04T16:33:16.652908Z",
            "yes_price": 14,
            "no_price": 86,
            "taker_side": "yes"
        },
        {
            "trade_id": "5465fea8-ace0-455a-9615-545d856e2ea4",
            "ticker": "KXHIGHMIA-25JAN04-B70.5",
            "count": 46,
            "created_time": "2025-01-04T16:33:16.652908Z",
            "yes_price": 13,
            "no_price": 87,
            "taker_side": "yes"
        },
        {
            "trade_id": "53052236-8b67-44f3-9001-1387e5e31491",
            "ticker": "KXHIGHMIA-25JAN04-B70.5",
            "count": 17,
            "created_time": "2025-01-04T16:33:16.652908Z",
            "yes_price": 27,
            "no_price": 73,
            "taker_side": "yes"
        },
        {
            "trade_id": "49a19b6c-6e2e-4dc4-b111-9b8679c3f343",
            "ticker": "KXHIGHMIA-25JAN04-B70.5",
            "count": 1,
            "created_time": "2025-01-04T16:33:16.652908Z",
            "yes_price": 22,
            "no_price": 78,
            "taker_side": "yes"
        },
        {
            "trade_id": "357cde37-c803-4f14-af0b-728cdd6f532f",
            "ticker": "KXHIGHMIA-25JAN04-B70.5",
            "count": 1,
            "created_time": "2025-01-04T16:33:16.652908Z",
            "yes_price": 24,
            "no_price": 76,
            "taker_side": "yes"
        },
        {
            "trade_id": "3159c85d-73ee-4910-a85d-4d79c4b25ee2",
            "ticker": "KXHIGHMIA-25JAN04-B70.5",
            "count": 50,
            "created_time": "2025-01-04T16:33:16.652908Z",
            "yes_price": 30,
            "no_price": 70,
            "taker_side": "yes"
        },
        {
            "trade_id": "2d2bb7da-c719-4714-b2a0-a3b1118be65d",
            "ticker": "KXHIGHMIA-25JAN04-B70.5",
            "count": 8,
            "created_time": "2025-01-04T16:33:16.652908Z",
            "yes_price": 19,
            "no_price": 81,
            "taker_side": "yes"
        },
        {
            "trade_id": "943cd8b6-10ca-44a1-9768-896047fd9ef1",
            "ticker": "KXHIGHMIA-25JAN04-B70.5",
            "count": 33,
            "created_time": "2025-01-04T16:17:34.310564Z",
            "yes_price": 13,
            "no_price": 87,
            "taker_side": "yes"
        },
        {
            "trade_id": "a5f531c8-6720-4c2f-8e63-97f0ab72f94a",
            "ticker": "KXHIGHMIA-25JAN04-B70.5",
            "count": 36,
            "created_time": "2025-01-04T16:08:24.979144Z",
            "yes_price": 13,
            "no_price": 87,
            "taker_side": "yes"
        },
        {
            "trade_id": "e05a2b4b-4899-43a6-9e9f-ab44191aa884",
            "ticker": "KXHIGHMIA-25JAN04-B70.5",
            "count": 20,
            "created_time": "2025-01-04T15:40:02.883255Z",
            "yes_price": 14,
            "no_price": 86,
            "taker_side": "yes"
        },
        {
            "trade_id": "ecafcb6d-742c-4f51-a744-d26500923103",
            "ticker": "KXHIGHMIA-25JAN04-B70.5",
            "count": 1,
            "created_time": "2025-01-04T15:24:59.392508Z",
            "yes_price": 13,
            "no_price": 87,
            "taker_side": "no"
        },
        {
            "trade_id": "16906f9e-ba86-42fd-bec1-05017cb193c3",
            "ticker": "KXHIGHMIA-25JAN04-B70.5",
            "count": 2,
            "created_time": "2025-01-04T15:24:49.864702Z",
            "yes_price": 13,
            "no_price": 87,
            "taker_side": "no"
        },
        {
            "trade_id": "da14519a-3c04-4191-abb9-4d8107db37c8",
            "ticker": "KXHIGHMIA-25JAN04-B70.5",
            "count": 300,
            "created_time": "2025-01-04T15:24:40.6538Z",
            "yes_price": 14,
            "no_price": 86,
            "taker_side": "yes"
        },
        {
            "trade_id": "c5cbae18-35a6-404e-810e-f4d54fcd6bec",
            "ticker": "KXHIGHMIA-25JAN04-B70.5",
            "count": 300,
            "created_time": "2025-01-04T15:21:25.836114Z",
            "yes_price": 14,
            "no_price": 86,
            "taker_side": "yes"
        },
        {
            "trade_id": "719119df-5080-469c-b308-3f04c61413a5",
            "ticker": "KXHIGHMIA-25JAN04-B70.5",
            "count": 200,
            "created_time": "2025-01-04T15:18:31.955645Z",
            "yes_price": 14,
            "no_price": 86,
            "taker_side": "yes"
        },
        {
            "trade_id": "b0057c87-419d-400a-b15e-8105a78a34a0",
            "ticker": "KXHIGHMIA-25JAN04-B70.5",
            "count": 300,
            "created_time": "2025-01-04T15:15:31.305128Z",
            "yes_price": 14,
            "no_price": 86,
            "taker_side": "yes"
        },
        {
            "trade_id": "bfb49f96-4140-4c83-a4fb-afb663a8d573",
            "ticker": "KXHIGHMIA-25JAN04-B70.5",
            "count": 292,
            "created_time": "2025-01-04T15:12:27.896721Z",
            "yes_price": 14,
            "no_price": 86,
            "taker_side": "yes"
        },
        {
            "trade_id": "95717b5b-41a0-49ef-8fa6-64062f4b7fd1",
            "ticker": "KXHIGHMIA-25JAN04-B70.5",
            "count": 8,
            "created_time": "2025-01-04T15:12:27.896721Z",
            "yes_price": 13,
            "no_price": 87,
            "taker_side": "yes"
        },
        {
            "trade_id": "f0271384-ace9-472d-94db-a336c54f3231",
            "ticker": "KXHIGHMIA-25JAN04-B70.5",
            "count": 100,
            "created_time": "2025-01-04T15:12:27.825229Z",
            "yes_price": 13,
            "no_price": 87,
            "taker_side": "yes"
        },
        {
            "trade_id": "83e13ed4-b600-4cc5-8417-a10ab098ae9e",
            "ticker": "KXHIGHMIA-25JAN04-B70.5",
            "count": 1,
            "created_time": "2025-01-04T15:07:10.517781Z",
            "yes_price": 13,
            "no_price": 87,
            "taker_side": "no"
        },
        {
            "trade_id": "e3e83dd0-6e75-492d-8b77-5860941dc464",
            "ticker": "KXHIGHMIA-25JAN04-B70.5",
            "count": 11,
            "created_time": "2025-01-04T15:07:00.429708Z",
            "yes_price": 13,
            "no_price": 87,
            "taker_side": "no"
        },
        {
            "trade_id": "13118b7e-f519-44ea-b3b0-fe580634764d",
            "ticker": "KXHIGHMIA-25JAN04-B70.5",
            "count": 42,
            "created_time": "2025-01-04T15:06:43.365728Z",
            "yes_price": 13,
            "no_price": 87,
            "taker_side": "yes"
        },
        {
            "trade_id": "19631118-7d49-4f86-bfaa-8049b6358700",
            "ticker": "KXHIGHMIA-25JAN04-B70.5",
            "count": 100,
            "created_time": "2025-01-04T15:06:43.27522Z",
            "yes_price": 13,
            "no_price": 87,
            "taker_side": "yes"
        },
        {
            "trade_id": "b8f25287-4c0a-4dd1-a564-26daba03207f",
            "ticker": "KXHIGHMIA-25JAN04-B70.5",
            "count": 74,
            "created_time": "2025-01-04T14:37:52.812855Z",
            "yes_price": 10,
            "no_price": 90,
            "taker_side": "no"
        },
        {
            "trade_id": "5d1e28c3-9f83-4395-8a24-b190c0151a2b",
            "ticker": "KXHIGHMIA-25JAN04-B70.5",
            "count": 100,
            "created_time": "2025-01-04T14:37:52.812855Z",
            "yes_price": 11,
            "no_price": 89,
            "taker_side": "no"
        },
        {
            "trade_id": "1e0401f0-4ee0-4949-a394-6bfe476944dc",
            "ticker": "KXHIGHMIA-25JAN04-B70.5",
            "count": 1598,
            "created_time": "2025-01-04T14:37:52.812855Z",
            "yes_price": 10,
            "no_price": 90,
            "taker_side": "no"
        },
        {
            "trade_id": "e9eebcf3-fad9-47c2-9720-99905307b8e3",
            "ticker": "KXHIGHMIA-25JAN04-B70.5",
            "count": 77,
            "created_time": "2025-01-04T14:37:37.215751Z",
            "yes_price": 12,
            "no_price": 88,
            "taker_side": "no"
        },
        {
            "trade_id": "662cb2cc-f019-49ba-8ca6-6168bb2c80af",
            "ticker": "KXHIGHMIA-25JAN04-B70.5",
            "count": 245,
            "created_time": "2025-01-04T14:37:37.215751Z",
            "yes_price": 12,
            "no_price": 88,
            "taker_side": "no"
        },
        {
            "trade_id": "2df645ec-71da-472e-aa9f-7a98ca93327e",
            "ticker": "KXHIGHMIA-25JAN04-B70.5",
            "count": 100,
            "created_time": "2025-01-04T14:37:37.215751Z",
            "yes_price": 12,
            "no_price": 88,
            "taker_side": "no"
        },
        {
            "trade_id": "5942f2dc-3633-49b3-9682-606457b7aae3",
            "ticker": "KXHIGHMIA-25JAN04-B70.5",
            "count": 44,
            "created_time": "2025-01-04T14:37:30.930743Z",
            "yes_price": 13,
            "no_price": 87,
            "taker_side": "no"
        },
        {
            "trade_id": "b511a31e-4f36-4abc-b563-38361705ded1",
            "ticker": "KXHIGHMIA-25JAN04-B70.5",
            "count": 89,
            "created_time": "2025-01-04T14:37:22.466015Z",
            "yes_price": 14,
            "no_price": 86,
            "taker_side": "no"
        },
        {
            "trade_id": "4e400136-e375-4849-a0d2-42989c36ae5f",
            "ticker": "KXHIGHMIA-25JAN04-B70.5",
            "count": 100,
            "created_time": "2025-01-04T14:37:22.466015Z",
            "yes_price": 13,
            "no_price": 87,
            "taker_side": "no"
        },
        {
            "trade_id": "a7aeb4c0-6416-4c34-aaa3-fa7318b4e69d",
            "ticker": "KXHIGHMIA-25JAN04-B70.5",
            "count": 100,
            "created_time": "2025-01-04T14:33:16.115722Z",
            "yes_price": 15,
            "no_price": 85,
            "taker_side": "yes"
        },
        {
            "trade_id": "f7cd93e4-bf14-48df-8c69-0ba4e5eb30e4",
            "ticker": "KXHIGHMIA-25JAN04-B70.5",
            "count": 100,
            "created_time": "2025-01-04T14:27:56.969146Z",
            "yes_price": 15,
            "no_price": 85,
            "taker_side": "yes"
        },
        {
            "trade_id": "b2b06e17-39e2-44e6-8cb0-b4ce1e129a5a",
            "ticker": "KXHIGHMIA-25JAN04-B70.5",
            "count": 20,
            "created_time": "2025-01-04T14:27:56.969146Z",
            "yes_price": 15,
            "no_price": 85,
            "taker_side": "yes"
        },
        {
            "trade_id": "6e270772-cb2a-4428-b6a7-d2f85581a341",
            "ticker": "KXHIGHMIA-25JAN04-B70.5",
            "count": 100,
            "created_time": "2025-01-04T14:27:56.969146Z",
            "yes_price": 15,
            "no_price": 85,
            "taker_side": "yes"
        },
        {
            "trade_id": "b7376c56-4ca0-47a3-8dab-595c9538e481",
            "ticker": "KXHIGHMIA-25JAN04-B70.5",
            "count": 3,
            "created_time": "2025-01-04T14:13:08.86552Z",
            "yes_price": 14,
            "no_price": 86,
            "taker_side": "no"
        },
        {
            "trade_id": "40baccf8-0a91-478f-a17a-a2da7edc967b",
            "ticker": "KXHIGHMIA-25JAN04-B70.5",
            "count": 7,
            "created_time": "2025-01-04T14:12:54.683218Z",
            "yes_price": 14,
            "no_price": 86,
            "taker_side": "no"
        },
        {
            "trade_id": "3157672a-f0cd-439f-9c30-dd56c1a7487c",
            "ticker": "KXHIGHMIA-25JAN04-B70.5",
            "count": 1,
            "created_time": "2025-01-04T14:12:30.07294Z",
            "yes_price": 14,
            "no_price": 86,
            "taker_side": "no"
        },
        {
            "trade_id": "76172abf-d483-481c-a029-e23d4e0babbb",
            "ticker": "KXHIGHMIA-25JAN04-B70.5",
            "count": 87,
            "created_time": "2025-01-04T14:06:31.326268Z",
            "yes_price": 15,
            "no_price": 85,
            "taker_side": "no"
        },
        {
            "trade_id": "1e3de02e-7065-40a9-b40f-930407f458fc",
            "ticker": "KXHIGHMIA-25JAN04-B70.5",
            "count": 4,
            "created_time": "2025-01-04T14:02:59.40904Z",
            "yes_price": 15,
            "no_price": 85,
            "taker_side": "no"
        },
        {
            "trade_id": "55b276b9-a30d-4db5-bed2-de039961c2d9",
            "ticker": "KXHIGHMIA-25JAN04-B70.5",
            "count": 4,
            "created_time": "2025-01-04T14:02:44.65464Z",
            "yes_price": 15,
            "no_price": 85,
            "taker_side": "no"
        },
        {
            "trade_id": "65f5f140-3eb8-4046-adb6-0262d9794ee8",
            "ticker": "KXHIGHMIA-25JAN04-B70.5",
            "count": 5,
            "created_time": "2025-01-04T14:02:30.215738Z",
            "yes_price": 15,
            "no_price": 85,
            "taker_side": "no"
        },
        {
            "trade_id": "e508b3ea-e170-4c77-86e5-56df33940052",
            "ticker": "KXHIGHMIA-25JAN04-B70.5",
            "count": 29,
            "created_time": "2025-01-04T14:01:57.964528Z",
            "yes_price": 16,
            "no_price": 84,
            "taker_side": "yes"
        },
        {
            "trade_id": "98a2430c-1b75-4ca5-b2ae-43ec8f09643d",
            "ticker": "KXHIGHMIA-25JAN04-B70.5",
            "count": 1,
            "created_time": "2025-01-04T13:57:48.920697Z",
            "yes_price": 14,
            "no_price": 86,
            "taker_side": "no"
        },
        {
            "trade_id": "e2c3b703-dbdb-4bc8-8e01-92bcd212c2f1",
            "ticker": "KXHIGHMIA-25JAN04-B70.5",
            "count": 13,
            "created_time": "2025-01-04T13:57:28.957875Z",
            "yes_price": 16,
            "no_price": 84,
            "taker_side": "yes"
        },
        {
            "trade_id": "4b32202e-9f73-4cdd-9d5d-161513ff4dae",
            "ticker": "KXHIGHMIA-25JAN04-B70.5",
            "count": 20,
            "created_time": "2025-01-04T13:57:28.957875Z",
            "yes_price": 14,
            "no_price": 86,
            "taker_side": "yes"
        },
        {
            "trade_id": "e9aa5b82-1fe7-46ab-8c79-ed7d71f276cb",
            "ticker": "KXHIGHMIA-25JAN04-B70.5",
            "count": 300,
            "created_time": "2025-01-04T13:56:05.105602Z",
            "yes_price": 13,
            "no_price": 87,
            "taker_side": "yes"
        },
        {
            "trade_id": "79c0e811-b575-4ad0-852e-026ed1071009",
            "ticker": "KXHIGHMIA-25JAN04-B70.5",
            "count": 47,
            "created_time": "2025-01-04T13:56:05.105602Z",
            "yes_price": 12,
            "no_price": 88,
            "taker_side": "yes"
        },
        {
            "trade_id": "75490a38-d538-4547-aca6-ca95c0ced8b6",
            "ticker": "KXHIGHMIA-25JAN04-B70.5",
            "count": 53,
            "created_time": "2025-01-04T13:56:05.105602Z",
            "yes_price": 12,
            "no_price": 88,
            "taker_side": "yes"
        },
        {
            "trade_id": "1d2ea573-1091-4189-ba7f-d1f2474cca8d",
            "ticker": "KXHIGHMIA-25JAN04-B70.5",
            "count": 300,
            "created_time": "2025-01-04T13:56:05.105602Z",
            "yes_price": 14,
            "no_price": 86,
            "taker_side": "yes"
        },
        {
            "trade_id": "09e52728-9097-4500-ad42-83273fbd9612",
            "ticker": "KXHIGHMIA-25JAN04-B70.5",
            "count": 55,
            "created_time": "2025-01-04T13:56:05.105602Z",
            "yes_price": 12,
            "no_price": 88,
            "taker_side": "yes"
        },
        {
            "trade_id": "72f9426d-38a0-4ba0-9fea-d8a2d8d87f28",
            "ticker": "KXHIGHMIA-25JAN04-B70.5",
            "count": 21,
            "created_time": "2025-01-04T13:54:16.198238Z",
            "yes_price": 12,
            "no_price": 88,
            "taker_side": "yes"
        },
        {
            "trade_id": "4fa08432-ca22-41ed-84f9-02d4ee920b74",
            "ticker": "KXHIGHMIA-25JAN04-B70.5",
            "count": 26,
            "created_time": "2025-01-04T13:54:16.198238Z",
            "yes_price": 12,
            "no_price": 88,
            "taker_side": "yes"
        },
        {
            "trade_id": "97607de1-eb18-4603-abc7-74f64eaf7129",
            "ticker": "KXHIGHMIA-25JAN04-B70.5",
            "count": 5,
            "created_time": "2025-01-04T13:49:57.106392Z",
            "yes_price": 11,
            "no_price": 89,
            "taker_side": "no"
        },
        {
            "trade_id": "129a08fd-8a1b-4dc4-8a9e-cc7bcd14a09a",
            "ticker": "KXHIGHMIA-25JAN04-B70.5",
            "count": 3,
            "created_time": "2025-01-04T13:49:05.853937Z",
            "yes_price": 11,
            "no_price": 89,
            "taker_side": "no"
        },
        {
            "trade_id": "cc5ae355-7aa9-4d2f-8f3a-c28aa4929b4c",
            "ticker": "KXHIGHMIA-25JAN04-B70.5",
            "count": 48,
            "created_time": "2025-01-04T13:48:45.755481Z",
            "yes_price": 12,
            "no_price": 88,
            "taker_side": "yes"
        },
        {
            "trade_id": "872dffef-9f4c-43fd-8ed8-839eed22b05f",
            "ticker": "KXHIGHMIA-25JAN04-B70.5",
            "count": 30,
            "created_time": "2025-01-04T13:48:45.755481Z",
            "yes_price": 12,
            "no_price": 88,
            "taker_side": "yes"
        },
        {
            "trade_id": "386d42f7-8ef7-43bf-aeda-35bf6022d5ec",
            "ticker": "KXHIGHMIA-25JAN04-B70.5",
            "count": 101,
            "created_time": "2025-01-04T13:46:12.363741Z",
            "yes_price": 12,
            "no_price": 88,
            "taker_side": "yes"
        },
        {
            "trade_id": "286859af-db17-4733-8f6c-a8a638a7b57e",
            "ticker": "KXHIGHMIA-25JAN04-B70.5",
            "count": 85,
            "created_time": "2025-01-04T13:45:46.530639Z",
            "yes_price": 11,
            "no_price": 89,
            "taker_side": "yes"
        },
        {
            "trade_id": "afbbb7d5-ec49-4a0e-a706-12d40075c442",
            "ticker": "KXHIGHMIA-25JAN04-B70.5",
            "count": 81,
            "created_time": "2025-01-04T13:42:49.877774Z",
            "yes_price": 11,
            "no_price": 89,
            "taker_side": "no"
        },
        {
            "trade_id": "f72a17a3-14f4-4c47-9a6d-db9cac72e311",
            "ticker": "KXHIGHMIA-25JAN04-B70.5",
            "count": 1,
            "created_time": "2025-01-04T13:42:45.378236Z",
            "yes_price": 11,
            "no_price": 89,
            "taker_side": "no"
        },
        {
            "trade_id": "9d09b7d9-23d0-40d2-acfd-a0af66fda122",
            "ticker": "KXHIGHMIA-25JAN04-B70.5",
            "count": 200,
            "created_time": "2025-01-04T13:42:27.01494Z",
            "yes_price": 11,
            "no_price": 89,
            "taker_side": "no"
        },
        {
            "trade_id": "f2ea95fe-18b3-4f72-8122-ac3eb41e53eb",
            "ticker": "KXHIGHMIA-25JAN04-B70.5",
            "count": 1,
            "created_time": "2025-01-04T13:42:04.917252Z",
            "yes_price": 11,
            "no_price": 89,
            "taker_side": "no"
        },
        {
            "trade_id": "6c9536dc-a58d-484b-8b10-9c6f35cf6f14",
            "ticker": "KXHIGHMIA-25JAN04-B70.5",
            "count": 2,
            "created_time": "2025-01-04T13:33:39.547682Z",
            "yes_price": 11,
            "no_price": 89,
            "taker_side": "no"
        },
        {
            "trade_id": "2034e39e-4ac9-4a3c-96f6-34aee1cedb23",
            "ticker": "KXHIGHMIA-25JAN04-B70.5",
            "count": 4,
            "created_time": "2025-01-04T13:17:42.781338Z",
            "yes_price": 11,
            "no_price": 89,
            "taker_side": "no"
        },
        {
            "trade_id": "f9df5d18-f6cc-497a-b397-7c7a53d98284",
            "ticker": "KXHIGHMIA-25JAN04-B70.5",
            "count": 44,
            "created_time": "2025-01-04T13:14:44.316426Z",
            "yes_price": 12,
            "no_price": 88,
            "taker_side": "yes"
        },
        {
            "trade_id": "0b1e670c-2aef-4713-8d48-7f9aa30e37e0",
            "ticker": "KXHIGHMIA-25JAN04-B70.5",
            "count": 7,
            "created_time": "2025-01-04T13:11:27.54578Z",
            "yes_price": 12,
            "no_price": 88,
            "taker_side": "yes"
        },
        {
            "trade_id": "105ae89c-94b2-4698-81cd-f8d15cc418c2",
            "ticker": "KXHIGHMIA-25JAN04-B70.5",
            "count": 10,
            "created_time": "2025-01-04T13:07:13.281898Z",
            "yes_price": 11,
            "no_price": 89,
            "taker_side": "no"
        },
        {
            "trade_id": "f46afa0f-1f61-4ec1-8a73-22e983ee9b03",
            "ticker": "KXHIGHMIA-25JAN04-B70.5",
            "count": 1,
            "created_time": "2025-01-04T13:06:33.315345Z",
            "yes_price": 11,
            "no_price": 89,
            "taker_side": "no"
        },
        {
            "trade_id": "8ebf17a8-f253-4a07-9828-c0de86a6df00",
            "ticker": "KXHIGHMIA-25JAN04-B70.5",
            "count": 300,
            "created_time": "2025-01-04T13:06:24.944843Z",
            "yes_price": 11,
            "no_price": 89,
            "taker_side": "no"
        },
        {
            "trade_id": "59dc91aa-b49d-45f4-bf0e-1bc6b3abac37",
            "ticker": "KXHIGHMIA-25JAN04-B70.5",
            "count": 300,
            "created_time": "2025-01-04T13:06:24.887715Z",
            "yes_price": 11,
            "no_price": 89,
            "taker_side": "no"
        },
        {
            "trade_id": "f5ce7e72-bd57-419c-8eb7-e96598cbd4fc",
            "ticker": "KXHIGHMIA-25JAN04-B70.5",
            "count": 100,
            "created_time": "2025-01-04T13:06:24.81464Z",
            "yes_price": 11,
            "no_price": 89,
            "taker_side": "no"
        },
        {
            "trade_id": "b5c70e56-3a57-4b3c-b91e-19d693a5275d",
            "ticker": "KXHIGHMIA-25JAN04-B70.5",
            "count": 9,
            "created_time": "2025-01-04T13:00:44.962444Z",
            "yes_price": 11,
            "no_price": 89,
            "taker_side": "yes"
        },
        {
            "trade_id": "d2f2c91c-d716-4823-9b2e-65c8d808702c",
            "ticker": "KXHIGHMIA-25JAN04-B70.5",
            "count": 40,
            "created_time": "2025-01-04T13:00:41.178448Z",
            "yes_price": 10,
            "no_price": 90,
            "taker_side": "no"
        },
        {
            "trade_id": "b1b4f874-17da-4bb5-ad30-295d541bbf39",
            "ticker": "KXHIGHMIA-25JAN04-B70.5",
            "count": 3,
            "created_time": "2025-01-04T13:00:41.09403Z",
            "yes_price": 10,
            "no_price": 90,
            "taker_side": "no"
        },
        {
            "trade_id": "c7186965-573b-4b76-b360-8945a32e2986",
            "ticker": "KXHIGHMIA-25JAN04-B70.5",
            "count": 206,
            "created_time": "2025-01-04T13:00:41.093347Z",
            "yes_price": 10,
            "no_price": 90,
            "taker_side": "no"
        },
        {
            "trade_id": "abd2497f-22af-41cc-808a-939e29200a3b",
            "ticker": "KXHIGHMIA-25JAN04-B70.5",
            "count": 97,
            "created_time": "2025-01-04T13:00:40.880959Z",
            "yes_price": 10,
            "no_price": 90,
            "taker_side": "no"
        },
        {
            "trade_id": "fd1add64-1e93-4160-9c11-da3e9f97c90e",
            "ticker": "KXHIGHMIA-25JAN04-B70.5",
            "count": 300,
            "created_time": "2025-01-04T13:00:40.386821Z",
            "yes_price": 10,
            "no_price": 90,
            "taker_side": "no"
        },
        {
            "trade_id": "b2168bc6-869d-471f-b21d-0dd179f60345",
            "ticker": "KXHIGHMIA-25JAN04-B70.5",
            "count": 174,
            "created_time": "2025-01-04T13:00:26.492422Z",
            "yes_price": 10,
            "no_price": 90,
            "taker_side": "no"
        },
        {
            "trade_id": "f5d4beeb-0ee8-4e5f-954b-6b5f3d1ca7f7",
            "ticker": "KXHIGHMIA-25JAN04-B70.5",
            "count": 174,
            "created_time": "2025-01-04T13:00:26.419609Z",
            "yes_price": 10,
            "no_price": 90,
            "taker_side": "no"
        },
        {
            "trade_id": "62d70315-331e-4e89-83d7-65f7de4c91d2",
            "ticker": "KXHIGHMIA-25JAN04-B70.5",
            "count": 300,
            "created_time": "2025-01-04T13:00:25.946019Z",
            "yes_price": 10,
            "no_price": 90,
            "taker_side": "no"
        },
        {
            "trade_id": "5ecf8638-a23e-446c-9b9e-5c7591643e5c",
            "ticker": "KXHIGHMIA-25JAN04-B70.5",
            "count": 200,
            "created_time": "2025-01-04T13:00:25.887646Z",
            "yes_price": 11,
            "no_price": 89,
            "taker_side": "no"
        },
        {
            "trade_id": "355289c1-160b-4089-8fcf-b26e1711d1d1",
            "ticker": "KXHIGHMIA-25JAN04-B70.5",
            "count": 100,
            "created_time": "2025-01-04T13:00:25.887646Z",
            "yes_price": 10,
            "no_price": 90,
            "taker_side": "no"
        },
        {
            "trade_id": "18353fc8-d713-4218-9192-2c55acb79c45",
            "ticker": "KXHIGHMIA-25JAN04-B70.5",
            "count": 300,
            "created_time": "2025-01-04T13:00:25.815429Z",
            "yes_price": 11,
            "no_price": 89,
            "taker_side": "no"
        },
        {
            "trade_id": "2c87220f-9a2a-4997-ac6f-9ec2b7f7da89",
            "ticker": "KXHIGHMIA-25JAN04-B70.5",
            "count": 5,
            "created_time": "2025-01-04T07:59:25.424938Z",
            "yes_price": 10,
            "no_price": 90,
            "taker_side": "no"
        },
        {
            "trade_id": "7003e225-22d6-4030-9d86-b41f6da8c2f0",
            "ticker": "KXHIGHMIA-25JAN04-B70.5",
            "count": 75,
            "created_time": "2025-01-04T07:50:34.750333Z",
            "yes_price": 11,
            "no_price": 89,
            "taker_side": "no"
        },
        {
            "trade_id": "11ef76ed-702e-4c9a-affe-a516e723387a",
            "ticker": "KXHIGHMIA-25JAN04-B70.5",
            "count": 3,
            "created_time": "2025-01-04T07:50:34.750333Z",
            "yes_price": 10,
            "no_price": 90,
            "taker_side": "no"
        },
        {
            "trade_id": "937d885e-94b2-43fd-97e6-509701569dc8",
            "ticker": "KXHIGHMIA-25JAN04-B70.5",
            "count": 5,
            "created_time": "2025-01-04T07:34:14.556634Z",
            "yes_price": 11,
            "no_price": 89,
            "taker_side": "no"
        },
        {
            "trade_id": "f2c07a99-8cf9-4be9-9d83-964092771deb",
            "ticker": "KXHIGHMIA-25JAN04-B70.5",
            "count": 57,
            "created_time": "2025-01-04T06:48:24.365335Z",
            "yes_price": 15,
            "no_price": 85,
            "taker_side": "no"
        },
        {
            "trade_id": "42b00f5f-3cdc-46d3-841f-168f19fd4b40",
            "ticker": "KXHIGHMIA-25JAN04-B70.5",
            "count": 2,
            "created_time": "2025-01-04T06:43:06.206226Z",
            "yes_price": 16,
            "no_price": 84,
            "taker_side": "no"
        },
        {
            "trade_id": "77e07d25-be9b-42b9-be2d-753bf3e17f72",
            "ticker": "KXHIGHMIA-25JAN04-B70.5",
            "count": 3,
            "created_time": "2025-01-04T06:42:58.573616Z",
            "yes_price": 16,
            "no_price": 84,
            "taker_side": "no"
        },
        {
            "trade_id": "73803525-a59c-42de-b88a-3a66d389fdba",
            "ticker": "KXHIGHMIA-25JAN04-B70.5",
            "count": 1,
            "created_time": "2025-01-04T06:20:07.544203Z",
            "yes_price": 19,
            "no_price": 81,
            "taker_side": "no"
        },
        {
            "trade_id": "6ba4c463-de71-4ce9-a3dc-f8137f1912c2",
            "ticker": "KXHIGHMIA-25JAN04-B70.5",
            "count": 100,
            "created_time": "2025-01-04T06:08:17.032577Z",
            "yes_price": 24,
            "no_price": 76,
            "taker_side": "yes"
        },
        {
            "trade_id": "41796c96-2b51-4a6c-85d1-f49a0fb49ab4",
            "ticker": "KXHIGHMIA-25JAN04-B70.5",
            "count": 52,
            "created_time": "2025-01-04T06:08:17.032577Z",
            "yes_price": 25,
            "no_price": 75,
            "taker_side": "yes"
        },
        {
            "trade_id": "e51b2cf1-4415-4af6-abe5-2e1fbd46277f",
            "ticker": "KXHIGHMIA-25JAN04-B70.5",
            "count": 1,
            "created_time": "2025-01-04T06:04:55.990011Z",
            "yes_price": 18,
            "no_price": 82,
            "taker_side": "no"
        },
        {
            "trade_id": "7fd679f4-e028-47eb-b7d3-1f1050bb0759",
            "ticker": "KXHIGHMIA-25JAN04-B70.5",
            "count": 1,
            "created_time": "2025-01-04T05:49:44.728166Z",
            "yes_price": 24,
            "no_price": 76,
            "taker_side": "no"
        },
        {
            "trade_id": "a0498759-ab91-4353-b29c-ade8fae71f4d",
            "ticker": "KXHIGHMIA-25JAN04-B70.5",
            "count": 1,
            "created_time": "2025-01-04T05:34:34.751546Z",
            "yes_price": 24,
            "no_price": 76,
            "taker_side": "no"
        },
        {
            "trade_id": "beeea76e-9db9-4c68-800d-1d17e8c049de",
            "ticker": "KXHIGHMIA-25JAN04-B70.5",
            "count": 1,
            "created_time": "2025-01-04T05:19:24.824321Z",
            "yes_price": 24,
            "no_price": 76,
            "taker_side": "no"
        },
        {
