{
    "KXHIGHMIA-25JAN25-T64": [
        {
            "trade_id": "1342f570-f6e0-48aa-b5d5-877cf55843ea",
            "ticker": "KXHIGHMIA-25JAN25-T64",
            "count": 93,
            "created_time": "2025-01-26T04:55:11.860545Z",
            "yes_price": 1,
            "no_price": 99,
            "taker_side": "yes"
        },
        {
            "trade_id": "530bcc53-7a68-4ca1-93ec-cff08c9c6d3c",
            "ticker": "KXHIGHMIA-25JAN25-T64",
            "count": 85,
            "created_time": "2025-01-26T02:11:51.799664Z",
            "yes_price": 1,
            "no_price": 99,
            "taker_side": "yes"
        },
        {
            "trade_id": "15838062-2a61-412e-8429-eb8514dce691",
            "ticker": "KXHIGHMIA-25JAN25-T64",
            "count": 850,
            "created_time": "2025-01-26T02:11:51.799664Z",
            "yes_price": 1,
            "no_price": 99,
            "taker_side": "yes"
        },
        {
            "trade_id": "61da66eb-686e-4b99-876c-01e484d373a0",
            "ticker": "KXHIGHMIA-25JAN25-T64",
            "count": 280,
            "created_time": "2025-01-25T23:49:54.070464Z",
            "yes_price": 1,
            "no_price": 99,
            "taker_side": "yes"
        },
        {
            "trade_id": "e6087bf7-2246-40d1-9550-08e044ad57e3",
            "ticker": "KXHIGHMIA-25JAN25-T64",
            "count": 70,
            "created_time": "2025-01-25T16:32:47.03449Z",
            "yes_price": 1,
            "no_price": 99,
            "taker_side": "yes"
        },
        {
            "trade_id": "cf7f3305-8d74-4a78-b15e-3db82778488b",
            "ticker": "KXHIGHMIA-25JAN25-T64",
            "count": 30,
            "created_time": "2025-01-25T16:32:47.03449Z",
            "yes_price": 1,
            "no_price": 99,
            "taker_side": "yes"
        },
        {
            "trade_id": "4e32ce2b-bb32-4228-8b9e-d6df8116e3f4",
            "ticker": "KXHIGHMIA-25JAN25-T64",
            "count": 70,
            "created_time": "2025-01-25T16:01:43.497997Z",
            "yes_price": 1,
            "no_price": 99,
            "taker_side": "yes"
        },
        {
            "trade_id": "fd79a649-19e7-43b7-a353-fb5b45121201",
            "ticker": "KXHIGHMIA-25JAN25-T64",
            "count": 25,
            "created_time": "2025-01-25T13:03:12.084063Z",
            "yes_price": 2,
            "no_price": 98,
            "taker_side": "yes"
        },
        {
            "trade_id": "6e2e4aff-6154-40be-bf31-fc99a040c128",
            "ticker": "KXHIGHMIA-25JAN25-T64",
            "count": 65,
            "created_time": "2025-01-25T13:03:12.084063Z",
            "yes_price": 4,
            "no_price": 96,
            "taker_side": "yes"
        },
        {
            "trade_id": "44141acd-a26c-455e-b7e5-6291a1b6cec4",
            "ticker": "KXHIGHMIA-25JAN25-T64",
            "count": 50,
            "created_time": "2025-01-25T13:03:12.084063Z",
            "yes_price": 3,
            "no_price": 97,
            "taker_side": "yes"
        },
        {
            "trade_id": "3abe0eab-9660-4108-9e6b-4c8213ec4ee7",
            "ticker": "KXHIGHMIA-25JAN25-T64",
            "count": 1,
            "created_time": "2025-01-25T13:03:12.084063Z",
            "yes_price": 2,
            "no_price": 98,
            "taker_side": "yes"
        },
        {
            "trade_id": "1cefe896-a466-4d0c-aee0-d824496baddf",
            "ticker": "KXHIGHMIA-25JAN25-T64",
            "count": 1,
            "created_time": "2025-01-25T13:03:12.084063Z",
            "yes_price": 2,
            "no_price": 98,
            "taker_side": "yes"
        },
        {
            "trade_id": "f155530c-0c68-4bac-9372-6ffbaeb9d4d7",
            "ticker": "KXHIGHMIA-25JAN25-T64",
            "count": 192,
            "created_time": "2025-01-25T07:11:42.079145Z",
            "yes_price": 1,
            "no_price": 99,
            "taker_side": "no"
        },
        {
            "trade_id": "942cef55-4722-4dea-99dd-5db58d1981db",
            "ticker": "KXHIGHMIA-25JAN25-T64",
            "count": 108,
            "created_time": "2025-01-25T05:28:24.407024Z",
            "yes_price": 1,
            "no_price": 99,
            "taker_side": "no"
        },
        {
            "trade_id": "f5208e02-41e3-4c99-843c-912d39a3a2c8",
            "ticker": "KXHIGHMIA-25JAN25-T64",
            "count": 8,
            "created_time": "2025-01-24T23:59:28.358009Z",
            "yes_price": 7,
            "no_price": 93,
            "taker_side": "yes"
        },
        {
            "trade_id": "c9744c8d-7830-4a0e-9a1b-1604bc56b6f3",
            "ticker": "KXHIGHMIA-25JAN25-T64",
            "count": 80,
            "created_time": "2025-01-24T23:59:28.358009Z",
            "yes_price": 5,
            "no_price": 95,
            "taker_side": "yes"
        },
        {
            "trade_id": "b6accae3-9a64-494e-b0f4-9138a64d87f2",
            "ticker": "KXHIGHMIA-25JAN25-T64",
            "count": 1,
            "created_time": "2025-01-24T23:59:28.358009Z",
            "yes_price": 5,
            "no_price": 95,
            "taker_side": "yes"
        }
    ],
    "KXHIGHMIA-25JAN25-B64.5": [
        {
            "trade_id": "d2ba138f-a2d6-4a80-a3e9-92427b21305e",
            "ticker": "KXHIGHMIA-25JAN25-B64.5",
            "count": 102,
            "created_time": "2025-01-26T04:55:22.307335Z",
            "yes_price": 1,
            "no_price": 99,
            "taker_side": "yes"
        },
        {
            "trade_id": "e5997ae3-03bb-4e0a-9019-42a4cfcec19d",
            "ticker": "KXHIGHMIA-25JAN25-B64.5",
            "count": 250,
            "created_time": "2025-01-25T20:05:57.074229Z",
            "yes_price": 1,
            "no_price": 99,
            "taker_side": "yes"
        },
        {
            "trade_id": "08d28ee0-8d2d-44dd-97f4-4529178386ba",
            "ticker": "KXHIGHMIA-25JAN25-B64.5",
            "count": 100,
            "created_time": "2025-01-25T20:05:57.074229Z",
            "yes_price": 1,
            "no_price": 99,
            "taker_side": "yes"
        },
        {
            "trade_id": "e9c7cc24-ab25-4301-909d-901baac5de10",
            "ticker": "KXHIGHMIA-25JAN25-B64.5",
            "count": 274,
            "created_time": "2025-01-25T13:20:03.840811Z",
            "yes_price": 1,
            "no_price": 99,
            "taker_side": "no"
        },
        {
            "trade_id": "9222edfb-13fa-4905-a804-e49dec45f5b9",
            "ticker": "KXHIGHMIA-25JAN25-B64.5",
            "count": 25,
            "created_time": "2025-01-25T13:06:58.385862Z",
            "yes_price": 1,
            "no_price": 99,
            "taker_side": "no"
        },
        {
            "trade_id": "2cc616bd-b1d9-44d0-915d-47600dca158e",
            "ticker": "KXHIGHMIA-25JAN25-B64.5",
            "count": 1,
            "created_time": "2025-01-25T07:09:41.480335Z",
            "yes_price": 1,
            "no_price": 99,
            "taker_side": "no"
        },
        {
            "trade_id": "f5057ff2-db3c-4cbf-8057-6a8a4d54ab56",
            "ticker": "KXHIGHMIA-25JAN25-B64.5",
            "count": 2,
            "created_time": "2025-01-24T22:31:32.206808Z",
            "yes_price": 2,
            "no_price": 98,
            "taker_side": "yes"
        },
        {
            "trade_id": "be44a514-b0e1-4bad-99d8-0d5042d2c55a",
            "ticker": "KXHIGHMIA-25JAN25-B64.5",
            "count": 4,
            "created_time": "2025-01-24T22:31:32.206808Z",
            "yes_price": 10,
            "no_price": 90,
            "taker_side": "yes"
        },
        {
            "trade_id": "9f85116c-9d36-4c0e-aeee-221e10c7d50b",
            "ticker": "KXHIGHMIA-25JAN25-B64.5",
            "count": 8,
            "created_time": "2025-01-24T22:31:32.206808Z",
            "yes_price": 9,
            "no_price": 91,
            "taker_side": "yes"
        },
        {
            "trade_id": "80aa3e21-50cb-4c48-b3f0-8ee0012e876e",
            "ticker": "KXHIGHMIA-25JAN25-B64.5",
            "count": 7,
            "created_time": "2025-01-24T22:31:32.206808Z",
            "yes_price": 9,
            "no_price": 91,
            "taker_side": "yes"
        },
        {
            "trade_id": "25430716-1425-4dc4-993e-e1e605125065",
            "ticker": "KXHIGHMIA-25JAN25-B64.5",
            "count": 31,
            "created_time": "2025-01-24T22:31:32.206808Z",
            "yes_price": 9,
            "no_price": 91,
            "taker_side": "yes"
        },
        {
            "trade_id": "91c22d96-9ff3-4707-bd1d-0466048b0912",
            "ticker": "KXHIGHMIA-25JAN25-B64.5",
            "count": 47,
            "created_time": "2025-01-24T21:44:33.541419Z",
            "yes_price": 1,
            "no_price": 99,
            "taker_side": "no"
        },
        {
            "trade_id": "cba35f2d-e19b-4824-95b7-a581b2e070d7",
            "ticker": "KXHIGHMIA-25JAN25-B64.5",
            "count": 50,
            "created_time": "2025-01-24T17:40:52.607366Z",
            "yes_price": 2,
            "no_price": 98,
            "taker_side": "no"
        },
        {
            "trade_id": "b8b31d40-9015-4274-a383-ab067941712f",
            "ticker": "KXHIGHMIA-25JAN25-B64.5",
            "count": 4,
            "created_time": "2025-01-24T16:49:52.294131Z",
            "yes_price": 10,
            "no_price": 90,
            "taker_side": "yes"
        },
        {
            "trade_id": "e724b4e3-1263-4c89-a1b4-0c31e581151b",
            "ticker": "KXHIGHMIA-25JAN25-B64.5",
            "count": 180,
            "created_time": "2025-01-24T16:46:14.901117Z",
            "yes_price": 10,
            "no_price": 90,
            "taker_side": "yes"
        },
        {
            "trade_id": "e22eda2b-e3e4-4a26-8fa5-c8628daaf1c5",
            "ticker": "KXHIGHMIA-25JAN25-B64.5",
            "count": 55,
            "created_time": "2025-01-24T16:46:14.901117Z",
            "yes_price": 6,
            "no_price": 94,
            "taker_side": "yes"
        },
        {
            "trade_id": "c1402804-7190-449e-a4c1-280f6ac13393",
            "ticker": "KXHIGHMIA-25JAN25-B64.5",
            "count": 24,
            "created_time": "2025-01-24T16:46:14.901117Z",
            "yes_price": 24,
            "no_price": 76,
            "taker_side": "yes"
        },
        {
            "trade_id": "a3b0dc82-9734-4b0f-b236-3900755315af",
            "ticker": "KXHIGHMIA-25JAN25-B64.5",
            "count": 4,
            "created_time": "2025-01-24T16:46:14.901117Z",
            "yes_price": 46,
            "no_price": 54,
            "taker_side": "yes"
        },
        {
            "trade_id": "916ca27c-3bbb-4c0f-ad8f-179a4d529548",
            "ticker": "KXHIGHMIA-25JAN25-B64.5",
            "count": 13,
            "created_time": "2025-01-24T16:46:14.901117Z",
            "yes_price": 12,
            "no_price": 88,
            "taker_side": "yes"
        },
        {
            "trade_id": "763e470f-b29f-41ef-bcd1-ef773ef65f00",
            "ticker": "KXHIGHMIA-25JAN25-B64.5",
            "count": 9,
            "created_time": "2025-01-24T16:46:14.901117Z",
            "yes_price": 14,
            "no_price": 86,
            "taker_side": "yes"
        },
        {
            "trade_id": "6ccb174b-0c4c-4701-9321-fbb703b8cba7",
            "ticker": "KXHIGHMIA-25JAN25-B64.5",
            "count": 180,
            "created_time": "2025-01-24T16:46:14.901117Z",
            "yes_price": 8,
            "no_price": 92,
            "taker_side": "yes"
        },
        {
            "trade_id": "7baab4fd-efc8-4d88-bd30-3898aa5c8947",
            "ticker": "KXHIGHMIA-25JAN25-B64.5",
            "count": 12,
            "created_time": "2025-01-24T15:20:57.351185Z",
            "yes_price": 7,
            "no_price": 93,
            "taker_side": "yes"
        },
        {
            "trade_id": "f512b1ae-0b22-46b8-978b-1c4fdee24694",
            "ticker": "KXHIGHMIA-25JAN25-B64.5",
            "count": 88,
            "created_time": "2025-01-24T15:20:44.459887Z",
            "yes_price": 6,
            "no_price": 94,
            "taker_side": "yes"
        },
        {
            "trade_id": "26e4fab9-d0a0-4ea2-9329-bd2e49e941c0",
            "ticker": "KXHIGHMIA-25JAN25-B64.5",
            "count": 1,
            "created_time": "2025-01-24T15:20:44.459887Z",
            "yes_price": 6,
            "no_price": 94,
            "taker_side": "yes"
        },
        {
            "trade_id": "fcbc9443-c4d5-4664-8796-038e2ccfcad4",
            "ticker": "KXHIGHMIA-25JAN25-B64.5",
            "count": 1,
            "created_time": "2025-01-24T15:20:08.277987Z",
            "yes_price": 5,
            "no_price": 95,
            "taker_side": "yes"
        },
        {
            "trade_id": "8577bad7-a8ef-48a5-b34e-17175f8337c4",
            "ticker": "KXHIGHMIA-25JAN25-B64.5",
            "count": 80,
            "created_time": "2025-01-24T15:20:08.277987Z",
            "yes_price": 5,
            "no_price": 95,
            "taker_side": "yes"
        },
        {
            "trade_id": "0ac62f7d-17e7-4678-b408-2ff1058050e3",
            "ticker": "KXHIGHMIA-25JAN25-B64.5",
            "count": 9,
            "created_time": "2025-01-24T15:16:20.501721Z",
            "yes_price": 12,
            "no_price": 88,
            "taker_side": "yes"
        },
        {
            "trade_id": "de2f2726-4d6c-4c81-a8dc-6b1e936d77d4",
            "ticker": "KXHIGHMIA-25JAN25-B64.5",
            "count": 9,
            "created_time": "2025-01-24T15:06:40.210286Z",
            "yes_price": 10,
            "no_price": 90,
            "taker_side": "yes"
        }
    ],
    "KXHIGHMIA-25JAN25-B66.5": [
        {
            "trade_id": "c84c7f93-c268-4192-9834-10350c390b8e",
            "ticker": "KXHIGHMIA-25JAN25-B66.5",
            "count": 121,
            "created_time": "2025-01-26T04:55:35.168011Z",
            "yes_price": 1,
            "no_price": 99,
            "taker_side": "yes"
        },
        {
            "trade_id": "9d294174-f2f1-45e6-9662-3772da5dce2b",
            "ticker": "KXHIGHMIA-25JAN25-B66.5",
            "count": 100,
            "created_time": "2025-01-25T16:02:49.731926Z",
            "yes_price": 1,
            "no_price": 99,
            "taker_side": "yes"
        },
        {
            "trade_id": "e747b139-6870-4f0f-af28-a927c20e5abf",
            "ticker": "KXHIGHMIA-25JAN25-B66.5",
            "count": 1,
            "created_time": "2025-01-25T15:45:58.589445Z",
            "yes_price": 3,
            "no_price": 97,
            "taker_side": "yes"
        },
        {
            "trade_id": "c17bb9cd-381c-4290-8cc3-95f5909e3b4d",
            "ticker": "KXHIGHMIA-25JAN25-B66.5",
            "count": 1,
            "created_time": "2025-01-25T15:45:58.589445Z",
            "yes_price": 4,
            "no_price": 96,
            "taker_side": "yes"
        },
        {
            "trade_id": "9e75b5cb-9d1c-4ab7-ac33-1abf4c04aafd",
            "ticker": "KXHIGHMIA-25JAN25-B66.5",
            "count": 1,
            "created_time": "2025-01-25T15:45:58.589445Z",
            "yes_price": 2,
            "no_price": 98,
            "taker_side": "yes"
        },
        {
            "trade_id": "61d174c3-8476-4f8f-971d-fdd7d9c68954",
            "ticker": "KXHIGHMIA-25JAN25-B66.5",
            "count": 105,
            "created_time": "2025-01-25T15:45:58.589445Z",
            "yes_price": 4,
            "no_price": 96,
            "taker_side": "yes"
        },
        {
            "trade_id": "1cc04aac-0731-4eb8-8383-8c2d7920708e",
            "ticker": "KXHIGHMIA-25JAN25-B66.5",
            "count": 17,
            "created_time": "2025-01-25T15:45:58.589445Z",
            "yes_price": 2,
            "no_price": 98,
            "taker_side": "yes"
        },
        {
            "trade_id": "bf9170df-e747-4df4-b1bb-f9394950ac3a",
            "ticker": "KXHIGHMIA-25JAN25-B66.5",
            "count": 300,
            "created_time": "2025-01-25T13:25:05.527159Z",
            "yes_price": 1,
            "no_price": 99,
            "taker_side": "no"
        },
        {
            "trade_id": "2a9e97fd-1ef2-4618-85ae-c792dac6c572",
            "ticker": "KXHIGHMIA-25JAN25-B66.5",
            "count": 10,
            "created_time": "2025-01-25T01:42:33.294347Z",
            "yes_price": 1,
            "no_price": 99,
            "taker_side": "no"
        },
        {
            "trade_id": "0ffb26a4-255d-445c-b4bc-cc0dbf40e1b0",
            "ticker": "KXHIGHMIA-25JAN25-B66.5",
            "count": 1,
            "created_time": "2025-01-24T23:43:27.999087Z",
            "yes_price": 5,
            "no_price": 95,
            "taker_side": "yes"
        },
        {
            "trade_id": "e3aebac3-02b0-466c-ad98-21daa502af70",
            "ticker": "KXHIGHMIA-25JAN25-B66.5",
            "count": 1,
            "created_time": "2025-01-24T22:31:19.339341Z",
            "yes_price": 5,
            "no_price": 95,
            "taker_side": "yes"
        },
        {
            "trade_id": "c05f66d6-eefb-4cd3-a4b6-5e1469e6ecfd",
            "ticker": "KXHIGHMIA-25JAN25-B66.5",
            "count": 3,
            "created_time": "2025-01-24T22:31:19.339341Z",
            "yes_price": 5,
            "no_price": 95,
            "taker_side": "yes"
        },
        {
            "trade_id": "6ce38bbd-081f-47e9-aa51-b76e1f4021a9",
            "ticker": "KXHIGHMIA-25JAN25-B66.5",
            "count": 16,
            "created_time": "2025-01-24T22:31:19.339341Z",
            "yes_price": 7,
            "no_price": 93,
            "taker_side": "yes"
        },
        {
            "trade_id": "472d4906-36ba-465a-a323-db9269eea891",
            "ticker": "KXHIGHMIA-25JAN25-B66.5",
            "count": 38,
            "created_time": "2025-01-24T22:31:19.339341Z",
            "yes_price": 5,
            "no_price": 95,
            "taker_side": "yes"
        },
        {
            "trade_id": "084b7b4a-03b6-4ed7-b32e-571705dce972",
            "ticker": "KXHIGHMIA-25JAN25-B66.5",
            "count": 20,
            "created_time": "2025-01-24T22:31:19.339341Z",
            "yes_price": 7,
            "no_price": 93,
            "taker_side": "yes"
        },
        {
            "trade_id": "e5102dba-e968-4439-ae48-1aaf57eb79fd",
            "ticker": "KXHIGHMIA-25JAN25-B66.5",
            "count": 1,
            "created_time": "2025-01-24T18:06:51.057096Z",
            "yes_price": 6,
            "no_price": 94,
            "taker_side": "yes"
        },
        {
            "trade_id": "8ef747c9-fa00-4d95-a58b-3cebfa2a6faf",
            "ticker": "KXHIGHMIA-25JAN25-B66.5",
            "count": 1,
            "created_time": "2025-01-24T17:30:27.864549Z",
            "yes_price": 6,
            "no_price": 94,
            "taker_side": "yes"
        },
        {
            "trade_id": "d8197287-736b-4be5-9ac2-d982320929ad",
            "ticker": "KXHIGHMIA-25JAN25-B66.5",
            "count": 141,
            "created_time": "2025-01-24T15:20:20.014659Z",
            "yes_price": 7,
            "no_price": 93,
            "taker_side": "yes"
        },
        {
            "trade_id": "7eb30b7a-63fa-48e6-b381-1c380e7fe183",
            "ticker": "KXHIGHMIA-25JAN25-B66.5",
            "count": 8,
            "created_time": "2025-01-24T15:20:20.014659Z",
            "yes_price": 5,
            "no_price": 95,
            "taker_side": "yes"
        },
        {
            "trade_id": "133794dd-729b-47b5-9ab4-87dd35d2906c",
            "ticker": "KXHIGHMIA-25JAN25-B66.5",
            "count": 21,
            "created_time": "2025-01-24T15:20:20.014659Z",
            "yes_price": 5,
            "no_price": 95,
            "taker_side": "yes"
        },
        {
            "trade_id": "00b38286-a513-4eac-bf8a-0efc96ccb961",
            "ticker": "KXHIGHMIA-25JAN25-B66.5",
            "count": 20,
            "created_time": "2025-01-24T15:18:20.541741Z",
            "yes_price": 5,
            "no_price": 95,
            "taker_side": "yes"
        },
        {
            "trade_id": "f137c0a8-86c1-41e7-904e-8c7283bfd1c7",
            "ticker": "KXHIGHMIA-25JAN25-B66.5",
            "count": 10,
            "created_time": "2025-01-24T15:16:50.788308Z",
            "yes_price": 19,
            "no_price": 81,
            "taker_side": "yes"
        },
        {
            "trade_id": "ff4fe0ca-a570-43fa-a7f4-2ddd2438bbc3",
            "ticker": "KXHIGHMIA-25JAN25-B66.5",
            "count": 10,
            "created_time": "2025-01-24T15:06:52.698435Z",
            "yes_price": 17,
            "no_price": 83,
            "taker_side": "yes"
        },
        {
            "trade_id": "c8b68e73-a69e-4aef-b279-5426ccd7961e",
            "ticker": "KXHIGHMIA-25JAN25-B66.5",
            "count": 10,
            "created_time": "2025-01-24T15:03:32.420281Z",
            "yes_price": 15,
            "no_price": 85,
            "taker_side": "yes"
        }
    ],
    "KXHIGHMIA-25JAN25-B68.5": [
        {
            "trade_id": "89a014e1-d106-4302-bbac-d1a58a3d8793",
            "ticker": "KXHIGHMIA-25JAN25-B68.5",
            "count": 112,
            "created_time": "2025-01-26T04:56:01.317023Z",
            "yes_price": 1,
            "no_price": 99,
            "taker_side": "yes"
        },
        {
            "trade_id": "9a05382d-bd9d-4ed7-ab3c-ca13a35bfa7e",
            "ticker": "KXHIGHMIA-25JAN25-B68.5",
            "count": 353,
            "created_time": "2025-01-25T23:08:13.595239Z",
            "yes_price": 1,
            "no_price": 99,
            "taker_side": "yes"
        },
        {
            "trade_id": "3db7f822-a6cb-4b62-9dcd-31f9cfc52f73",
            "ticker": "KXHIGHMIA-25JAN25-B68.5",
            "count": 467,
            "created_time": "2025-01-25T22:48:00.815622Z",
            "yes_price": 1,
            "no_price": 99,
            "taker_side": "yes"
        },
        {
            "trade_id": "a1fafe8f-f57f-4758-b852-67150b5a1b06",
            "ticker": "KXHIGHMIA-25JAN25-B68.5",
            "count": 1016,
            "created_time": "2025-01-25T20:52:45.574749Z",
            "yes_price": 1,
            "no_price": 99,
            "taker_side": "yes"
        },
        {
            "trade_id": "ca974e42-8287-4424-8c79-0d3bd65eaa36",
            "ticker": "KXHIGHMIA-25JAN25-B68.5",
            "count": 187,
            "created_time": "2025-01-25T19:59:45.449612Z",
            "yes_price": 1,
            "no_price": 99,
            "taker_side": "yes"
        },
        {
            "trade_id": "1dee7faf-c618-49cf-bc33-2a4411b89b16",
            "ticker": "KXHIGHMIA-25JAN25-B68.5",
            "count": 500,
            "created_time": "2025-01-25T19:29:25.267804Z",
            "yes_price": 1,
            "no_price": 99,
            "taker_side": "yes"
        },
        {
            "trade_id": "8ab7ec34-3bba-4758-a6f7-06b9bba12ebb",
            "ticker": "KXHIGHMIA-25JAN25-B68.5",
            "count": 467,
            "created_time": "2025-01-25T18:22:34.241045Z",
            "yes_price": 1,
            "no_price": 99,
            "taker_side": "yes"
        },
        {
            "trade_id": "2dc8f20e-ce7a-4b3a-88ee-165cef72c11c",
            "ticker": "KXHIGHMIA-25JAN25-B68.5",
            "count": 467,
            "created_time": "2025-01-25T18:21:30.393802Z",
            "yes_price": 1,
            "no_price": 99,
            "taker_side": "yes"
        },
        {
            "trade_id": "374f305d-b86a-4c97-9a8f-204978ba67ae",
            "ticker": "KXHIGHMIA-25JAN25-B68.5",
            "count": 101,
            "created_time": "2025-01-25T18:19:25.24635Z",
            "yes_price": 1,
            "no_price": 99,
            "taker_side": "yes"
        },
        {
            "trade_id": "047caac0-3a20-498f-aa00-0a1e443add76",
            "ticker": "KXHIGHMIA-25JAN25-B68.5",
            "count": 834,
            "created_time": "2025-01-25T18:19:25.24635Z",
            "yes_price": 1,
            "no_price": 99,
            "taker_side": "yes"
        },
        {
            "trade_id": "f17bffbf-f05d-47fa-aff1-589c26b9149c",
            "ticker": "KXHIGHMIA-25JAN25-B68.5",
            "count": 517,
            "created_time": "2025-01-25T17:50:04.723615Z",
            "yes_price": 1,
            "no_price": 99,
            "taker_side": "yes"
        },
        {
            "trade_id": "9b30894c-8fed-4935-b6ec-68964ea17b7f",
            "ticker": "KXHIGHMIA-25JAN25-B68.5",
            "count": 620,
            "created_time": "2025-01-25T17:50:04.723615Z",
            "yes_price": 1,
            "no_price": 99,
            "taker_side": "yes"
        },
        {
            "trade_id": "2d4ecb80-b152-4dac-bb97-a547f194305c",
            "ticker": "KXHIGHMIA-25JAN25-B68.5",
            "count": 1200,
            "created_time": "2025-01-25T17:50:04.723615Z",
            "yes_price": 1,
            "no_price": 99,
            "taker_side": "yes"
        },
        {
            "trade_id": "f0ef40a6-7911-430d-96da-2a2f365c8d30",
            "ticker": "KXHIGHMIA-25JAN25-B68.5",
            "count": 40,
            "created_time": "2025-01-25T17:30:48.669138Z",
            "yes_price": 1,
            "no_price": 99,
            "taker_side": "yes"
        },
        {
            "trade_id": "c329d9e7-6041-4bac-8ee8-543148de7ae7",
            "ticker": "KXHIGHMIA-25JAN25-B68.5",
            "count": 412,
            "created_time": "2025-01-25T17:30:48.669138Z",
            "yes_price": 1,
            "no_price": 99,
            "taker_side": "yes"
        },
        {
            "trade_id": "9bbe3ea4-a817-4ecc-b6ad-4f4771d94046",
            "ticker": "KXHIGHMIA-25JAN25-B68.5",
            "count": 94,
            "created_time": "2025-01-25T17:30:48.669138Z",
            "yes_price": 3,
            "no_price": 97,
            "taker_side": "yes"
        },
        {
            "trade_id": "02254cb2-79c8-4d4c-a6fd-dfd27db73fad",
            "ticker": "KXHIGHMIA-25JAN25-B68.5",
            "count": 100,
            "created_time": "2025-01-25T17:30:48.669138Z",
            "yes_price": 2,
            "no_price": 98,
            "taker_side": "yes"
        },
        {
            "trade_id": "898186c8-1041-4fb0-8e3c-2b8c1a38d579",
            "ticker": "KXHIGHMIA-25JAN25-B68.5",
            "count": 30,
            "created_time": "2025-01-25T17:24:56.834001Z",
            "yes_price": 1,
            "no_price": 99,
            "taker_side": "yes"
        },
        {
            "trade_id": "ac50898f-edc9-450e-891c-a1d9c7b8de97",
            "ticker": "KXHIGHMIA-25JAN25-B68.5",
            "count": 30,
            "created_time": "2025-01-25T17:22:52.200583Z",
            "yes_price": 1,
            "no_price": 99,
            "taker_side": "yes"
        },
        {
            "trade_id": "bb8e7d14-0470-47be-92b5-7daf5ed3fd72",
            "ticker": "KXHIGHMIA-25JAN25-B68.5",
            "count": 49,
            "created_time": "2025-01-25T17:07:44.328971Z",
            "yes_price": 1,
            "no_price": 99,
            "taker_side": "yes"
        },
        {
            "trade_id": "b204c3cc-4df4-46de-865a-8c78673f1096",
            "ticker": "KXHIGHMIA-25JAN25-B68.5",
            "count": 2,
            "created_time": "2025-01-25T17:07:44.223265Z",
            "yes_price": 9,
            "no_price": 91,
            "taker_side": "no"
        },
        {
            "trade_id": "58b422c7-75b8-44e8-853c-13bb0d16f6e4",
            "ticker": "KXHIGHMIA-25JAN25-B68.5",
            "count": 16,
            "created_time": "2025-01-25T17:07:44.223265Z",
            "yes_price": 8,
            "no_price": 92,
            "taker_side": "no"
        },
        {
            "trade_id": "df23ac54-cf8f-4be4-a3d4-1d01fbd6cd9d",
            "ticker": "KXHIGHMIA-25JAN25-B68.5",
            "count": 50,
            "created_time": "2025-01-25T16:56:17.962415Z",
            "yes_price": 2,
            "no_price": 98,
            "taker_side": "no"
        },
        {
            "trade_id": "dcf14ec4-7213-45e1-94a6-5a8bcf91d63a",
            "ticker": "KXHIGHMIA-25JAN25-B68.5",
            "count": 150,
            "created_time": "2025-01-25T16:56:17.962415Z",
            "yes_price": 1,
            "no_price": 99,
            "taker_side": "no"
        },
        {
            "trade_id": "a98ffd33-365d-467f-9312-19240abb7999",
            "ticker": "KXHIGHMIA-25JAN25-B68.5",
            "count": 71,
            "created_time": "2025-01-25T16:56:17.962415Z",
            "yes_price": 1,
            "no_price": 99,
            "taker_side": "no"
        },
        {
            "trade_id": "6e38a66e-cb62-4038-a0e1-75b5d9a29e82",
            "ticker": "KXHIGHMIA-25JAN25-B68.5",
            "count": 50,
            "created_time": "2025-01-25T16:56:17.962415Z",
            "yes_price": 1,
            "no_price": 99,
            "taker_side": "no"
        },
        {
            "trade_id": "925c439f-f092-4f0f-8f22-59ef4d3cf4a7",
            "ticker": "KXHIGHMIA-25JAN25-B68.5",
            "count": 1,
            "created_time": "2025-01-25T16:54:15.698818Z",
            "yes_price": 2,
            "no_price": 98,
            "taker_side": "no"
        },
        {
            "trade_id": "f0edbe87-645a-4903-9069-b6b7897e4b13",
            "ticker": "KXHIGHMIA-25JAN25-B68.5",
            "count": 29,
            "created_time": "2025-01-25T16:51:43.318469Z",
            "yes_price": 1,
            "no_price": 99,
            "taker_side": "no"
        },
        {
            "trade_id": "c7fa668a-3c05-404d-839e-64238fa7c263",
            "ticker": "KXHIGHMIA-25JAN25-B68.5",
            "count": 8,
            "created_time": "2025-01-25T16:51:43.318469Z",
            "yes_price": 9,
            "no_price": 91,
            "taker_side": "no"
        },
        {
            "trade_id": "535888f2-ec9f-4f89-81fb-d2110fd073da",
            "ticker": "KXHIGHMIA-25JAN25-B68.5",
            "count": 81,
            "created_time": "2025-01-25T16:51:43.318469Z",
            "yes_price": 3,
            "no_price": 97,
            "taker_side": "no"
        },
        {
            "trade_id": "3595cc53-3ddf-4a2c-998b-79a98d3d7cba",
            "ticker": "KXHIGHMIA-25JAN25-B68.5",
            "count": 50,
            "created_time": "2025-01-25T16:51:43.318469Z",
            "yes_price": 2,
            "no_price": 98,
            "taker_side": "no"
        },
        {
            "trade_id": "f53cd036-c2bc-4c4f-83c1-87e559e7de67",
            "ticker": "KXHIGHMIA-25JAN25-B68.5",
            "count": 52,
            "created_time": "2025-01-25T16:47:28.378457Z",
            "yes_price": 15,
            "no_price": 85,
            "taker_side": "yes"
        },
        {
            "trade_id": "461ea78b-836a-4cfc-903e-d98230c6aeb3",
            "ticker": "KXHIGHMIA-25JAN25-B68.5",
            "count": 14,
            "created_time": "2025-01-25T16:47:28.378457Z",
            "yes_price": 11,
            "no_price": 89,
            "taker_side": "yes"
        },
        {
            "trade_id": "61a94c16-9679-45c1-a97c-689e97e058dd",
            "ticker": "KXHIGHMIA-25JAN25-B68.5",
            "count": 783,
            "created_time": "2025-01-25T16:46:37.547565Z",
            "yes_price": 11,
            "no_price": 89,
            "taker_side": "yes"
        },
        {
            "trade_id": "26006977-3122-453e-8533-26f42c4a2670",
            "ticker": "KXHIGHMIA-25JAN25-B68.5",
            "count": 17,
            "created_time": "2025-01-25T16:46:37.547565Z",
            "yes_price": 10,
            "no_price": 90,
            "taker_side": "yes"
        },
        {
            "trade_id": "99657299-bf1a-4d98-b171-f7282ccca3dd",
            "ticker": "KXHIGHMIA-25JAN25-B68.5",
            "count": 2,
            "created_time": "2025-01-25T16:39:02.365491Z",
            "yes_price": 10,
            "no_price": 90,
            "taker_side": "yes"
        },
        {
            "trade_id": "e4366bc4-77d0-464e-8c56-9a472b28af14",
            "ticker": "KXHIGHMIA-25JAN25-B68.5",
            "count": 9,
            "created_time": "2025-01-25T16:35:36.690016Z",
            "yes_price": 3,
            "no_price": 97,
            "taker_side": "no"
        },
        {
            "trade_id": "56e5ec69-f4dc-45c9-8296-8058a225a2f1",
            "ticker": "KXHIGHMIA-25JAN25-B68.5",
            "count": 10,
            "created_time": "2025-01-25T16:35:04.080933Z",
            "yes_price": 3,
            "no_price": 97,
            "taker_side": "no"
        },
        {
            "trade_id": "d525a9d4-11bd-401a-88e9-3e9647aaef5d",
            "ticker": "KXHIGHMIA-25JAN25-B68.5",
            "count": 3,
            "created_time": "2025-01-25T16:31:19.701874Z",
            "yes_price": 4,
            "no_price": 96,
            "taker_side": "no"
        },
        {
            "trade_id": "be2b23d1-1c83-4eb9-9c5c-2b28c4389cab",
            "ticker": "KXHIGHMIA-25JAN25-B68.5",
            "count": 11,
            "created_time": "2025-01-25T16:21:59.823954Z",
            "yes_price": 11,
            "no_price": 89,
            "taker_side": "yes"
        },
        {
            "trade_id": "b4719dd9-7470-4c14-a026-13e138e27a36",
            "ticker": "KXHIGHMIA-25JAN25-B68.5",
            "count": 1,
            "created_time": "2025-01-25T16:21:59.823954Z",
            "yes_price": 8,
            "no_price": 92,
            "taker_side": "yes"
        },
        {
            "trade_id": "7b056192-6d59-481c-973b-4fe186fb3740",
            "ticker": "KXHIGHMIA-25JAN25-B68.5",
            "count": 11,
            "created_time": "2025-01-25T16:21:59.823954Z",
            "yes_price": 8,
            "no_price": 92,
            "taker_side": "yes"
        },
        {
            "trade_id": "4a54b3f0-91a5-415e-8a51-571faaeb9dc6",
            "ticker": "KXHIGHMIA-25JAN25-B68.5",
            "count": 17,
            "created_time": "2025-01-25T16:21:59.823954Z",
            "yes_price": 9,
            "no_price": 91,
            "taker_side": "yes"
        },
        {
            "trade_id": "2e5f7e71-ce70-48b3-99e6-645604ef6334",
            "ticker": "KXHIGHMIA-25JAN25-B68.5",
            "count": 11,
            "created_time": "2025-01-25T16:06:37.576509Z",
            "yes_price": 3,
            "no_price": 97,
            "taker_side": "no"
        },
        {
            "trade_id": "5e411314-3d47-4251-8377-17c6995f48b4",
            "ticker": "KXHIGHMIA-25JAN25-B68.5",
            "count": 17,
            "created_time": "2025-01-25T16:01:39.659716Z",
            "yes_price": 8,
            "no_price": 92,
            "taker_side": "yes"
        },
        {
            "trade_id": "117d6990-9fd7-473a-ba2c-f28126e92a6b",
            "ticker": "KXHIGHMIA-25JAN25-B68.5",
            "count": 12,
            "created_time": "2025-01-25T16:01:39.659716Z",
            "yes_price": 7,
            "no_price": 93,
            "taker_side": "yes"
        },
        {
            "trade_id": "3e5d0f68-600f-494e-a4dd-40cf395f8b1b",
            "ticker": "KXHIGHMIA-25JAN25-B68.5",
            "count": 3,
            "created_time": "2025-01-25T15:55:22.494635Z",
            "yes_price": 3,
            "no_price": 97,
            "taker_side": "no"
        },
        {
            "trade_id": "b404d3c5-55d1-4149-aa9c-34b7378c556c",
            "ticker": "KXHIGHMIA-25JAN25-B68.5",
            "count": 31,
            "created_time": "2025-01-25T15:46:07.586342Z",
            "yes_price": 8,
            "no_price": 92,
            "taker_side": "yes"
        },
        {
            "trade_id": "08d58249-868e-4826-8bbd-5c2088bb0d10",
            "ticker": "KXHIGHMIA-25JAN25-B68.5",
            "count": 31,
            "created_time": "2025-01-25T15:46:07.586342Z",
            "yes_price": 7,
            "no_price": 93,
            "taker_side": "yes"
        },
        {
            "trade_id": "ca731ae0-5763-4140-89cb-80c943b0057a",
            "ticker": "KXHIGHMIA-25JAN25-B68.5",
            "count": 20,
            "created_time": "2025-01-25T15:32:51.920633Z",
            "yes_price": 7,
            "no_price": 93,
            "taker_side": "yes"
        },
        {
            "trade_id": "eb86d820-16e9-4c25-affc-fb1bbcf29a9f",
            "ticker": "KXHIGHMIA-25JAN25-B68.5",
            "count": 8,
            "created_time": "2025-01-25T15:27:18.28407Z",
            "yes_price": 7,
            "no_price": 93,
            "taker_side": "yes"
        },
        {
            "trade_id": "e115b2c0-15b4-49c7-ba9c-29003eebd178",
            "ticker": "KXHIGHMIA-25JAN25-B68.5",
            "count": 12,
            "created_time": "2025-01-25T15:27:18.28407Z",
            "yes_price": 8,
            "no_price": 92,
            "taker_side": "yes"
        },
        {
            "trade_id": "da24d9ea-3e5c-4806-bcb0-f7b1bd482cce",
            "ticker": "KXHIGHMIA-25JAN25-B68.5",
            "count": 28,
            "created_time": "2025-01-25T15:23:51.336138Z",
            "yes_price": 7,
            "no_price": 93,
            "taker_side": "yes"
        },
        {
            "trade_id": "9cba4604-d2a8-4dc0-a817-6b5b545b541c",
            "ticker": "KXHIGHMIA-25JAN25-B68.5",
            "count": 8,
            "created_time": "2025-01-25T15:23:51.336138Z",
            "yes_price": 6,
            "no_price": 94,
            "taker_side": "yes"
        },
        {
            "trade_id": "48ee49e7-9581-4533-8601-9c9d3e9c7684",
            "ticker": "KXHIGHMIA-25JAN25-B68.5",
            "count": 100,
            "created_time": "2025-01-25T15:11:27.669284Z",
            "yes_price": 3,
            "no_price": 97,
            "taker_side": "no"
        },
        {
            "trade_id": "78c7f3fe-5ce5-4a7c-98da-049e724a0f55",
            "ticker": "KXHIGHMIA-25JAN25-B68.5",
            "count": 13,
            "created_time": "2025-01-25T14:57:00.843605Z",
            "yes_price": 7,
            "no_price": 93,
            "taker_side": "yes"
        },
        {
            "trade_id": "74519be0-192d-41cb-b54b-cb8e1704e20b",
            "ticker": "KXHIGHMIA-25JAN25-B68.5",
            "count": 25,
            "created_time": "2025-01-25T14:53:11.874213Z",
            "yes_price": 7,
            "no_price": 93,
            "taker_side": "yes"
        },
        {
            "trade_id": "cbe5c8f9-adc6-4b5a-920a-46ad277128f9",
            "ticker": "KXHIGHMIA-25JAN25-B68.5",
            "count": 37,
            "created_time": "2025-01-25T14:13:13.307962Z",
            "yes_price": 3,
            "no_price": 97,
            "taker_side": "no"
        },
        {
            "trade_id": "73122ca8-8cfd-48f2-9886-25aea82c4521",
            "ticker": "KXHIGHMIA-25JAN25-B68.5",
            "count": 300,
            "created_time": "2025-01-25T14:06:15.736412Z",
            "yes_price": 3,
            "no_price": 97,
            "taker_side": "no"
        },
        {
            "trade_id": "361115d8-9951-43c4-aaa8-b1b839834dd9",
            "ticker": "KXHIGHMIA-25JAN25-B68.5",
            "count": 500,
            "created_time": "2025-01-25T14:06:15.736412Z",
            "yes_price": 4,
            "no_price": 96,
            "taker_side": "no"
        },
        {
            "trade_id": "27c04fa8-edb1-4d91-a85f-eee80e3509c6",
            "ticker": "KXHIGHMIA-25JAN25-B68.5",
            "count": 216,
            "created_time": "2025-01-25T14:06:15.736412Z",
            "yes_price": 3,
            "no_price": 97,
            "taker_side": "no"
        },
        {
            "trade_id": "9a4e6a8c-9203-4151-bd48-e02cf29f4e6d",
            "ticker": "KXHIGHMIA-25JAN25-B68.5",
            "count": 1000,
            "created_time": "2025-01-25T13:44:00.024727Z",
            "yes_price": 5,
            "no_price": 95,
            "taker_side": "yes"
        },
        {
            "trade_id": "3366ec01-aac3-49af-9a14-1826b10b231f",
            "ticker": "KXHIGHMIA-25JAN25-B68.5",
            "count": 14,
            "created_time": "2025-01-25T13:43:59.173288Z",
            "yes_price": 4,
            "no_price": 96,
            "taker_side": "no"
        },
        {
            "trade_id": "7b95e77e-227c-43be-9efd-a447ebea854b",
            "ticker": "KXHIGHMIA-25JAN25-B68.5",
            "count": 49,
            "created_time": "2025-01-25T13:42:19.896749Z",
            "yes_price": 4,
            "no_price": 96,
            "taker_side": "no"
        },
        {
            "trade_id": "6cc2addb-47f5-4b89-a334-855d0b3c4627",
            "ticker": "KXHIGHMIA-25JAN25-B68.5",
            "count": 2,
            "created_time": "2025-01-25T13:42:19.896749Z",
            "yes_price": 4,
            "no_price": 96,
            "taker_side": "no"
        },
        {
            "trade_id": "5a3700d7-abe5-4b82-aee9-7a926a5865aa",
            "ticker": "KXHIGHMIA-25JAN25-B68.5",
            "count": 150,
            "created_time": "2025-01-25T13:42:19.896749Z",
            "yes_price": 4,
            "no_price": 96,
            "taker_side": "no"
        },
        {
            "trade_id": "91101c54-4bd6-4c2d-816f-0d3226df0556",
            "ticker": "KXHIGHMIA-25JAN25-B68.5",
            "count": 100,
            "created_time": "2025-01-25T13:37:47.088553Z",
            "yes_price": 4,
            "no_price": 96,
            "taker_side": "no"
        },
        {
            "trade_id": "ca13754a-5bc0-48d3-86a7-6827bb5730ad",
            "ticker": "KXHIGHMIA-25JAN25-B68.5",
            "count": 250,
            "created_time": "2025-01-25T13:32:08.289609Z",
            "yes_price": 6,
            "no_price": 94,
            "taker_side": "no"
        },
        {
            "trade_id": "34d5b31c-0546-4d41-91b5-ab3653d39f9d",
            "ticker": "KXHIGHMIA-25JAN25-B68.5",
            "count": 243,
            "created_time": "2025-01-25T13:20:09.383334Z",
            "yes_price": 9,
            "no_price": 91,
            "taker_side": "no"
        },
        {
            "trade_id": "d486a431-62b9-4d5b-b3fe-0835c0c40b5a",
            "ticker": "KXHIGHMIA-25JAN25-B68.5",
            "count": 7,
            "created_time": "2025-01-25T13:06:53.283122Z",
            "yes_price": 9,
            "no_price": 91,
            "taker_side": "yes"
        },
        {
            "trade_id": "909079b2-a838-4c96-8e31-847054b4231e",
            "ticker": "KXHIGHMIA-25JAN25-B68.5",
            "count": 100,
            "created_time": "2025-01-25T07:16:11.871157Z",
            "yes_price": 11,
            "no_price": 89,
            "taker_side": "yes"
        },
        {
            "trade_id": "fc83627d-4a4e-4e1f-ae9e-6504cca3a828",
            "ticker": "KXHIGHMIA-25JAN25-B68.5",
            "count": 6,
            "created_time": "2025-01-25T07:09:55.667761Z",
            "yes_price": 6,
            "no_price": 94,
            "taker_side": "no"
        },
        {
            "trade_id": "46607e86-7777-4900-a671-8e86c5165b4b",
            "ticker": "KXHIGHMIA-25JAN25-B68.5",
            "count": 1,
            "created_time": "2025-01-25T06:35:53.593763Z",
            "yes_price": 6,
            "no_price": 94,
            "taker_side": "no"
        },
        {
            "trade_id": "37098f20-8aee-400b-9031-b255c0918e50",
            "ticker": "KXHIGHMIA-25JAN25-B68.5",
            "count": 47,
            "created_time": "2025-01-25T06:34:08.313512Z",
            "yes_price": 12,
            "no_price": 88,
            "taker_side": "yes"
        },
        {
            "trade_id": "b92b06d7-175b-4277-a950-3bc454a56580",
            "ticker": "KXHIGHMIA-25JAN25-B68.5",
            "count": 62,
            "created_time": "2025-01-25T06:28:26.105969Z",
            "yes_price": 12,
            "no_price": 88,
            "taker_side": "yes"
        },
        {
            "trade_id": "44815d94-8599-4330-88ec-852f47fe1cbe",
            "ticker": "KXHIGHMIA-25JAN25-B68.5",
            "count": 20,
            "created_time": "2025-01-25T06:23:00.403516Z",
            "yes_price": 13,
            "no_price": 87,
            "taker_side": "yes"
        },
        {
            "trade_id": "5f0780ea-e45e-4792-9d03-85b6e288c7c9",
            "ticker": "KXHIGHMIA-25JAN25-B68.5",
            "count": 80,
            "created_time": "2025-01-25T06:22:50.143474Z",
            "yes_price": 12,
            "no_price": 88,
            "taker_side": "yes"
        },
        {
            "trade_id": "c9182e9e-f445-48d5-bcef-a3d24b44762d",
            "ticker": "KXHIGHMIA-25JAN25-B68.5",
            "count": 1,
            "created_time": "2025-01-25T06:13:04.314382Z",
            "yes_price": 11,
            "no_price": 89,
            "taker_side": "yes"
        },
        {
            "trade_id": "5c281538-af87-4aad-936b-e2bcee0e2e3f",
            "ticker": "KXHIGHMIA-25JAN25-B68.5",
            "count": 25,
            "created_time": "2025-01-25T06:13:04.314382Z",
            "yes_price": 13,
            "no_price": 87,
            "taker_side": "yes"
        },
        {
            "trade_id": "3f7b3f53-a05d-4e5b-b5cb-2d6144deac23",
            "ticker": "KXHIGHMIA-25JAN25-B68.5",
            "count": 26,
            "created_time": "2025-01-25T06:13:04.314382Z",
            "yes_price": 11,
            "no_price": 89,
            "taker_side": "yes"
        },
        {
            "trade_id": "3bf9d48d-2a01-45e4-860d-a6c9f2e84137",
            "ticker": "KXHIGHMIA-25JAN25-B68.5",
            "count": 7,
            "created_time": "2025-01-25T06:13:04.314382Z",
            "yes_price": 11,
            "no_price": 89,
            "taker_side": "yes"
        },
        {
            "trade_id": "9c2e5247-c486-4615-a2e4-d73285370226",
            "ticker": "KXHIGHMIA-25JAN25-B68.5",
            "count": 63,
            "created_time": "2025-01-25T05:13:02.259465Z",
            "yes_price": 9,
            "no_price": 91,
            "taker_side": "no"
        },
        {
            "trade_id": "8cf30a3d-579c-4a6d-89a5-a02965a0d9cc",
            "ticker": "KXHIGHMIA-25JAN25-B68.5",
            "count": 4,
            "created_time": "2025-01-25T05:13:02.259465Z",
            "yes_price": 9,
            "no_price": 91,
            "taker_side": "no"
        },
        {
            "trade_id": "3fccd7c2-6af0-4438-a15a-9ba601862b1c",
            "ticker": "KXHIGHMIA-25JAN25-B68.5",
            "count": 20,
            "created_time": "2025-01-25T05:13:02.259465Z",
            "yes_price": 7,
            "no_price": 93,
            "taker_side": "no"
        },
        {
            "trade_id": "130d09be-1f39-4797-9174-3038341645f3",
            "ticker": "KXHIGHMIA-25JAN25-B68.5",
            "count": 115,
            "created_time": "2025-01-25T05:13:02.259465Z",
            "yes_price": 7,
            "no_price": 93,
            "taker_side": "no"
        },
        {
            "trade_id": "d7f2b2fe-f8d4-4dbb-b6e8-faf08fb49472",
            "ticker": "KXHIGHMIA-25JAN25-B68.5",
            "count": 1,
            "created_time": "2025-01-25T05:04:02.344707Z",
            "yes_price": 10,
            "no_price": 90,
            "taker_side": "no"
        },
        {
            "trade_id": "fb009df4-3ca9-4d94-a8a8-7450c31bf74c",
            "ticker": "KXHIGHMIA-25JAN25-B68.5",
            "count": 14,
            "created_time": "2025-01-25T04:55:53.431337Z",
            "yes_price": 14,
            "no_price": 86,
            "taker_side": "yes"
        },
        {
            "trade_id": "c31f3dc1-a060-40cf-a55e-8d312db080a9",
            "ticker": "KXHIGHMIA-25JAN25-B68.5",
            "count": 188,
            "created_time": "2025-01-25T04:55:53.431337Z",
            "yes_price": 15,
            "no_price": 85,
            "taker_side": "yes"
        },
        {
            "trade_id": "ff1e3f85-6c74-4795-bb4c-519de8c56d98",
            "ticker": "KXHIGHMIA-25JAN25-B68.5",
            "count": 7,
            "created_time": "2025-01-25T04:29:08.82526Z",
            "yes_price": 10,
            "no_price": 90,
            "taker_side": "yes"
        },
        {
            "trade_id": "9677dc44-e443-4598-b43c-6e5a38df5413",
            "ticker": "KXHIGHMIA-25JAN25-B68.5",
            "count": 1,
            "created_time": "2025-01-25T04:29:08.82526Z",
            "yes_price": 13,
            "no_price": 87,
            "taker_side": "yes"
        },
        {
            "trade_id": "94738e6c-b4d5-4288-8116-46ca33f56680",
            "ticker": "KXHIGHMIA-25JAN25-B68.5",
            "count": 12,
            "created_time": "2025-01-25T04:29:08.82526Z",
            "yes_price": 13,
            "no_price": 87,
            "taker_side": "yes"
        },
        {
            "trade_id": "ec97e5f0-6c6c-4cc2-a8e1-a1efacc97013",
            "ticker": "KXHIGHMIA-25JAN25-B68.5",
            "count": 180,
            "created_time": "2025-01-25T04:14:52.190706Z",
            "yes_price": 12,
            "no_price": 88,
            "taker_side": "yes"
        },
        {
            "trade_id": "94266b09-b9ba-42ef-827c-5f9e980a78a3",
            "ticker": "KXHIGHMIA-25JAN25-B68.5",
            "count": 61,
            "created_time": "2025-01-25T04:14:52.190706Z",
            "yes_price": 10,
            "no_price": 90,
            "taker_side": "yes"
        },
        {
            "trade_id": "6697d7f2-0ae1-4eae-9765-30985d0c73fa",
            "ticker": "KXHIGHMIA-25JAN25-B68.5",
            "count": 138,
            "created_time": "2025-01-25T04:14:52.190706Z",
            "yes_price": 14,
            "no_price": 86,
            "taker_side": "yes"
        },
        {
            "trade_id": "746711c5-215a-4647-9bd7-6fe9b8e06018",
            "ticker": "KXHIGHMIA-25JAN25-B68.5",
            "count": 1,
            "created_time": "2025-01-25T03:33:42.458724Z",
            "yes_price": 14,
            "no_price": 86,
            "taker_side": "yes"
        },
        {
            "trade_id": "69d873b7-a9d6-447c-8097-1ce5e4727ac6",
            "ticker": "KXHIGHMIA-25JAN25-B68.5",
            "count": 16,
            "created_time": "2025-01-25T03:33:42.458724Z",
            "yes_price": 13,
            "no_price": 87,
            "taker_side": "yes"
        },
        {
            "trade_id": "030c5c20-edab-4470-8397-cff4b0865cbb",
            "ticker": "KXHIGHMIA-25JAN25-B68.5",
            "count": 4,
            "created_time": "2025-01-25T03:33:42.458724Z",
            "yes_price": 15,
            "no_price": 85,
            "taker_side": "yes"
        },
        {
            "trade_id": "8b4a1f40-0e54-4313-bcfa-1a576f5fe100",
            "ticker": "KXHIGHMIA-25JAN25-B68.5",
            "count": 2,
            "created_time": "2025-01-25T03:27:19.282288Z",
            "yes_price": 14,
            "no_price": 86,
            "taker_side": "yes"
        },
        {
            "trade_id": "cdb4c1e0-c537-49d6-a524-97d920c66d2d",
            "ticker": "KXHIGHMIA-25JAN25-B68.5",
            "count": 11,
            "created_time": "2025-01-25T01:42:40.888024Z",
            "yes_price": 14,
            "no_price": 86,
            "taker_side": "no"
        },
        {
            "trade_id": "3ae82bbc-eaa4-4713-a3cc-b2ceff745da7",
            "ticker": "KXHIGHMIA-25JAN25-B68.5",
            "count": 1,
            "created_time": "2025-01-25T01:24:26.330771Z",
            "yes_price": 14,
            "no_price": 86,
            "taker_side": "no"
        },
        {
            "trade_id": "b3f9d32e-ba55-48b4-bcf5-6dc20ede5ce3",
            "ticker": "KXHIGHMIA-25JAN25-B68.5",
            "count": 6,
            "created_time": "2025-01-25T01:21:28.418286Z",
            "yes_price": 14,
            "no_price": 86,
            "taker_side": "no"
        },
        {
            "trade_id": "31568652-8a64-41f7-8856-f1b99f988216",
            "ticker": "KXHIGHMIA-25JAN25-B68.5",
            "count": 7,
            "created_time": "2025-01-25T01:06:29.804216Z",
            "yes_price": 14,
            "no_price": 86,
            "taker_side": "no"
        },
        {
            "trade_id": "ec3f920f-b5a4-4425-965e-c934c7b47e14",
            "ticker": "KXHIGHMIA-25JAN25-B68.5",
            "count": 5,
            "created_time": "2025-01-25T01:03:34.096632Z",
            "yes_price": 14,
            "no_price": 86,
            "taker_side": "no"
        },
        {
            "trade_id": "e7e5c1ad-53f1-4779-999d-8cff25f1f5d8",
            "ticker": "KXHIGHMIA-25JAN25-B68.5",
            "count": 44,
            "created_time": "2025-01-25T00:45:33.228753Z",
            "yes_price": 14,
            "no_price": 86,
            "taker_side": "no"
        },
        {
            "trade_id": "6a337fc1-0573-4625-93b6-ca1e0601ae79",
            "ticker": "KXHIGHMIA-25JAN25-B68.5",
            "count": 2,
            "created_time": "2025-01-25T00:45:28.022279Z",
            "yes_price": 14,
            "no_price": 86,
            "taker_side": "no"
        },
        {
            "trade_id": "e671b3f2-c009-45d7-ad47-8b52b0d3769d",
            "ticker": "KXHIGHMIA-25JAN25-B68.5",
            "count": 33,
            "created_time": "2025-01-25T00:45:12.379137Z",
            "yes_price": 14,
            "no_price": 86,
            "taker_side": "yes"
        },
        {
            "trade_id": "72bf3f45-c9be-4c26-b529-60cc59a95dc5",
            "ticker": "KXHIGHMIA-25JAN25-B68.5",
            "count": 3,
            "created_time": "2025-01-25T00:45:12.379137Z",
            "yes_price": 14,
            "no_price": 86,
            "taker_side": "yes"
        },
        {
            "trade_id": "0f8e812a-2075-4942-b5f4-1017fa3af8a6",
            "ticker": "KXHIGHMIA-25JAN25-B68.5",
            "count": 8,
            "created_time": "2025-01-25T00:45:12.379137Z",
            "yes_price": 14,
            "no_price": 86,
            "taker_side": "yes"
        },
        {
            "trade_id": "25b6f1c4-6c6d-4613-9071-18727077fcb4",
            "ticker": "KXHIGHMIA-25JAN25-B68.5",
            "count": 5,
            "created_time": "2025-01-24T23:28:03.311255Z",
            "yes_price": 18,
            "no_price": 82,
            "taker_side": "yes"
        },
        {
            "trade_id": "a85e8ed0-2698-4219-a0a6-467b5f12cc83",
            "ticker": "KXHIGHMIA-25JAN25-B68.5",
            "count": 3,
            "created_time": "2025-01-24T22:36:39.440285Z",
            "yes_price": 15,
            "no_price": 85,
            "taker_side": "no"
        },
        {
            "trade_id": "896b0556-8cad-45b8-b307-e58cb7eaff4b",
            "ticker": "KXHIGHMIA-25JAN25-B68.5",
            "count": 2,
            "created_time": "2025-01-24T22:36:39.440285Z",
            "yes_price": 15,
            "no_price": 85,
            "taker_side": "no"
        },
        {
            "trade_id": "845a192c-ec4f-40df-b86b-fa0f9135f0a4",
            "ticker": "KXHIGHMIA-25JAN25-B68.5",
            "count": 2,
            "created_time": "2025-01-24T22:32:05.806614Z",
            "yes_price": 19,
            "no_price": 81,
            "taker_side": "yes"
        },
        {
            "trade_id": "cedade72-7f23-470d-8a64-b9449f094a8a",
            "ticker": "KXHIGHMIA-25JAN25-B68.5",
            "count": 13,
            "created_time": "2025-01-24T22:31:49.134743Z",
            "yes_price": 19,
            "no_price": 81,
            "taker_side": "yes"
        },
        {
            "trade_id": "83783be5-ffee-4558-81eb-9e6ac422ef93",
            "ticker": "KXHIGHMIA-25JAN25-B68.5",
            "count": 1,
            "created_time": "2025-01-24T22:31:49.134743Z",
            "yes_price": 19,
            "no_price": 81,
            "taker_side": "yes"
        },
        {
            "trade_id": "167a0838-6b7a-4ef1-a20d-221c4bcc2a3b",
            "ticker": "KXHIGHMIA-25JAN25-B68.5",
            "count": 10,
            "created_time": "2025-01-24T22:31:49.134743Z",
            "yes_price": 19,
            "no_price": 81,
            "taker_side": "yes"
        },
        {
            "trade_id": "fc82b744-e23f-4427-b4e1-19db32a9ac30",
            "ticker": "KXHIGHMIA-25JAN25-B68.5",
            "count": 12,
            "created_time": "2025-01-24T22:30:51.397825Z",
            "yes_price": 17,
            "no_price": 83,
            "taker_side": "yes"
        },
        {
            "trade_id": "ee0b71f7-fa94-4853-9d51-4b0688bbc921",
            "ticker": "KXHIGHMIA-25JAN25-B68.5",
            "count": 3,
            "created_time": "2025-01-24T22:30:51.397825Z",
            "yes_price": 17,
            "no_price": 83,
            "taker_side": "yes"
        },
        {
            "trade_id": "b4df0408-e7e6-49c3-a03b-295268ab534d",
            "ticker": "KXHIGHMIA-25JAN25-B68.5",
            "count": 35,
            "created_time": "2025-01-24T22:30:51.397825Z",
            "yes_price": 17,
            "no_price": 83,
            "taker_side": "yes"
        },
        {
            "trade_id": "96f30d91-228b-4d84-bfb1-4c3bebf43926",
            "ticker": "KXHIGHMIA-25JAN25-B68.5",
            "count": 2,
            "created_time": "2025-01-24T22:30:51.397825Z",
            "yes_price": 21,
            "no_price": 79,
            "taker_side": "yes"
        },
        {
            "trade_id": "5b5b09ba-f7f6-4c6e-8d77-5785a5420012",
            "ticker": "KXHIGHMIA-25JAN25-B68.5",
            "count": 180,
            "created_time": "2025-01-24T22:30:51.397825Z",
            "yes_price": 19,
            "no_price": 81,
            "taker_side": "yes"
        },
        {
            "trade_id": "21cd46fc-ca47-4917-8957-cc767b74accd",
            "ticker": "KXHIGHMIA-25JAN25-B68.5",
            "count": 24,
            "created_time": "2025-01-24T22:30:51.397825Z",
            "yes_price": 17,
            "no_price": 83,
            "taker_side": "yes"
        },
        {
            "trade_id": "e5dec655-a0fa-4449-a782-df83098bf94f",
            "ticker": "KXHIGHMIA-25JAN25-B68.5",
            "count": 43,
            "created_time": "2025-01-24T21:53:15.271466Z",
            "yes_price": 17,
            "no_price": 83,
            "taker_side": "yes"
        },
        {
            "trade_id": "b0f9be75-31a2-4eef-b80b-02b1d6a4c99d",
            "ticker": "KXHIGHMIA-25JAN25-B68.5",
            "count": 7,
            "created_time": "2025-01-24T21:53:15.271466Z",
            "yes_price": 17,
            "no_price": 83,
            "taker_side": "yes"
        },
        {
            "trade_id": "2849eb2c-53f1-43ce-9715-304858482489",
            "ticker": "KXHIGHMIA-25JAN25-B68.5",
            "count": 11,
            "created_time": "2025-01-24T21:37:15.201754Z",
            "yes_price": 17,
            "no_price": 83,
            "taker_side": "yes"
        },
        {
            "trade_id": "8d7fcbbf-e9a2-4a6f-8b1a-787bc55abb76",
            "ticker": "KXHIGHMIA-25JAN25-B68.5",
            "count": 33,
            "created_time": "2025-01-24T18:20:22.226752Z",
            "yes_price": 18,
            "no_price": 82,
            "taker_side": "yes"
        },
        {
            "trade_id": "6346312a-ff19-47ed-b7d6-e3c8d6de922e",
            "ticker": "KXHIGHMIA-25JAN25-B68.5",
            "count": 1,
            "created_time": "2025-01-24T18:12:11.055758Z",
            "yes_price": 21,
            "no_price": 79,
            "taker_side": "yes"
        },
        {
            "trade_id": "8e89d12a-5f22-4271-b998-c36781178680",
            "ticker": "KXHIGHMIA-25JAN25-B68.5",
            "count": 10,
            "created_time": "2025-01-24T17:40:45.735739Z",
            "yes_price": 17,
            "no_price": 83,
            "taker_side": "no"
        },
        {
            "trade_id": "408d6b59-d512-4cbb-b84b-5a703d781ef8",
            "ticker": "KXHIGHMIA-25JAN25-B68.5",
            "count": 1,
            "created_time": "2025-01-24T17:30:28.217284Z",
            "yes_price": 17,
            "no_price": 83,
            "taker_side": "no"
        },
        {
            "trade_id": "9a0c9ed0-aac4-4c41-a681-d8085b83588b",
            "ticker": "KXHIGHMIA-25JAN25-B68.5",
            "count": 93,
            "created_time": "2025-01-24T16:56:13.599815Z",
            "yes_price": 21,
            "no_price": 79,
            "taker_side": "yes"
        },
        {
            "trade_id": "2f453554-b5e3-47aa-a1d5-874275afed3c",
            "ticker": "KXHIGHMIA-25JAN25-B68.5",
            "count": 21,
            "created_time": "2025-01-24T16:56:13.599815Z",
            "yes_price": 19,
            "no_price": 81,
            "taker_side": "yes"
        },
        {
            "trade_id": "9a4f65d5-094d-42fc-a7c9-312ad0488638",
            "ticker": "KXHIGHMIA-25JAN25-B68.5",
            "count": 19,
            "created_time": "2025-01-24T16:53:38.9418Z",
            "yes_price": 19,
            "no_price": 81,
            "taker_side": "yes"
        },
        {
            "trade_id": "8d98dafc-175d-4784-932f-d864a16797fe",
            "ticker": "KXHIGHMIA-25JAN25-B68.5",
            "count": 2,
            "created_time": "2025-01-24T16:53:38.9418Z",
            "yes_price": 19,
            "no_price": 81,
            "taker_side": "yes"
        },
        {
            "trade_id": "24671364-40ae-4d32-8050-0c83df8d3ec0",
            "ticker": "KXHIGHMIA-25JAN25-B68.5",
            "count": 50,
            "created_time": "2025-01-24T15:24:07.752632Z",
            "yes_price": 17,
            "no_price": 83,
            "taker_side": "yes"
        },
        {
            "trade_id": "aec1a2ef-d5e1-4249-aa77-f8942ff567f5",
            "ticker": "KXHIGHMIA-25JAN25-B68.5",
            "count": 51,
            "created_time": "2025-01-24T15:22:23.449224Z",
            "yes_price": 16,
            "no_price": 84,
            "taker_side": "yes"
        },
        {
            "trade_id": "4ebf010e-a320-40d4-ae30-3b7db80c92f3",
            "ticker": "KXHIGHMIA-25JAN25-B68.5",
            "count": 2,
            "created_time": "2025-01-24T15:22:23.449224Z",
            "yes_price": 18,
            "no_price": 82,
            "taker_side": "yes"
        },
        {
            "trade_id": "d4a1a1ff-4a20-4564-8dce-e667c03eb1f1",
            "ticker": "KXHIGHMIA-25JAN25-B68.5",
            "count": 2,
            "created_time": "2025-01-24T15:22:10.152365Z",
            "yes_price": 15,
            "no_price": 85,
            "taker_side": "yes"
        },
        {
            "trade_id": "7db24787-b5db-41c4-9506-74997441aff0",
            "ticker": "KXHIGHMIA-25JAN25-B68.5",
            "count": 9,
            "created_time": "2025-01-24T15:21:11.213841Z",
            "yes_price": 15,
            "no_price": 85,
            "taker_side": "yes"
        },
        {
            "trade_id": "fd2a4acd-a8c7-4fbc-ad3b-1f1ea4ceb010",
            "ticker": "KXHIGHMIA-25JAN25-B68.5",
            "count": 8,
            "created_time": "2025-01-24T15:18:39.006042Z",
            "yes_price": 16,
            "no_price": 84,
            "taker_side": "yes"
        },
        {
            "trade_id": "88c8670c-5ff1-4598-8e3e-b4cc5114a591",
            "ticker": "KXHIGHMIA-25JAN25-B68.5",
            "count": 20,
            "created_time": "2025-01-24T15:04:25.870503Z",
            "yes_price": 40,
            "no_price": 60,
            "taker_side": "yes"
        }
    ],
    "KXHIGHMIA-25JAN25-B70.5": [
        {
            "trade_id": "6cf97e89-1e05-417c-87a2-43a113484172",
            "ticker": "KXHIGHMIA-25JAN25-B70.5",
            "count": 140,
            "created_time": "2025-01-26T04:49:53.406032Z",
            "yes_price": 1,
            "no_price": 99,
            "taker_side": "yes"
        },
        {
            "trade_id": "3d65f566-690b-41e2-b8c1-f9219c3450a9",
            "ticker": "KXHIGHMIA-25JAN25-B70.5",
            "count": 1374,
            "created_time": "2025-01-26T00:09:57.429718Z",
            "yes_price": 1,
            "no_price": 99,
            "taker_side": "yes"
        },
        {
            "trade_id": "697eab47-81ea-4edc-bc87-07a8c490d1a3",
            "ticker": "KXHIGHMIA-25JAN25-B70.5",
            "count": 187,
            "created_time": "2025-01-25T23:52:48.113528Z",
            "yes_price": 1,
            "no_price": 99,
            "taker_side": "yes"
        },
        {
            "trade_id": "f2dc69a1-b46c-4967-a38f-a66c8f44b4fb",
            "ticker": "KXHIGHMIA-25JAN25-B70.5",
            "count": 90,
            "created_time": "2025-01-25T23:03:01.586932Z",
            "yes_price": 1,
            "no_price": 99,
            "taker_side": "yes"
        },
        {
            "trade_id": "9dac766c-f578-47be-876b-9f43a84fbb16",
            "ticker": "KXHIGHMIA-25JAN25-B70.5",
            "count": 467,
            "created_time": "2025-01-25T22:39:41.674912Z",
            "yes_price": 1,
            "no_price": 99,
            "taker_side": "yes"
        },
        {
            "trade_id": "cf572403-ba87-4591-9f5f-2fc398683561",
            "ticker": "KXHIGHMIA-25JAN25-B70.5",
            "count": 748,
            "created_time": "2025-01-25T22:37:05.217631Z",
            "yes_price": 1,
            "no_price": 99,
            "taker_side": "yes"
        },
        {
            "trade_id": "1c7b1624-44b6-46f1-a5e6-52411325c802",
            "ticker": "KXHIGHMIA-25JAN25-B70.5",
            "count": 1402,
            "created_time": "2025-01-25T22:31:21.475899Z",
            "yes_price": 1,
            "no_price": 99,
            "taker_side": "yes"
        },
        {
            "trade_id": "2ea8a544-4b74-49c5-b55d-b08e83cd2e38",
            "ticker": "KXHIGHMIA-25JAN25-B70.5",
            "count": 916,
            "created_time": "2025-01-25T21:26:30.26326Z",
            "yes_price": 1,
            "no_price": 99,
            "taker_side": "yes"
        },
        {
            "trade_id": "4b1d86c7-7c9c-4a1a-b21a-35b2c000f455",
            "ticker": "KXHIGHMIA-25JAN25-B70.5",
            "count": 100,
            "created_time": "2025-01-25T21:07:29.882563Z",
            "yes_price": 1,
            "no_price": 99,
            "taker_side": "yes"
        },
        {
            "trade_id": "45f458ea-5dde-4932-bbd0-ecdfc9d48354",
            "ticker": "KXHIGHMIA-25JAN25-B70.5",
            "count": 312,
            "created_time": "2025-01-25T21:03:23.234894Z",
            "yes_price": 1,
            "no_price": 99,
            "taker_side": "yes"
        },
        {
            "trade_id": "afc8fc20-d1e4-4818-9d3a-714e45f3e790",
            "ticker": "KXHIGHMIA-25JAN25-B70.5",
            "count": 256,
            "created_time": "2025-01-25T20:13:07.516017Z",
            "yes_price": 1,
            "no_price": 99,
            "taker_side": "yes"
        },
        {
            "trade_id": "8516ffe5-c821-4c50-9304-f40968e0e53d",
            "ticker": "KXHIGHMIA-25JAN25-B70.5",
            "count": 272,
            "created_time": "2025-01-25T20:13:07.516017Z",
            "yes_price": 1,
            "no_price": 99,
            "taker_side": "yes"
        },
        {
            "trade_id": "d4f720ec-9b09-40c9-846f-d02c7da72daa",
            "ticker": "KXHIGHMIA-25JAN25-B70.5",
            "count": 93,
            "created_time": "2025-01-25T19:59:24.836947Z",
            "yes_price": 1,
            "no_price": 99,
            "taker_side": "yes"
        },
        {
            "trade_id": "3aa58289-fb97-4629-b035-8326600c7569",
            "ticker": "KXHIGHMIA-25JAN25-B70.5",
            "count": 100,
            "created_time": "2025-01-25T19:36:38.834675Z",
            "yes_price": 1,
            "no_price": 99,
            "taker_side": "yes"
        },
        {
            "trade_id": "fa6d4e26-9811-4312-9c76-942eccea7df1",
            "ticker": "KXHIGHMIA-25JAN25-B70.5",
            "count": 4,
            "created_time": "2025-01-25T18:55:38.696719Z",
            "yes_price": 19,
            "no_price": 81,
            "taker_side": "no"
        },
        {
            "trade_id": "f4cfdf6c-2d3f-41c9-893c-77e28effbf90",
            "ticker": "KXHIGHMIA-25JAN25-B70.5",
            "count": 100,
            "created_time": "2025-01-25T18:55:38.696719Z",
            "yes_price": 1,
            "no_price": 99,
            "taker_side": "no"
        },
        {
            "trade_id": "d3fb6866-3359-4c76-874f-9c690a949a9c",
            "ticker": "KXHIGHMIA-25JAN25-B70.5",
            "count": 4,
            "created_time": "2025-01-25T18:55:38.696719Z",
            "yes_price": 1,
            "no_price": 99,
            "taker_side": "no"
        },
        {
            "trade_id": "be996a88-08ae-4e91-abf7-b85113bcdd26",
            "ticker": "KXHIGHMIA-25JAN25-B70.5",
            "count": 43,
            "created_time": "2025-01-25T18:55:38.696719Z",
            "yes_price": 1,
            "no_price": 99,
            "taker_side": "no"
        },
        {
            "trade_id": "b4abd488-809c-412d-8101-a62837859890",
            "ticker": "KXHIGHMIA-25JAN25-B70.5",
            "count": 108,
            "created_time": "2025-01-25T18:55:38.696719Z",
            "yes_price": 1,
            "no_price": 99,
            "taker_side": "no"
        },
        {
            "trade_id": "98e99738-56fd-48fd-8f52-e6c4ac74ea11",
            "ticker": "KXHIGHMIA-25JAN25-B70.5",
            "count": 50,
            "created_time": "2025-01-25T18:55:38.696719Z",
            "yes_price": 18,
            "no_price": 82,
            "taker_side": "no"
        },
        {
            "trade_id": "1c23a767-7496-4651-ba46-c1a8b9ef948c",
            "ticker": "KXHIGHMIA-25JAN25-B70.5",
            "count": 500,
            "created_time": "2025-01-25T18:55:38.696719Z",
            "yes_price": 1,
            "no_price": 99,
            "taker_side": "no"
        },
        {
            "trade_id": "189c34fe-d2d7-4fab-bde0-c020e841f15a",
            "ticker": "KXHIGHMIA-25JAN25-B70.5",
            "count": 50,
            "created_time": "2025-01-25T18:55:38.696719Z",
            "yes_price": 2,
            "no_price": 98,
            "taker_side": "no"
        },
        {
            "trade_id": "13d2e7e4-f3b0-4177-a4b2-352ec2f719d4",
            "ticker": "KXHIGHMIA-25JAN25-B70.5",
            "count": 20,
            "created_time": "2025-01-25T18:55:38.696719Z",
            "yes_price": 2,
            "no_price": 98,
            "taker_side": "no"
        },
        {
            "trade_id": "01b8a677-54a0-4e1c-b29c-0f1fe64af859",
            "ticker": "KXHIGHMIA-25JAN25-B70.5",
            "count": 156,
            "created_time": "2025-01-25T18:55:38.696719Z",
            "yes_price": 1,
            "no_price": 99,
            "taker_side": "no"
        },
        {
            "trade_id": "c4f00f33-8807-441e-a086-0facfa60b334",
            "ticker": "KXHIGHMIA-25JAN25-B70.5",
            "count": 270,
            "created_time": "2025-01-25T18:55:13.970361Z",
            "yes_price": 18,
            "no_price": 82,
            "taker_side": "yes"
        },
        {
            "trade_id": "d3a7ab24-80bf-42cf-bceb-810724d02a00",
            "ticker": "KXHIGHMIA-25JAN25-B70.5",
            "count": 50,
            "created_time": "2025-01-25T18:55:13.862858Z",
            "yes_price": 18,
            "no_price": 82,
            "taker_side": "yes"
        },
        {
            "trade_id": "bb8fa3e8-da32-4f8e-a600-f31b81a3753d",
            "ticker": "KXHIGHMIA-25JAN25-B70.5",
            "count": 3,
            "created_time": "2025-01-25T18:54:43.053178Z",
            "yes_price": 15,
            "no_price": 85,
            "taker_side": "yes"
        },
        {
            "trade_id": "e887d80e-a66c-4669-baee-a96cc7e297bc",
            "ticker": "KXHIGHMIA-25JAN25-B70.5",
            "count": 3,
            "created_time": "2025-01-25T18:52:01.005057Z",
            "yes_price": 2,
            "no_price": 98,
            "taker_side": "no"
        },
        {
            "trade_id": "8dfaaadd-4f04-420d-ace9-367d39c31808",
            "ticker": "KXHIGHMIA-25JAN25-B70.5",
            "count": 3,
            "created_time": "2025-01-25T18:31:49.773616Z",
            "yes_price": 7,
            "no_price": 93,
            "taker_side": "no"
        },
        {
            "trade_id": "f594b744-17df-484a-b53e-333ae9c0579a",
            "ticker": "KXHIGHMIA-25JAN25-B70.5",
            "count": 42,
            "created_time": "2025-01-25T18:22:42.818297Z",
            "yes_price": 22,
            "no_price": 78,
            "taker_side": "yes"
        },
        {
            "trade_id": "13c851e2-7488-4231-8f8f-c4594edd4e67",
            "ticker": "KXHIGHMIA-25JAN25-B70.5",
            "count": 1,
            "created_time": "2025-01-25T18:22:42.818297Z",
            "yes_price": 12,
            "no_price": 88,
            "taker_side": "yes"
        },
        {
            "trade_id": "dfb97019-e46e-4523-b7d6-92eaaa7251b9",
            "ticker": "KXHIGHMIA-25JAN25-B70.5",
            "count": 2,
            "created_time": "2025-01-25T18:22:09.905136Z",
            "yes_price": 4,
            "no_price": 96,
            "taker_side": "yes"
        },
        {
            "trade_id": "b5571e66-be2e-4883-8488-d23ab401a7d0",
            "ticker": "KXHIGHMIA-25JAN25-B70.5",
            "count": 11,
            "created_time": "2025-01-25T18:22:09.582153Z",
            "yes_price": 4,
            "no_price": 96,
            "taker_side": "yes"
        },
        {
            "trade_id": "15c2bb7a-debf-40cf-80e0-2c2a5d1f95dc",
            "ticker": "KXHIGHMIA-25JAN25-B70.5",
            "count": 5,
            "created_time": "2025-01-25T18:22:09.490877Z",
            "yes_price": 4,
            "no_price": 96,
            "taker_side": "no"
        },
        {
            "trade_id": "d04a8cf1-f642-4741-8126-59f3a6428cf6",
            "ticker": "KXHIGHMIA-25JAN25-B70.5",
            "count": 1,
            "created_time": "2025-01-25T18:21:55.909565Z",
            "yes_price": 4,
            "no_price": 96,
            "taker_side": "no"
        },
        {
            "trade_id": "fdcb629f-6d18-4a17-a5d2-88970839c9fd",
            "ticker": "KXHIGHMIA-25JAN25-B70.5",
            "count": 21,
            "created_time": "2025-01-25T18:16:59.659011Z",
            "yes_price": 5,
            "no_price": 95,
            "taker_side": "yes"
        },
        {
            "trade_id": "b19aa1fb-68cf-4d06-9644-c418032a8f59",
            "ticker": "KXHIGHMIA-25JAN25-B70.5",
            "count": 75,
            "created_time": "2025-01-25T18:16:33.495846Z",
            "yes_price": 5,
            "no_price": 95,
            "taker_side": "yes"
        },
        {
            "trade_id": "153be332-c0d9-4950-8b91-04a06d9dd26c",
            "ticker": "KXHIGHMIA-25JAN25-B70.5",
            "count": 4,
            "created_time": "2025-01-25T18:14:32.533378Z",
            "yes_price": 5,
            "no_price": 95,
            "taker_side": "no"
        },
        {
            "trade_id": "96819aec-508d-4278-b7c5-1a15f4824e7e",
            "ticker": "KXHIGHMIA-25JAN25-B70.5",
            "count": 2,
            "created_time": "2025-01-25T18:11:18.06566Z",
            "yes_price": 10,
            "no_price": 90,
            "taker_side": "yes"
        },
        {
            "trade_id": "6cc4002a-098f-40c4-b5c2-850d825df50d",
            "ticker": "KXHIGHMIA-25JAN25-B70.5",
            "count": 19,
            "created_time": "2025-01-25T18:11:18.06566Z",
            "yes_price": 23,
            "no_price": 77,
            "taker_side": "yes"
        },
        {
            "trade_id": "2e9751e2-c09a-4fd6-b465-5f2bbc9f91ec",
            "ticker": "KXHIGHMIA-25JAN25-B70.5",
            "count": 2,
            "created_time": "2025-01-25T18:11:18.06566Z",
            "yes_price": 22,
            "no_price": 78,
            "taker_side": "yes"
        },
        {
            "trade_id": "078572f2-5ff8-4e46-8a14-23463f084e8e",
            "ticker": "KXHIGHMIA-25JAN25-B70.5",
            "count": 17,
            "created_time": "2025-01-25T18:11:18.06566Z",
            "yes_price": 24,
            "no_price": 76,
            "taker_side": "yes"
        },
        {
            "trade_id": "e292ce51-b085-4f61-8d19-1f40ed59befc",
            "ticker": "KXHIGHMIA-25JAN25-B70.5",
            "count": 15,
            "created_time": "2025-01-25T18:07:36.731579Z",
            "yes_price": 18,
            "no_price": 82,
            "taker_side": "yes"
        },
        {
            "trade_id": "cc1ae39b-ef1b-4223-952f-7111a3ed9971",
            "ticker": "KXHIGHMIA-25JAN25-B70.5",
            "count": 17,
            "created_time": "2025-01-25T18:07:36.731579Z",
            "yes_price": 19,
            "no_price": 81,
            "taker_side": "yes"
        },
        {
            "trade_id": "777a8fab-d208-4cab-a171-2ea0f2742b1f",
            "ticker": "KXHIGHMIA-25JAN25-B70.5",
            "count": 1,
            "created_time": "2025-01-25T18:07:36.731579Z",
            "yes_price": 17,
            "no_price": 83,
            "taker_side": "yes"
        },
        {
            "trade_id": "4f7195f6-4cc9-4b3f-8dbc-bac492ae579f",
            "ticker": "KXHIGHMIA-25JAN25-B70.5",
            "count": 1,
            "created_time": "2025-01-25T18:04:23.140718Z",
            "yes_price": 6,
            "no_price": 94,
            "taker_side": "no"
        },
        {
            "trade_id": "0d583ac5-a118-458e-bedd-119e2b966578",
            "ticker": "KXHIGHMIA-25JAN25-B70.5",
            "count": 425,
            "created_time": "2025-01-25T18:04:23.140718Z",
            "yes_price": 6,
            "no_price": 94,
            "taker_side": "no"
        },
        {
            "trade_id": "4adb27d5-d7e9-4b07-9e26-60fb7cccca3c",
            "ticker": "KXHIGHMIA-25JAN25-B70.5",
            "count": 2,
            "created_time": "2025-01-25T18:01:22.76946Z",
            "yes_price": 5,
            "no_price": 95,
            "taker_side": "no"
        },
        {
            "trade_id": "cf89498c-914b-4135-b39e-c81565a77a11",
            "ticker": "KXHIGHMIA-25JAN25-B70.5",
            "count": 76,
            "created_time": "2025-01-25T17:57:07.607555Z",
            "yes_price": 10,
            "no_price": 90,
            "taker_side": "yes"
        },
        {
            "trade_id": "174adfea-f018-4312-8b21-b65ef8c84642",
            "ticker": "KXHIGHMIA-25JAN25-B70.5",
            "count": 2,
            "created_time": "2025-01-25T17:57:07.607555Z",
            "yes_price": 9,
            "no_price": 91,
            "taker_side": "yes"
        },
        {
            "trade_id": "2acb1b1c-c30d-4809-ad00-38ae21f95e70",
            "ticker": "KXHIGHMIA-25JAN25-B70.5",
            "count": 353,
            "created_time": "2025-01-25T17:57:02.994282Z",
            "yes_price": 6,
            "no_price": 94,
            "taker_side": "yes"
        },
        {
            "trade_id": "434159cf-d125-417c-8327-ae6fc40dad4a",
            "ticker": "KXHIGHMIA-25JAN25-B70.5",
            "count": 78,
            "created_time": "2025-01-25T17:55:15.411116Z",
            "yes_price": 6,
            "no_price": 94,
            "taker_side": "yes"
        },
        {
            "trade_id": "f56e8118-a914-410e-a256-0b106d96f31a",
            "ticker": "KXHIGHMIA-25JAN25-B70.5",
            "count": 50,
            "created_time": "2025-01-25T17:54:43.351833Z",
            "yes_price": 6,
            "no_price": 94,
            "taker_side": "yes"
        },
        {
            "trade_id": "e1807adb-1594-4829-b71b-6228e770a6ec",
            "ticker": "KXHIGHMIA-25JAN25-B70.5",
            "count": 200,
            "created_time": "2025-01-25T17:51:38.587484Z",
            "yes_price": 3,
            "no_price": 97,
            "taker_side": "no"
        },
        {
            "trade_id": "367fbb35-9c5b-4ef1-84bf-bada939c93b0",
            "ticker": "KXHIGHMIA-25JAN25-B70.5",
            "count": 388,
            "created_time": "2025-01-25T17:51:38.587484Z",
            "yes_price": 3,
            "no_price": 97,
            "taker_side": "no"
        },
        {
            "trade_id": "d9e00423-0799-4b14-aea3-f760135b3490",
            "ticker": "KXHIGHMIA-25JAN25-B70.5",
            "count": 50,
            "created_time": "2025-01-25T17:48:16.438017Z",
            "yes_price": 4,
            "no_price": 96,
            "taker_side": "no"
        },
        {
            "trade_id": "139e268f-7244-49a3-b1e7-60d83b23af2f",
            "ticker": "KXHIGHMIA-25JAN25-B70.5",
            "count": 15,
            "created_time": "2025-01-25T17:47:05.971453Z",
            "yes_price": 6,
            "no_price": 94,
            "taker_side": "yes"
        },
        {
            "trade_id": "7ebc39eb-0f58-4885-8f21-b604c6f8ca08",
            "ticker": "KXHIGHMIA-25JAN25-B70.5",
            "count": 4,
            "created_time": "2025-01-25T17:46:33.996909Z",
            "yes_price": 6,
            "no_price": 94,
            "taker_side": "yes"
        },
        {
            "trade_id": "263d24d0-5f20-4c35-a3d4-356b62875779",
            "ticker": "KXHIGHMIA-25JAN25-B70.5",
            "count": 13,
            "created_time": "2025-01-25T17:46:33.996909Z",
            "yes_price": 5,
            "no_price": 95,
            "taker_side": "yes"
        },
        {
            "trade_id": "ccf77439-5458-49a8-82c8-cf9138ae029e",
            "ticker": "KXHIGHMIA-25JAN25-B70.5",
            "count": 27,
            "created_time": "2025-01-25T17:45:42.916021Z",
            "yes_price": 5,
            "no_price": 95,
            "taker_side": "yes"
        },
        {
            "trade_id": "bfdf507a-eb8e-456e-ae00-828ae778919a",
            "ticker": "KXHIGHMIA-25JAN25-B70.5",
            "count": 40,
            "created_time": "2025-01-25T17:44:48.228307Z",
            "yes_price": 5,
            "no_price": 95,
            "taker_side": "no"
        },
        {
            "trade_id": "41e1e3fd-054b-4d61-b3f0-dbe77618608d",
            "ticker": "KXHIGHMIA-25JAN25-B70.5",
            "count": 50,
            "created_time": "2025-01-25T17:44:48.228307Z",
            "yes_price": 4,
            "no_price": 96,
            "taker_side": "no"
        },
        {
            "trade_id": "110ebc41-ff30-427d-a7f8-e521b671726a",
            "ticker": "KXHIGHMIA-25JAN25-B70.5",
            "count": 1,
            "created_time": "2025-01-25T17:43:51.384981Z",
            "yes_price": 5,
            "no_price": 95,
            "taker_side": "no"
        },
        {
            "trade_id": "e9c7886c-937d-43fb-a492-b467a13bb5e2",
            "ticker": "KXHIGHMIA-25JAN25-B70.5",
            "count": 9,
            "created_time": "2025-01-25T17:43:34.627394Z",
            "yes_price": 5,
            "no_price": 95,
            "taker_side": "no"
        },
        {
            "trade_id": "897e939c-d015-416d-bded-ce14632c0673",
            "ticker": "KXHIGHMIA-25JAN25-B70.5",
            "count": 7,
            "created_time": "2025-01-25T17:41:08.555252Z",
            "yes_price": 11,
            "no_price": 89,
            "taker_side": "no"
        },
        {
            "trade_id": "c37c2438-f27a-4457-b5a6-11c6d3ace39c",
            "ticker": "KXHIGHMIA-25JAN25-B70.5",
            "count": 18,
            "created_time": "2025-01-25T17:41:08.252167Z",
            "yes_price": 11,
            "no_price": 89,
            "taker_side": "no"
        },
        {
            "trade_id": "8b2f6249-a2ef-44be-b172-5e375a9b6738",
            "ticker": "KXHIGHMIA-25JAN25-B70.5",
            "count": 1,
            "created_time": "2025-01-25T17:41:08.03825Z",
            "yes_price": 11,
            "no_price": 89,
            "taker_side": "no"
        },
        {
            "trade_id": "fa4923a9-3d63-405d-ba14-e64cc2f432bb",
            "ticker": "KXHIGHMIA-25JAN25-B70.5",
            "count": 11,
            "created_time": "2025-01-25T17:36:11.69004Z",
            "yes_price": 4,
            "no_price": 96,
            "taker_side": "no"
        },
        {
            "trade_id": "f7cd86b1-f00a-4f2f-8bd3-2acf10b45b6f",
            "ticker": "KXHIGHMIA-25JAN25-B70.5",
            "count": 320,
            "created_time": "2025-01-25T17:36:11.69004Z",
            "yes_price": 18,
            "no_price": 82,
            "taker_side": "no"
        },
        {
            "trade_id": "e1de55e4-1fed-40ef-b5b3-ae9b8e6694ba",
            "ticker": "KXHIGHMIA-25JAN25-B70.5",
            "count": 50,
            "created_time": "2025-01-25T17:36:11.69004Z",
            "yes_price": 5,
            "no_price": 95,
            "taker_side": "no"
        },
        {
            "trade_id": "caf6a92f-ce73-4d96-af3d-fae0b8f8c2a2",
            "ticker": "KXHIGHMIA-25JAN25-B70.5",
            "count": 5,
            "created_time": "2025-01-25T17:36:11.69004Z",
            "yes_price": 19,
            "no_price": 81,
            "taker_side": "no"
        },
        {
            "trade_id": "85a57f77-dd22-49f6-a7a5-3502ad231f9f",
            "ticker": "KXHIGHMIA-25JAN25-B70.5",
            "count": 37,
            "created_time": "2025-01-25T17:36:11.69004Z",
            "yes_price": 12,
            "no_price": 88,
            "taker_side": "no"
        },
        {
            "trade_id": "2ca258bc-4476-45d1-a5ca-01b6c517b053",
            "ticker": "KXHIGHMIA-25JAN25-B70.5",
            "count": 2,
            "created_time": "2025-01-25T17:36:11.69004Z",
            "yes_price": 19,
            "no_price": 81,
            "taker_side": "no"
        },
        {
            "trade_id": "5f9c6f74-960a-4437-b88a-82ee482f8bfc",
            "ticker": "KXHIGHMIA-25JAN25-B70.5",
            "count": 2,
            "created_time": "2025-01-25T17:16:33.456119Z",
            "yes_price": 15,
            "no_price": 85,
            "taker_side": "no"
        },
        {
            "trade_id": "a2f7902c-deeb-4006-8c49-1c28c3846f09",
            "ticker": "KXHIGHMIA-25JAN25-B70.5",
            "count": 42,
            "created_time": "2025-01-25T17:13:31.584235Z",
            "yes_price": 18,
            "no_price": 82,
            "taker_side": "no"
        },
        {
            "trade_id": "2965ddb6-898a-496f-a663-3153ee8c9d53",
            "ticker": "KXHIGHMIA-25JAN25-B70.5",
            "count": 17,
            "created_time": "2025-01-25T17:13:31.584235Z",
            "yes_price": 15,
            "no_price": 85,
            "taker_side": "no"
        },
        {
            "trade_id": "f8ff95dc-5ad5-4e55-b661-9074bf6bec45",
            "ticker": "KXHIGHMIA-25JAN25-B70.5",
            "count": 23,
            "created_time": "2025-01-25T17:13:11.235858Z",
            "yes_price": 20,
            "no_price": 80,
            "taker_side": "no"
        },
        {
            "trade_id": "a059e5dd-93db-488e-ac54-8ebc259414ef",
            "ticker": "KXHIGHMIA-25JAN25-B70.5",
            "count": 58,
            "created_time": "2025-01-25T17:13:11.235858Z",
            "yes_price": 18,
            "no_price": 82,
            "taker_side": "no"
        },
        {
            "trade_id": "35c3815f-284d-4be6-a5e6-94943e1b5ab5",
            "ticker": "KXHIGHMIA-25JAN25-B70.5",
            "count": 40,
            "created_time": "2025-01-25T17:13:11.235858Z",
            "yes_price": 19,
            "no_price": 81,
            "taker_side": "no"
        },
        {
            "trade_id": "44b83880-c900-48ff-aca3-75a0fc58476b",
            "ticker": "KXHIGHMIA-25JAN25-B70.5",
            "count": 27,
            "created_time": "2025-01-25T17:11:19.412704Z",
            "yes_price": 15,
            "no_price": 85,
            "taker_side": "yes"
        },
        {
            "trade_id": "64dfef38-8591-4ebb-9281-ddd634e2d645",
            "ticker": "KXHIGHMIA-25JAN25-B70.5",
            "count": 3,
            "created_time": "2025-01-25T17:08:33.811663Z",
            "yes_price": 15,
            "no_price": 85,
            "taker_side": "yes"
        },
        {
            "trade_id": "15efcb16-e1d4-4d0c-a453-4a23d57a566d",
            "ticker": "KXHIGHMIA-25JAN25-B70.5",
            "count": 49,
            "created_time": "2025-01-25T17:07:44.33542Z",
            "yes_price": 15,
            "no_price": 85,
            "taker_side": "yes"
        },
        {
            "trade_id": "1bedd40d-bbd7-4423-9c13-0f4ad65de9ff",
            "ticker": "KXHIGHMIA-25JAN25-B70.5",
            "count": 1,
            "created_time": "2025-01-25T17:07:16.064257Z",
            "yes_price": 15,
            "no_price": 85,
            "taker_side": "no"
        },
        {
            "trade_id": "f0d6c0f0-c834-454d-8287-d3ba49c45df7",
            "ticker": "KXHIGHMIA-25JAN25-B70.5",
            "count": 4,
            "created_time": "2025-01-25T17:06:30.868603Z",
            "yes_price": 15,
            "no_price": 85,
            "taker_side": "no"
        },
        {
            "trade_id": "cb639d66-a701-45b4-9cab-f121dadf96e2",
            "ticker": "KXHIGHMIA-25JAN25-B70.5",
            "count": 38,
            "created_time": "2025-01-25T17:06:30.868603Z",
            "yes_price": 19,
            "no_price": 81,
            "taker_side": "no"
        },
        {
            "trade_id": "1af6ea76-bee2-43f0-bb18-2b902b5f1915",
            "ticker": "KXHIGHMIA-25JAN25-B70.5",
            "count": 25,
            "created_time": "2025-01-25T17:06:30.868603Z",
            "yes_price": 20,
            "no_price": 80,
            "taker_side": "no"
        },
        {
            "trade_id": "dccd06a0-7aae-4705-896c-f0be2d606a82",
            "ticker": "KXHIGHMIA-25JAN25-B70.5",
            "count": 2,
            "created_time": "2025-01-25T17:06:15.073376Z",
            "yes_price": 20,
            "no_price": 80,
            "taker_side": "no"
        },
        {
            "trade_id": "c5897f75-0bd0-490d-a35d-cf725d6f8331",
            "ticker": "KXHIGHMIA-25JAN25-B70.5",
            "count": 6,
            "created_time": "2025-01-25T17:06:15.073376Z",
            "yes_price": 35,
            "no_price": 65,
            "taker_side": "no"
        },
        {
            "trade_id": "a3c3ad21-7e90-4827-9b15-2e188595fcaa",
            "ticker": "KXHIGHMIA-25JAN25-B70.5",
            "count": 7,
            "created_time": "2025-01-25T17:06:15.073376Z",
            "yes_price": 19,
            "no_price": 81,
            "taker_side": "no"
        },
        {
            "trade_id": "99c69f0a-fa86-4892-aaef-6cca34bb354d",
            "ticker": "KXHIGHMIA-25JAN25-B70.5",
            "count": 50,
            "created_time": "2025-01-25T17:06:15.073376Z",
            "yes_price": 19,
            "no_price": 81,
            "taker_side": "no"
        },
        {
            "trade_id": "b0c672ae-d8d8-494d-a48e-372c4686f40e",
            "ticker": "KXHIGHMIA-25JAN25-B70.5",
            "count": 9,
            "created_time": "2025-01-25T17:02:11.196047Z",
            "yes_price": 35,
            "no_price": 65,
            "taker_side": "no"
        },
        {
            "trade_id": "7fbc0c2e-f113-4ee6-b9a2-b0bc128a8093",
            "ticker": "KXHIGHMIA-25JAN25-B70.5",
            "count": 41,
            "created_time": "2025-01-25T17:02:11.196047Z",
            "yes_price": 40,
            "no_price": 60,
            "taker_side": "no"
        },
        {
            "trade_id": "27dc3eab-8952-445c-88a5-d5900dc6aae1",
            "ticker": "KXHIGHMIA-25JAN25-B70.5",
            "count": 100,
            "created_time": "2025-01-25T17:02:11.196047Z",
            "yes_price": 39,
            "no_price": 61,
            "taker_side": "no"
        },
        {
            "trade_id": "e0fcdc4b-af62-42de-bcc9-53f5667b9549",
            "ticker": "KXHIGHMIA-25JAN25-B70.5",
            "count": 100,
            "created_time": "2025-01-25T17:01:08.085098Z",
            "yes_price": 41,
            "no_price": 59,
            "taker_side": "no"
        },
        {
            "trade_id": "89a08068-5f91-4a83-9ef5-6f6087e4d0fb",
            "ticker": "KXHIGHMIA-25JAN25-B70.5",
            "count": 59,
            "created_time": "2025-01-25T17:01:08.085098Z",
            "yes_price": 40,
            "no_price": 60,
            "taker_side": "no"
        },
        {
            "trade_id": "82b4e78a-c1c7-443c-98f6-a4fae6304666",
            "ticker": "KXHIGHMIA-25JAN25-B70.5",
            "count": 6,
            "created_time": "2025-01-25T16:55:30.963402Z",
            "yes_price": 50,
            "no_price": 50,
            "taker_side": "no"
        },
        {
            "trade_id": "72b743cd-ae16-4ae1-8197-66c0322cb2bd",
            "ticker": "KXHIGHMIA-25JAN25-B70.5",
            "count": 32,
            "created_time": "2025-01-25T16:47:55.823514Z",
            "yes_price": 54,
            "no_price": 46,
            "taker_side": "yes"
        },
        {
            "trade_id": "3ac39f8a-6db9-47e1-93a8-b0db5e3fb0b4",
            "ticker": "KXHIGHMIA-25JAN25-B70.5",
            "count": 144,
            "created_time": "2025-01-25T16:47:55.823514Z",
            "yes_price": 55,
            "no_price": 45,
            "taker_side": "yes"
        },
        {
            "trade_id": "517ca9f6-58cd-4765-856a-db48f5d087af",
            "ticker": "KXHIGHMIA-25JAN25-B70.5",
            "count": 18,
            "created_time": "2025-01-25T16:41:54.228365Z",
            "yes_price": 52,
            "no_price": 48,
            "taker_side": "yes"
        },
        {
            "trade_id": "f678795d-3bb9-4c85-a1ca-6dd6b106c092",
            "ticker": "KXHIGHMIA-25JAN25-B70.5",
            "count": 10,
            "created_time": "2025-01-25T16:41:51.047781Z",
            "yes_price": 53,
            "no_price": 47,
            "taker_side": "yes"
        },
        {
            "trade_id": "14fccb21-263e-4976-8a9f-28f9ee386a9b",
            "ticker": "KXHIGHMIA-25JAN25-B70.5",
            "count": 2,
            "created_time": "2025-01-25T16:41:51.047781Z",
            "yes_price": 53,
            "no_price": 47,
            "taker_side": "yes"
        },
        {
            "trade_id": "f386b306-d5fe-4f79-a09b-d074b5382ecd",
            "ticker": "KXHIGHMIA-25JAN25-B70.5",
            "count": 9,
            "created_time": "2025-01-25T16:35:36.689568Z",
            "yes_price": 42,
            "no_price": 58,
            "taker_side": "no"
        },
        {
            "trade_id": "41c90939-71f8-4295-905a-ae973e942e16",
            "ticker": "KXHIGHMIA-25JAN25-B70.5",
            "count": 10,
            "created_time": "2025-01-25T16:35:04.07706Z",
            "yes_price": 42,
            "no_price": 58,
            "taker_side": "no"
        },
        {
            "trade_id": "868fbb71-2732-438e-8781-948b01296802",
            "ticker": "KXHIGHMIA-25JAN25-B70.5",
            "count": 1,
            "created_time": "2025-01-25T16:32:05.804052Z",
            "yes_price": 47,
            "no_price": 53,
            "taker_side": "yes"
        },
        {
            "trade_id": "6d446d03-2bac-449a-b26b-c3e1df7b294f",
            "ticker": "KXHIGHMIA-25JAN25-B70.5",
            "count": 1,
            "created_time": "2025-01-25T16:32:05.804052Z",
            "yes_price": 53,
            "no_price": 47,
            "taker_side": "yes"
        },
        {
            "trade_id": "a471d137-de8b-49d3-af9f-00d437a2ca94",
            "ticker": "KXHIGHMIA-25JAN25-B70.5",
            "count": 50,
            "created_time": "2025-01-25T16:04:49.504256Z",
            "yes_price": 42,
            "no_price": 58,
            "taker_side": "no"
        },
        {
            "trade_id": "50e0d2a7-58b5-4d51-922d-cd9bb35364b0",
            "ticker": "KXHIGHMIA-25JAN25-B70.5",
            "count": 58,
            "created_time": "2025-01-25T16:04:49.504256Z",
            "yes_price": 42,
            "no_price": 58,
            "taker_side": "no"
        },
        {
            "trade_id": "58e7c4c9-5081-48f5-8c44-7e0ce44bb5e0",
            "ticker": "KXHIGHMIA-25JAN25-B70.5",
            "count": 5,
            "created_time": "2025-01-25T15:55:32.345565Z",
            "yes_price": 42,
            "no_price": 58,
            "taker_side": "no"
        },
        {
            "trade_id": "432f7b64-21dc-45db-a713-dc8a899e9467",
            "ticker": "KXHIGHMIA-25JAN25-B70.5",
            "count": 21,
            "created_time": "2025-01-25T15:43:37.910136Z",
            "yes_price": 44,
            "no_price": 56,
            "taker_side": "no"
        },
        {
            "trade_id": "d762d33d-6a6f-4c91-993f-62b5a6f46695",
            "ticker": "KXHIGHMIA-25JAN25-B70.5",
            "count": 1,
            "created_time": "2025-01-25T15:33:38.447337Z",
            "yes_price": 45,
            "no_price": 55,
            "taker_side": "yes"
        },
        {
            "trade_id": "89d21c0b-73cd-49dc-8ee8-dadc2e4623bf",
            "ticker": "KXHIGHMIA-25JAN25-B70.5",
            "count": 4,
            "created_time": "2025-01-25T15:27:38.049931Z",
            "yes_price": 45,
            "no_price": 55,
            "taker_side": "yes"
        },
        {
            "trade_id": "27255e4c-3035-45b8-978d-d3a4dc9d0baa",
            "ticker": "KXHIGHMIA-25JAN25-B70.5",
            "count": 4,
            "created_time": "2025-01-25T15:20:36.121163Z",
            "yes_price": 45,
            "no_price": 55,
            "taker_side": "yes"
        },
        {
            "trade_id": "1e9f93ed-3b8e-43ca-ac6d-a55e42106958",
            "ticker": "KXHIGHMIA-25JAN25-B70.5",
            "count": 6,
            "created_time": "2025-01-25T15:20:36.121163Z",
            "yes_price": 45,
            "no_price": 55,
            "taker_side": "yes"
        },
        {
            "trade_id": "89cb20b9-fc1b-473e-93c8-bcda449ad9b5",
            "ticker": "KXHIGHMIA-25JAN25-B70.5",
            "count": 401,
            "created_time": "2025-01-25T15:18:03.261259Z",
            "yes_price": 43,
            "no_price": 57,
            "taker_side": "no"
        },
        {
            "trade_id": "6fd5fe39-289a-4085-92f0-ec9cb05771cf",
            "ticker": "KXHIGHMIA-25JAN25-B70.5",
            "count": 1,
            "created_time": "2025-01-25T15:16:10.627794Z",
            "yes_price": 45,
            "no_price": 55,
            "taker_side": "yes"
        },
        {
            "trade_id": "12b62d3f-98b1-4540-8738-89a89bcd68b6",
            "ticker": "KXHIGHMIA-25JAN25-B70.5",
            "count": 1,
            "created_time": "2025-01-25T15:16:10.627794Z",
            "yes_price": 44,
            "no_price": 56,
            "taker_side": "yes"
        },
        {
            "trade_id": "07ec9588-b2e2-4b2e-86a3-f8e71ea31928",
            "ticker": "KXHIGHMIA-25JAN25-B70.5",
            "count": 51,
            "created_time": "2025-01-25T15:16:10.627794Z",
            "yes_price": 45,
            "no_price": 55,
            "taker_side": "yes"
        },
        {
            "trade_id": "fd2e0d5a-c191-4abb-9f9c-633ab319ce0d",
            "ticker": "KXHIGHMIA-25JAN25-B70.5",
            "count": 1,
            "created_time": "2025-01-25T15:09:13.639876Z",
            "yes_price": 44,
            "no_price": 56,
            "taker_side": "yes"
        },
        {
            "trade_id": "63946dc6-16f7-461a-aac3-9ef377b40026",
