{
    "KXHIGHMIA-25FEB27-T74": [],
    "KXHIGHMIA-25FEB27-B74.5": [
        {
            "trade_id": "5a5c3318-1df8-4292-a154-9e1f799e0abc",
            "ticker": "KXHIGHMIA-25FEB27-B74.5",
            "count": 367,
            "created_time": "2025-02-27T23:38:31.422838Z",
            "yes_price": 1,
            "no_price": 99,
            "taker_side": "yes"
        },
        {
            "trade_id": "45b1cabf-3020-469f-917b-371696bd827e",
            "ticker": "KXHIGHMIA-25FEB27-B74.5",
            "count": 100,
            "created_time": "2025-02-27T23:38:31.422838Z",
            "yes_price": 1,
            "no_price": 99,
            "taker_side": "yes"
        },
        {
            "trade_id": "4200962d-2ef0-48ce-9588-00f48264ed02",
            "ticker": "KXHIGHMIA-25FEB27-B74.5",
            "count": 50,
            "created_time": "2025-02-26T17:18:49.635292Z",
            "yes_price": 2,
            "no_price": 98,
            "taker_side": "yes"
        }
    ],
    "KXHIGHMIA-25FEB27-B76.5": [
        {
            "trade_id": "06ad72dd-eeb5-482e-a3d2-9b0e0e26f50e",
            "ticker": "KXHIGHMIA-25FEB27-B76.5",
            "count": 467,
            "created_time": "2025-02-27T23:39:00.494155Z",
            "yes_price": 1,
            "no_price": 99,
            "taker_side": "yes"
        },
        {
            "trade_id": "f1a14b2e-08a3-4a03-bdb1-230e02a072a0",
            "ticker": "KXHIGHMIA-25FEB27-B76.5",
            "count": 200,
            "created_time": "2025-02-27T03:05:48.55992Z",
            "yes_price": 1,
            "no_price": 99,
            "taker_side": "yes"
        },
        {
            "trade_id": "1b315767-95b4-402e-bf20-2b3ee48c7172",
            "ticker": "KXHIGHMIA-25FEB27-B76.5",
            "count": 1,
            "created_time": "2025-02-26T18:37:30.569276Z",
            "yes_price": 1,
            "no_price": 99,
            "taker_side": "yes"
        },
        {
            "trade_id": "f08c23fb-16db-456e-8144-53c7cd2e603f",
            "ticker": "KXHIGHMIA-25FEB27-B76.5",
            "count": 23,
            "created_time": "2025-02-26T18:26:25.735104Z",
            "yes_price": 1,
            "no_price": 99,
            "taker_side": "yes"
        },
        {
            "trade_id": "ccf8d4c8-78ac-421a-98bc-f0b04aa0f803",
            "ticker": "KXHIGHMIA-25FEB27-B76.5",
            "count": 339,
            "created_time": "2025-02-26T17:30:55.294295Z",
            "yes_price": 1,
            "no_price": 99,
            "taker_side": "no"
        },
        {
            "trade_id": "1df220de-882f-4429-8270-d191387c7cca",
            "ticker": "KXHIGHMIA-25FEB27-B76.5",
            "count": 25,
            "created_time": "2025-02-26T17:19:07.11223Z",
            "yes_price": 4,
            "no_price": 96,
            "taker_side": "yes"
        }
    ],
    "KXHIGHMIA-25FEB27-B78.5": [
        {
            "trade_id": "017db0c2-c969-4769-bb72-4bbf75f663d5",
            "ticker": "KXHIGHMIA-25FEB27-B78.5",
            "count": 187,
            "created_time": "2025-02-27T22:02:34.314449Z",
            "yes_price": 1,
            "no_price": 99,
            "taker_side": "yes"
        },
        {
            "trade_id": "97e4fece-8c99-4265-b0d2-708fadc1f72f",
            "ticker": "KXHIGHMIA-25FEB27-B78.5",
            "count": 348,
            "created_time": "2025-02-27T21:39:39.493212Z",
            "yes_price": 1,
            "no_price": 99,
            "taker_side": "yes"
        },
        {
            "trade_id": "01e603fe-e055-4d27-90c1-e15a7c642197",
            "ticker": "KXHIGHMIA-25FEB27-B78.5",
            "count": 118,
            "created_time": "2025-02-27T21:39:39.493212Z",
            "yes_price": 1,
            "no_price": 99,
            "taker_side": "yes"
        },
        {
            "trade_id": "caa0bc9a-a338-4323-96ce-70551df28e82",
            "ticker": "KXHIGHMIA-25FEB27-B78.5",
            "count": 323,
            "created_time": "2025-02-27T20:56:20.105384Z",
            "yes_price": 1,
            "no_price": 99,
            "taker_side": "yes"
        },
        {
            "trade_id": "581eead4-8513-42a4-a673-ffc5c3f3bf3e",
            "ticker": "KXHIGHMIA-25FEB27-B78.5",
            "count": 187,
            "created_time": "2025-02-27T20:24:56.342172Z",
            "yes_price": 1,
            "no_price": 99,
            "taker_side": "yes"
        },
        {
            "trade_id": "d2da45c3-58ee-4747-a5ae-b6b27d62175f",
            "ticker": "KXHIGHMIA-25FEB27-B78.5",
            "count": 467,
            "created_time": "2025-02-27T20:08:10.682487Z",
            "yes_price": 1,
            "no_price": 99,
            "taker_side": "yes"
        },
        {
            "trade_id": "10a2def8-c5ae-479e-a783-34043a2f83fe",
            "ticker": "KXHIGHMIA-25FEB27-B78.5",
            "count": 104,
            "created_time": "2025-02-27T19:42:28.705659Z",
            "yes_price": 1,
            "no_price": 99,
            "taker_side": "yes"
        },
        {
            "trade_id": "b044c0ef-0dcb-4666-84a9-7a6e20b01109",
            "ticker": "KXHIGHMIA-25FEB27-B78.5",
            "count": 5005,
            "created_time": "2025-02-27T19:25:24.926947Z",
            "yes_price": 1,
            "no_price": 99,
            "taker_side": "yes"
        },
        {
            "trade_id": "6b2c5889-b711-4823-8843-319ab409acb2",
            "ticker": "KXHIGHMIA-25FEB27-B78.5",
            "count": 1000,
            "created_time": "2025-02-27T19:25:24.926947Z",
            "yes_price": 1,
            "no_price": 99,
            "taker_side": "yes"
        },
        {
            "trade_id": "6a2cfa99-5bce-4949-9dcd-0a5f032de493",
            "ticker": "KXHIGHMIA-25FEB27-B78.5",
            "count": 1999,
            "created_time": "2025-02-27T19:25:24.926947Z",
            "yes_price": 1,
            "no_price": 99,
            "taker_side": "yes"
        },
        {
            "trade_id": "35bdaaa7-7589-4413-8e6a-1189f48138d1",
            "ticker": "KXHIGHMIA-25FEB27-B78.5",
            "count": 1,
            "created_time": "2025-02-27T19:25:24.926947Z",
            "yes_price": 1,
            "no_price": 99,
            "taker_side": "yes"
        },
        {
            "trade_id": "16fd28e5-a775-427b-a1be-0791a125a0c0",
            "ticker": "KXHIGHMIA-25FEB27-B78.5",
            "count": 1071,
            "created_time": "2025-02-27T19:25:24.926947Z",
            "yes_price": 1,
            "no_price": 99,
            "taker_side": "yes"
        },
        {
            "trade_id": "12268c6f-139a-475a-83d8-0fedb455d9b2",
            "ticker": "KXHIGHMIA-25FEB27-B78.5",
            "count": 96,
            "created_time": "2025-02-27T19:25:24.926947Z",
            "yes_price": 1,
            "no_price": 99,
            "taker_side": "yes"
        },
        {
            "trade_id": "69a668af-9b84-419b-b57c-d55708501f40",
            "ticker": "KXHIGHMIA-25FEB27-B78.5",
            "count": 1402,
            "created_time": "2025-02-27T18:59:28.52058Z",
            "yes_price": 1,
            "no_price": 99,
            "taker_side": "yes"
        },
        {
            "trade_id": "95e79a34-c280-4e09-b5de-6a0830a10ebc",
            "ticker": "KXHIGHMIA-25FEB27-B78.5",
            "count": 93,
            "created_time": "2025-02-27T16:21:00.08645Z",
            "yes_price": 1,
            "no_price": 99,
            "taker_side": "yes"
        },
        {
            "trade_id": "7134dc97-8a5f-4c5a-af31-4beb2d08ddda",
            "ticker": "KXHIGHMIA-25FEB27-B78.5",
            "count": 363,
            "created_time": "2025-02-27T15:46:14.336868Z",
            "yes_price": 1,
            "no_price": 99,
            "taker_side": "no"
        },
        {
            "trade_id": "02f62c4e-a193-424e-adbc-ca03788bced9",
            "ticker": "KXHIGHMIA-25FEB27-B78.5",
            "count": 50,
            "created_time": "2025-02-27T15:46:14.336868Z",
            "yes_price": 1,
            "no_price": 99,
            "taker_side": "no"
        },
        {
            "trade_id": "f75a181d-c49f-4a59-9766-733e6871ffdc",
            "ticker": "KXHIGHMIA-25FEB27-B78.5",
            "count": 250,
            "created_time": "2025-02-27T15:43:01.408532Z",
            "yes_price": 2,
            "no_price": 98,
            "taker_side": "no"
        },
        {
            "trade_id": "2347d52b-f87c-4234-b62e-096e3bcb3ff1",
            "ticker": "KXHIGHMIA-25FEB27-B78.5",
            "count": 50,
            "created_time": "2025-02-27T15:43:01.408532Z",
            "yes_price": 2,
            "no_price": 98,
            "taker_side": "no"
        },
        {
            "trade_id": "42ec258c-6f6c-48a5-837c-a2d0a0cd0723",
            "ticker": "KXHIGHMIA-25FEB27-B78.5",
            "count": 13,
            "created_time": "2025-02-27T15:17:01.062645Z",
            "yes_price": 1,
            "no_price": 99,
            "taker_side": "yes"
        },
        {
            "trade_id": "33fa1cda-a384-4eb3-a424-56f117a1c4e8",
            "ticker": "KXHIGHMIA-25FEB27-B78.5",
            "count": 34,
            "created_time": "2025-02-27T15:10:22.308556Z",
            "yes_price": 1,
            "no_price": 99,
            "taker_side": "no"
        },
        {
            "trade_id": "108ab7f3-e35d-4c49-9ff8-acdb15c6b2fe",
            "ticker": "KXHIGHMIA-25FEB27-B78.5",
            "count": 50,
            "created_time": "2025-02-27T15:09:35.126383Z",
            "yes_price": 3,
            "no_price": 97,
            "taker_side": "no"
        },
        {
            "trade_id": "d202c1fc-44d7-4f62-b6c2-ca72fe0accec",
            "ticker": "KXHIGHMIA-25FEB27-B78.5",
            "count": 25,
            "created_time": "2025-02-27T14:33:08.597944Z",
            "yes_price": 8,
            "no_price": 92,
            "taker_side": "yes"
        },
        {
            "trade_id": "57872360-74cb-427d-8ebb-d54a8ba1efb4",
            "ticker": "KXHIGHMIA-25FEB27-B78.5",
            "count": 50,
            "created_time": "2025-02-27T14:33:08.597944Z",
            "yes_price": 7,
            "no_price": 93,
            "taker_side": "yes"
        },
        {
            "trade_id": "b9888034-b857-4cc5-8725-0fe54eaa217e",
            "ticker": "KXHIGHMIA-25FEB27-B78.5",
            "count": 9,
            "created_time": "2025-02-27T14:28:28.106268Z",
            "yes_price": 7,
            "no_price": 93,
            "taker_side": "yes"
        },
        {
            "trade_id": "566088f8-e8dd-4356-8abd-37212b2ca21d",
            "ticker": "KXHIGHMIA-25FEB27-B78.5",
            "count": 46,
            "created_time": "2025-02-27T14:12:48.148794Z",
            "yes_price": 6,
            "no_price": 94,
            "taker_side": "yes"
        },
        {
            "trade_id": "485c1f3b-9b24-4a47-882a-ba7f1a0f3862",
            "ticker": "KXHIGHMIA-25FEB27-B78.5",
            "count": 97,
            "created_time": "2025-02-27T14:11:42.159593Z",
            "yes_price": 2,
            "no_price": 98,
            "taker_side": "no"
        },
        {
            "trade_id": "8670f412-9619-4567-9c91-544e4ac6e743",
            "ticker": "KXHIGHMIA-25FEB27-B78.5",
            "count": 31,
            "created_time": "2025-02-27T14:11:08.502602Z",
            "yes_price": 3,
            "no_price": 97,
            "taker_side": "no"
        },
        {
            "trade_id": "a66f2b13-27b3-4939-babb-3f83f10b88ec",
            "ticker": "KXHIGHMIA-25FEB27-B78.5",
            "count": 50,
            "created_time": "2025-02-27T14:01:49.461423Z",
            "yes_price": 3,
            "no_price": 97,
            "taker_side": "no"
        },
        {
            "trade_id": "b8cee195-774c-462a-902d-594a6e9f1732",
            "ticker": "KXHIGHMIA-25FEB27-B78.5",
            "count": 49,
            "created_time": "2025-02-27T13:51:17.095576Z",
            "yes_price": 4,
            "no_price": 96,
            "taker_side": "no"
        },
        {
            "trade_id": "acebfc3a-e313-4aea-aadb-806188899e9b",
            "ticker": "KXHIGHMIA-25FEB27-B78.5",
            "count": 50,
            "created_time": "2025-02-27T13:51:17.095576Z",
            "yes_price": 4,
            "no_price": 96,
            "taker_side": "no"
        },
        {
            "trade_id": "90d02cb6-0030-4788-a952-6d6f6ff67a52",
            "ticker": "KXHIGHMIA-25FEB27-B78.5",
            "count": 16,
            "created_time": "2025-02-27T13:51:17.095576Z",
            "yes_price": 4,
            "no_price": 96,
            "taker_side": "no"
        },
        {
            "trade_id": "ba5d1ba4-d600-4655-a358-810833ea71cf",
            "ticker": "KXHIGHMIA-25FEB27-B78.5",
            "count": 35,
            "created_time": "2025-02-27T13:44:27.485459Z",
            "yes_price": 7,
            "no_price": 93,
            "taker_side": "yes"
        },
        {
            "trade_id": "79b54078-2300-4b71-a2d8-8567edcec33a",
            "ticker": "KXHIGHMIA-25FEB27-B78.5",
            "count": 5,
            "created_time": "2025-02-27T13:44:27.485459Z",
            "yes_price": 7,
            "no_price": 93,
            "taker_side": "yes"
        },
        {
            "trade_id": "63c3d049-1301-41fd-bac5-4fdf78d00a3d",
            "ticker": "KXHIGHMIA-25FEB27-B78.5",
            "count": 40,
            "created_time": "2025-02-27T13:29:22.176242Z",
            "yes_price": 7,
            "no_price": 93,
            "taker_side": "yes"
        },
        {
            "trade_id": "50544622-82ac-424b-aaa8-20fdf057c1a3",
            "ticker": "KXHIGHMIA-25FEB27-B78.5",
            "count": 100,
            "created_time": "2025-02-27T13:01:39.81375Z",
            "yes_price": 5,
            "no_price": 95,
            "taker_side": "no"
        },
        {
            "trade_id": "270b16d2-9b71-4169-bfe3-67c9633852ad",
            "ticker": "KXHIGHMIA-25FEB27-B78.5",
            "count": 4,
            "created_time": "2025-02-27T13:01:39.81375Z",
            "yes_price": 4,
            "no_price": 96,
            "taker_side": "no"
        },
        {
            "trade_id": "c7da44a7-9985-4b2e-b1d8-c6ef38418553",
            "ticker": "KXHIGHMIA-25FEB27-B78.5",
            "count": 38,
            "created_time": "2025-02-27T06:24:29.173989Z",
            "yes_price": 10,
            "no_price": 90,
            "taker_side": "yes"
        },
        {
            "trade_id": "8a5935c4-07eb-48f1-8bc2-0c193dad9626",
            "ticker": "KXHIGHMIA-25FEB27-B78.5",
            "count": 9,
            "created_time": "2025-02-27T06:24:29.173989Z",
            "yes_price": 10,
            "no_price": 90,
            "taker_side": "yes"
        },
        {
            "trade_id": "7fe73fa9-281c-42f4-95bd-41e1471996f0",
            "ticker": "KXHIGHMIA-25FEB27-B78.5",
            "count": 9,
            "created_time": "2025-02-27T05:57:20.703378Z",
            "yes_price": 10,
            "no_price": 90,
            "taker_side": "yes"
        },
        {
            "trade_id": "a9ef5a4c-170b-45be-b39c-c16642e74b32",
            "ticker": "KXHIGHMIA-25FEB27-B78.5",
            "count": 28,
            "created_time": "2025-02-27T05:42:47.309712Z",
            "yes_price": 10,
            "no_price": 90,
            "taker_side": "yes"
        },
        {
            "trade_id": "bc470bd8-6ea9-46d0-a9e4-3d73e689c7f1",
            "ticker": "KXHIGHMIA-25FEB27-B78.5",
            "count": 10,
            "created_time": "2025-02-27T05:39:52.43821Z",
            "yes_price": 9,
            "no_price": 91,
            "taker_side": "yes"
        },
        {
            "trade_id": "4b249ee0-e036-4e37-a6f8-6b99145be7ee",
            "ticker": "KXHIGHMIA-25FEB27-B78.5",
            "count": 42,
            "created_time": "2025-02-27T05:39:52.43821Z",
            "yes_price": 11,
            "no_price": 89,
            "taker_side": "yes"
        },
        {
            "trade_id": "23d90356-9813-4f16-a3fa-06b585a28add",
            "ticker": "KXHIGHMIA-25FEB27-B78.5",
            "count": 82,
            "created_time": "2025-02-27T05:39:52.43821Z",
            "yes_price": 9,
            "no_price": 91,
            "taker_side": "yes"
        },
        {
            "trade_id": "19e2b1ef-7999-4cf5-be9a-a231079da77b",
            "ticker": "KXHIGHMIA-25FEB27-B78.5",
            "count": 10,
            "created_time": "2025-02-27T05:39:52.43821Z",
            "yes_price": 9,
            "no_price": 91,
            "taker_side": "yes"
        },
        {
            "trade_id": "e2e0a836-0dce-4b12-9329-c3d28f328325",
            "ticker": "KXHIGHMIA-25FEB27-B78.5",
            "count": 10,
            "created_time": "2025-02-27T05:26:28.793168Z",
            "yes_price": 9,
            "no_price": 91,
            "taker_side": "yes"
        },
        {
            "trade_id": "ba2f05ae-d60a-4f85-aeff-adb05514df77",
            "ticker": "KXHIGHMIA-25FEB27-B78.5",
            "count": 16,
            "created_time": "2025-02-27T05:26:28.793168Z",
            "yes_price": 8,
            "no_price": 92,
            "taker_side": "yes"
        },
        {
            "trade_id": "aa398c60-ae32-417c-a670-dbf90b2975c5",
            "ticker": "KXHIGHMIA-25FEB27-B78.5",
            "count": 2,
            "created_time": "2025-02-27T05:26:28.793168Z",
            "yes_price": 8,
            "no_price": 92,
            "taker_side": "yes"
        },
        {
            "trade_id": "65c7937e-8900-41a9-beb2-4d552e2b89bc",
            "ticker": "KXHIGHMIA-25FEB27-B78.5",
            "count": 10,
            "created_time": "2025-02-27T05:26:28.793168Z",
            "yes_price": 8,
            "no_price": 92,
            "taker_side": "yes"
        },
        {
            "trade_id": "2c4fd6c1-c297-4199-b1f5-4abbe92de8f2",
            "ticker": "KXHIGHMIA-25FEB27-B78.5",
            "count": 6,
            "created_time": "2025-02-27T05:26:28.793168Z",
            "yes_price": 10,
            "no_price": 90,
            "taker_side": "yes"
        },
        {
            "trade_id": "28126f73-b0ce-4912-a5a4-eea6d6a9fbaf",
            "ticker": "KXHIGHMIA-25FEB27-B78.5",
            "count": 31,
            "created_time": "2025-02-27T05:26:28.793168Z",
            "yes_price": 8,
            "no_price": 92,
            "taker_side": "yes"
        },
        {
            "trade_id": "24166a25-fc74-458e-91ca-fe415ba60407",
            "ticker": "KXHIGHMIA-25FEB27-B78.5",
            "count": 30,
            "created_time": "2025-02-27T05:26:28.793168Z",
            "yes_price": 10,
            "no_price": 90,
            "taker_side": "yes"
        },
        {
            "trade_id": "226e1a64-ad99-4889-80ef-ef25b61ebdd4",
            "ticker": "KXHIGHMIA-25FEB27-B78.5",
            "count": 1,
            "created_time": "2025-02-27T05:26:28.793168Z",
            "yes_price": 10,
            "no_price": 90,
            "taker_side": "yes"
        },
        {
            "trade_id": "d35efcd0-88b5-4c11-9789-58c1e77ae91e",
            "ticker": "KXHIGHMIA-25FEB27-B78.5",
            "count": 50,
            "created_time": "2025-02-27T05:23:24.605702Z",
            "yes_price": 2,
            "no_price": 98,
            "taker_side": "no"
        },
        {
            "trade_id": "9da61573-f468-43fd-9481-da8c043731d5",
            "ticker": "KXHIGHMIA-25FEB27-B78.5",
            "count": 148,
            "created_time": "2025-02-27T05:23:24.605702Z",
            "yes_price": 1,
            "no_price": 99,
            "taker_side": "no"
        },
        {
            "trade_id": "252f8966-a7e2-4097-9e19-9bea35267ff8",
            "ticker": "KXHIGHMIA-25FEB27-B78.5",
            "count": 240,
            "created_time": "2025-02-27T05:23:24.605702Z",
            "yes_price": 3,
            "no_price": 97,
            "taker_side": "no"
        },
        {
            "trade_id": "0b88f3b4-a2ff-461a-a5b3-9527a72198e4",
            "ticker": "KXHIGHMIA-25FEB27-B78.5",
            "count": 50,
            "created_time": "2025-02-27T05:23:24.605702Z",
            "yes_price": 3,
            "no_price": 97,
            "taker_side": "no"
        },
        {
            "trade_id": "a824b74f-654c-4c66-95b9-b461840d5a22",
            "ticker": "KXHIGHMIA-25FEB27-B78.5",
            "count": 16,
            "created_time": "2025-02-27T05:23:02.99727Z",
            "yes_price": 5,
            "no_price": 95,
            "taker_side": "no"
        },
        {
            "trade_id": "86ba8e27-799b-4610-9b4c-3cbdd56fd5c8",
            "ticker": "KXHIGHMIA-25FEB27-B78.5",
            "count": 10,
            "created_time": "2025-02-27T05:23:02.99727Z",
            "yes_price": 5,
            "no_price": 95,
            "taker_side": "no"
        },
        {
            "trade_id": "7b7d8207-9f36-46f6-83f1-7e66b6a65498",
            "ticker": "KXHIGHMIA-25FEB27-B78.5",
            "count": 177,
            "created_time": "2025-02-27T05:08:47.891447Z",
            "yes_price": 11,
            "no_price": 89,
            "taker_side": "yes"
        },
        {
            "trade_id": "79bf84aa-d660-4beb-892d-5a9bbc76b126",
            "ticker": "KXHIGHMIA-25FEB27-B78.5",
            "count": 61,
            "created_time": "2025-02-27T05:08:47.891447Z",
            "yes_price": 7,
            "no_price": 93,
            "taker_side": "yes"
        },
        {
            "trade_id": "79b1849b-7679-4df9-9874-e77fb92e4f8f",
            "ticker": "KXHIGHMIA-25FEB27-B78.5",
            "count": 2,
            "created_time": "2025-02-27T05:08:47.891447Z",
            "yes_price": 7,
            "no_price": 93,
            "taker_side": "yes"
        },
        {
            "trade_id": "51cb64a8-d41e-4edb-bb84-6549f1357d0d",
            "ticker": "KXHIGHMIA-25FEB27-B78.5",
            "count": 240,
            "created_time": "2025-02-27T05:08:47.891447Z",
            "yes_price": 9,
            "no_price": 91,
            "taker_side": "yes"
        },
        {
            "trade_id": "13a8c053-c753-4d3f-9e4a-b21d52acd0be",
            "ticker": "KXHIGHMIA-25FEB27-B78.5",
            "count": 8,
            "created_time": "2025-02-27T05:08:47.891447Z",
            "yes_price": 7,
            "no_price": 93,
            "taker_side": "yes"
        },
        {
            "trade_id": "aa95e9f2-68bc-4ccb-8e45-824adbc64149",
            "ticker": "KXHIGHMIA-25FEB27-B78.5",
            "count": 11,
            "created_time": "2025-02-27T03:27:04.53412Z",
            "yes_price": 8,
            "no_price": 92,
            "taker_side": "yes"
        },
        {
            "trade_id": "6b0e9969-2088-43d4-bcdc-9c42831341eb",
            "ticker": "KXHIGHMIA-25FEB27-B78.5",
            "count": 111,
            "created_time": "2025-02-27T03:18:23.475216Z",
            "yes_price": 8,
            "no_price": 92,
            "taker_side": "no"
        },
        {
            "trade_id": "0eb92938-9434-4f03-9cfd-3db32bc2fac1",
            "ticker": "KXHIGHMIA-25FEB27-B78.5",
            "count": 89,
            "created_time": "2025-02-27T03:15:26.955892Z",
            "yes_price": 8,
            "no_price": 92,
            "taker_side": "no"
        },
        {
            "trade_id": "8132af4f-fcae-46ad-9ef6-ed372feed5ff",
            "ticker": "KXHIGHMIA-25FEB27-B78.5",
            "count": 18,
            "created_time": "2025-02-27T03:12:26.068544Z",
            "yes_price": 9,
            "no_price": 91,
            "taker_side": "no"
        },
        {
            "trade_id": "643ff51b-3f95-4fec-9de7-82a042aaf868",
            "ticker": "KXHIGHMIA-25FEB27-B78.5",
            "count": 1,
            "created_time": "2025-02-27T03:12:26.068544Z",
            "yes_price": 9,
            "no_price": 91,
            "taker_side": "no"
        },
        {
            "trade_id": "c05b1988-978e-4b8b-b738-f8385bacaade",
            "ticker": "KXHIGHMIA-25FEB27-B78.5",
            "count": 1,
            "created_time": "2025-02-27T02:58:03.554553Z",
            "yes_price": 10,
            "no_price": 90,
            "taker_side": "yes"
        },
        {
            "trade_id": "86a140ad-5db9-49d3-9a36-02cc97226585",
            "ticker": "KXHIGHMIA-25FEB27-B78.5",
            "count": 2,
            "created_time": "2025-02-27T02:58:03.554553Z",
            "yes_price": 10,
            "no_price": 90,
            "taker_side": "yes"
        },
        {
            "trade_id": "37ae4e3b-8d7c-49aa-b8f3-0003b192447d",
            "ticker": "KXHIGHMIA-25FEB27-B78.5",
            "count": 1,
            "created_time": "2025-02-27T02:58:03.554553Z",
            "yes_price": 12,
            "no_price": 88,
            "taker_side": "yes"
        },
        {
            "trade_id": "ef5a3ede-daa9-480e-840b-bbe7c2032833",
            "ticker": "KXHIGHMIA-25FEB27-B78.5",
            "count": 17,
            "created_time": "2025-02-27T02:54:24.144533Z",
            "yes_price": 8,
            "no_price": 92,
            "taker_side": "no"
        },
        {
            "trade_id": "d846214c-57f7-40d2-9913-2a410b023b36",
            "ticker": "KXHIGHMIA-25FEB27-B78.5",
            "count": 38,
            "created_time": "2025-02-26T23:51:23.613836Z",
            "yes_price": 10,
            "no_price": 90,
            "taker_side": "yes"
        },
        {
            "trade_id": "932cb997-fce5-48a1-96b6-bbc320b0b2e1",
            "ticker": "KXHIGHMIA-25FEB27-B78.5",
            "count": 21,
            "created_time": "2025-02-26T23:51:23.613836Z",
            "yes_price": 5,
            "no_price": 95,
            "taker_side": "yes"
        },
        {
            "trade_id": "5a03ce67-ac4e-49cb-86a8-e95bb10e59b4",
            "ticker": "KXHIGHMIA-25FEB27-B78.5",
            "count": 10,
            "created_time": "2025-02-26T23:51:23.613836Z",
            "yes_price": 8,
            "no_price": 92,
            "taker_side": "yes"
        },
        {
            "trade_id": "bc1535d9-186d-439a-801b-ca522d1ac76b",
            "ticker": "KXHIGHMIA-25FEB27-B78.5",
            "count": 1,
            "created_time": "2025-02-26T23:36:23.564538Z",
            "yes_price": 5,
            "no_price": 95,
            "taker_side": "yes"
        },
        {
            "trade_id": "64910fe7-0fd0-44b3-8a8e-c0d2bdf70c0c",
            "ticker": "KXHIGHMIA-25FEB27-B78.5",
            "count": 3,
            "created_time": "2025-02-26T23:33:41.101652Z",
            "yes_price": 5,
            "no_price": 95,
            "taker_side": "no"
        },
        {
            "trade_id": "d6aa5f53-edce-4da4-b4de-2c6ae0a132b1",
            "ticker": "KXHIGHMIA-25FEB27-B78.5",
            "count": 3,
            "created_time": "2025-02-26T23:31:13.896073Z",
            "yes_price": 4,
            "no_price": 96,
            "taker_side": "no"
        },
        {
            "trade_id": "744a86c2-24fd-44da-ad98-6260da67f325",
            "ticker": "KXHIGHMIA-25FEB27-B78.5",
            "count": 291,
            "created_time": "2025-02-26T23:31:01.162773Z",
            "yes_price": 4,
            "no_price": 96,
            "taker_side": "no"
        },
        {
            "trade_id": "b7d2d1e5-4c84-4dda-b641-9e74e75a52a0",
            "ticker": "KXHIGHMIA-25FEB27-B78.5",
            "count": 72,
            "created_time": "2025-02-26T23:30:51.400238Z",
            "yes_price": 5,
            "no_price": 95,
            "taker_side": "no"
        },
        {
            "trade_id": "779237b3-b683-490e-b8e0-43a2f21e68a9",
            "ticker": "KXHIGHMIA-25FEB27-B78.5",
            "count": 10,
            "created_time": "2025-02-26T23:30:51.400238Z",
            "yes_price": 5,
            "no_price": 95,
            "taker_side": "no"
        },
        {
            "trade_id": "cfa7d9bf-014c-48e9-a9c9-3c1639cc6976",
            "ticker": "KXHIGHMIA-25FEB27-B78.5",
            "count": 10,
            "created_time": "2025-02-26T22:44:44.522228Z",
            "yes_price": 10,
            "no_price": 90,
            "taker_side": "no"
        },
        {
            "trade_id": "757a2c00-ee96-4337-9906-8ac5ae964c6f",
            "ticker": "KXHIGHMIA-25FEB27-B78.5",
            "count": 11,
            "created_time": "2025-02-26T22:21:54.07951Z",
            "yes_price": 12,
            "no_price": 88,
            "taker_side": "yes"
        },
        {
            "trade_id": "5adeb58c-1ca0-4d94-9d46-69cd049fc200",
            "ticker": "KXHIGHMIA-25FEB27-B78.5",
            "count": 106,
            "created_time": "2025-02-26T21:43:34.16352Z",
            "yes_price": 9,
            "no_price": 91,
            "taker_side": "no"
        },
        {
            "trade_id": "1f85ff7e-0e91-4b3d-a0a9-ae8bffac4a99",
            "ticker": "KXHIGHMIA-25FEB27-B78.5",
            "count": 217,
            "created_time": "2025-02-26T21:43:34.16352Z",
            "yes_price": 7,
            "no_price": 93,
            "taker_side": "no"
        },
        {
            "trade_id": "a3477e99-0b97-423c-a914-c4c13d9c8ddf",
            "ticker": "KXHIGHMIA-25FEB27-B78.5",
            "count": 63,
            "created_time": "2025-02-26T21:12:06.599443Z",
            "yes_price": 15,
            "no_price": 85,
            "taker_side": "yes"
        },
        {
            "trade_id": "8f20d442-61f1-402c-b161-238f84465f2c",
            "ticker": "KXHIGHMIA-25FEB27-B78.5",
            "count": 240,
            "created_time": "2025-02-26T21:12:06.599443Z",
            "yes_price": 13,
            "no_price": 87,
            "taker_side": "yes"
        },
        {
            "trade_id": "6a69c69f-423b-40e7-b156-a79ddfd1cbe8",
            "ticker": "KXHIGHMIA-25FEB27-B78.5",
            "count": 47,
            "created_time": "2025-02-26T21:12:06.599443Z",
            "yes_price": 11,
            "no_price": 89,
            "taker_side": "yes"
        },
        {
            "trade_id": "39077a06-b6eb-4a8d-be27-f3c5c1192cd6",
            "ticker": "KXHIGHMIA-25FEB27-B78.5",
            "count": 9,
            "created_time": "2025-02-26T21:12:06.599443Z",
            "yes_price": 11,
            "no_price": 89,
            "taker_side": "yes"
        },
        {
            "trade_id": "20ac59ba-0edb-483b-ab64-dd9d28bd458c",
            "ticker": "KXHIGHMIA-25FEB27-B78.5",
            "count": 2,
            "created_time": "2025-02-26T21:12:06.599443Z",
            "yes_price": 11,
            "no_price": 89,
            "taker_side": "yes"
        },
        {
            "trade_id": "8cef6839-7fcc-45c9-85a8-9fa8670f025a",
            "ticker": "KXHIGHMIA-25FEB27-B78.5",
            "count": 51,
            "created_time": "2025-02-26T21:11:45.835557Z",
            "yes_price": 11,
            "no_price": 89,
            "taker_side": "yes"
        },
        {
            "trade_id": "369ec093-1d0a-435e-ac37-a1ef274df56e",
            "ticker": "KXHIGHMIA-25FEB27-B78.5",
            "count": 28,
            "created_time": "2025-02-26T20:41:16.136476Z",
            "yes_price": 10,
            "no_price": 90,
            "taker_side": "yes"
        },
        {
            "trade_id": "0fd5aa41-f7ca-4332-811e-c4e9f5eeabfb",
            "ticker": "KXHIGHMIA-25FEB27-B78.5",
            "count": 21,
            "created_time": "2025-02-26T20:41:16.136476Z",
            "yes_price": 12,
            "no_price": 88,
            "taker_side": "yes"
        },
        {
            "trade_id": "9763ca02-6c58-46c8-be3a-a92749687bcc",
            "ticker": "KXHIGHMIA-25FEB27-B78.5",
            "count": 3,
            "created_time": "2025-02-26T20:28:26.62957Z",
            "yes_price": 14,
            "no_price": 86,
            "taker_side": "yes"
        },
        {
            "trade_id": "eeb18b74-c5de-412e-b5be-5fa5202856a8",
            "ticker": "KXHIGHMIA-25FEB27-B78.5",
            "count": 7,
            "created_time": "2025-02-26T20:17:56.707533Z",
            "yes_price": 12,
            "no_price": 88,
            "taker_side": "yes"
        },
        {
            "trade_id": "1981202b-6ac8-4544-b8de-be8d7fd1dd54",
            "ticker": "KXHIGHMIA-25FEB27-B78.5",
            "count": 89,
            "created_time": "2025-02-26T20:17:56.707533Z",
            "yes_price": 12,
            "no_price": 88,
            "taker_side": "yes"
        },
        {
            "trade_id": "529a6158-5bd8-4f59-ac87-096d64e4ba53",
            "ticker": "KXHIGHMIA-25FEB27-B78.5",
            "count": 3,
            "created_time": "2025-02-26T19:48:44.506906Z",
            "yes_price": 12,
            "no_price": 88,
            "taker_side": "yes"
        },
        {
            "trade_id": "54a448d0-c6ac-4281-a8c0-c838b975b9e6",
            "ticker": "KXHIGHMIA-25FEB27-B78.5",
            "count": 9,
            "created_time": "2025-02-26T19:21:39.303222Z",
            "yes_price": 10,
            "no_price": 90,
            "taker_side": "yes"
        },
        {
            "trade_id": "1642cfd0-6402-4c9f-a884-6edaa6c1c0a0",
            "ticker": "KXHIGHMIA-25FEB27-B78.5",
            "count": 2,
            "created_time": "2025-02-26T18:33:53.643904Z",
            "yes_price": 9,
            "no_price": 91,
            "taker_side": "yes"
        },
        {
            "trade_id": "8a314b18-e0a7-4e8f-884d-5a0fd662e54f",
            "ticker": "KXHIGHMIA-25FEB27-B78.5",
            "count": 9,
            "created_time": "2025-02-26T18:25:25.523876Z",
            "yes_price": 4,
            "no_price": 96,
            "taker_side": "no"
        },
        {
            "trade_id": "9ac3d62f-ad33-43ec-b6af-41619fd05191",
            "ticker": "KXHIGHMIA-25FEB27-B78.5",
            "count": 2,
            "created_time": "2025-02-26T17:47:00.134496Z",
            "yes_price": 8,
            "no_price": 92,
            "taker_side": "yes"
        },
        {
            "trade_id": "28355421-b6f5-46f4-9085-fbc88919def7",
            "ticker": "KXHIGHMIA-25FEB27-B78.5",
            "count": 7,
            "created_time": "2025-02-26T17:18:29.77848Z",
            "yes_price": 9,
            "no_price": 91,
            "taker_side": "yes"
        }
    ],
    "KXHIGHMIA-25FEB27-B80.5": [
        {
            "trade_id": "e689f394-1d62-46ed-857b-79c9e50c4c77",
            "ticker": "KXHIGHMIA-25FEB27-B80.5",
            "count": 82,
            "created_time": "2025-02-28T03:24:50.754187Z",
            "yes_price": 99,
            "no_price": 1,
            "taker_side": "no"
        },
        {
            "trade_id": "f67cd1f1-9bf8-407a-9709-9dbccdcf26fd",
            "ticker": "KXHIGHMIA-25FEB27-B80.5",
            "count": 6,
            "created_time": "2025-02-28T01:07:37.53354Z",
            "yes_price": 99,
            "no_price": 1,
            "taker_side": "no"
        },
        {
            "trade_id": "c7d853ae-caf7-4700-b5e5-b011546c9968",
            "ticker": "KXHIGHMIA-25FEB27-B80.5",
            "count": 467,
            "created_time": "2025-02-27T23:39:45.5348Z",
            "yes_price": 99,
            "no_price": 1,
            "taker_side": "no"
        },
        {
            "trade_id": "003ab58c-ddc2-4216-98ce-94f6662b2c6c",
            "ticker": "KXHIGHMIA-25FEB27-B80.5",
            "count": 108,
            "created_time": "2025-02-27T23:22:53.242376Z",
            "yes_price": 99,
            "no_price": 1,
            "taker_side": "no"
        },
        {
            "trade_id": "45dabf4f-8c9a-408f-b9a3-36524307320c",
            "ticker": "KXHIGHMIA-25FEB27-B80.5",
            "count": 67,
            "created_time": "2025-02-27T23:05:04.197066Z",
            "yes_price": 99,
            "no_price": 1,
            "taker_side": "no"
        },
        {
            "trade_id": "13dbbc89-cd07-416f-82d9-9ef581a7ec70",
            "ticker": "KXHIGHMIA-25FEB27-B80.5",
            "count": 136,
            "created_time": "2025-02-27T22:18:14.643846Z",
            "yes_price": 99,
            "no_price": 1,
            "taker_side": "no"
        },
        {
            "trade_id": "d8b97ce9-c3ea-48b4-8a16-99e921a56998",
            "ticker": "KXHIGHMIA-25FEB27-B80.5",
            "count": 1337,
            "created_time": "2025-02-27T22:04:58.132241Z",
            "yes_price": 99,
            "no_price": 1,
            "taker_side": "yes"
        },
        {
            "trade_id": "d1fdf677-1bf4-4c8a-b7df-1283bbf4531a",
            "ticker": "KXHIGHMIA-25FEB27-B80.5",
            "count": 383,
            "created_time": "2025-02-27T22:04:58.132241Z",
            "yes_price": 99,
            "no_price": 1,
            "taker_side": "yes"
        },
        {
            "trade_id": "5bcb6ca3-dcde-409e-8f62-29c9d99c69d9",
            "ticker": "KXHIGHMIA-25FEB27-B80.5",
            "count": 52,
            "created_time": "2025-02-27T22:04:58.132241Z",
            "yes_price": 99,
            "no_price": 1,
            "taker_side": "yes"
        },
        {
            "trade_id": "89f10bf0-a0c0-4b07-bf88-52f4e2c9cecb",
            "ticker": "KXHIGHMIA-25FEB27-B80.5",
            "count": 10,
            "created_time": "2025-02-27T22:03:52.750164Z",
            "yes_price": 98,
            "no_price": 2,
            "taker_side": "no"
        },
        {
            "trade_id": "9663f0ac-409e-4920-b552-878a4483a302",
            "ticker": "KXHIGHMIA-25FEB27-B80.5",
            "count": 61,
            "created_time": "2025-02-27T22:03:31.833696Z",
            "yes_price": 99,
            "no_price": 1,
            "taker_side": "yes"
        },
        {
            "trade_id": "9e5e909d-af0a-4c55-b919-8db97eec3d4d",
            "ticker": "KXHIGHMIA-25FEB27-B80.5",
            "count": 1000,
            "created_time": "2025-02-27T21:58:49.472251Z",
            "yes_price": 97,
            "no_price": 3,
            "taker_side": "yes"
        },
        {
            "trade_id": "d890d03f-1a77-4d94-a8db-d8381fed49d3",
            "ticker": "KXHIGHMIA-25FEB27-B80.5",
            "count": 83,
            "created_time": "2025-02-27T21:57:21.302278Z",
            "yes_price": 97,
            "no_price": 3,
            "taker_side": "yes"
        },
        {
            "trade_id": "6c76fe73-e0d6-4cd5-9067-a0ad814e2d80",
            "ticker": "KXHIGHMIA-25FEB27-B80.5",
            "count": 228,
            "created_time": "2025-02-27T21:57:21.302278Z",
            "yes_price": 99,
            "no_price": 1,
            "taker_side": "yes"
        },
        {
            "trade_id": "67ff1957-e20e-4a57-8de1-d4b278104447",
            "ticker": "KXHIGHMIA-25FEB27-B80.5",
            "count": 100,
            "created_time": "2025-02-27T21:57:21.302278Z",
            "yes_price": 98,
            "no_price": 2,
            "taker_side": "yes"
        },
        {
            "trade_id": "65bdd734-5e1a-4e58-bc43-d20ec28afc98",
            "ticker": "KXHIGHMIA-25FEB27-B80.5",
            "count": 1000,
            "created_time": "2025-02-27T21:57:21.302278Z",
            "yes_price": 99,
            "no_price": 1,
            "taker_side": "yes"
        },
        {
            "trade_id": "83f566e8-3ed6-448d-a3ab-ae047f467ddc",
            "ticker": "KXHIGHMIA-25FEB27-B80.5",
            "count": 2,
            "created_time": "2025-02-27T21:52:09.025748Z",
            "yes_price": 70,
            "no_price": 30,
            "taker_side": "no"
        },
        {
            "trade_id": "43ae038e-14e0-44ab-8141-3f8142afd443",
            "ticker": "KXHIGHMIA-25FEB27-B80.5",
            "count": 2,
            "created_time": "2025-02-27T21:51:26.809527Z",
            "yes_price": 71,
            "no_price": 29,
            "taker_side": "no"
        },
        {
            "trade_id": "c8921687-7f48-4879-9848-74ef7015a3cb",
            "ticker": "KXHIGHMIA-25FEB27-B80.5",
            "count": 2,
            "created_time": "2025-02-27T21:49:56.504758Z",
            "yes_price": 95,
            "no_price": 5,
            "taker_side": "yes"
        },
        {
            "trade_id": "6ee60051-602e-4b42-9d23-3def2c7cd179",
            "ticker": "KXHIGHMIA-25FEB27-B80.5",
            "count": 25,
            "created_time": "2025-02-27T21:42:37.293172Z",
            "yes_price": 95,
            "no_price": 5,
            "taker_side": "yes"
        },
        {
            "trade_id": "32e33a4d-86d8-437c-b01b-11f33724ff6f",
            "ticker": "KXHIGHMIA-25FEB27-B80.5",
            "count": 50,
            "created_time": "2025-02-27T21:42:16.358461Z",
            "yes_price": 62,
            "no_price": 38,
            "taker_side": "no"
        },
        {
            "trade_id": "d5dd3a0b-ec81-4f04-bcf7-28ed47933372",
            "ticker": "KXHIGHMIA-25FEB27-B80.5",
            "count": 50,
            "created_time": "2025-02-27T21:22:49.307087Z",
            "yes_price": 95,
            "no_price": 5,
            "taker_side": "yes"
        },
        {
            "trade_id": "b144281d-43d1-4d24-9060-ef4ef972ed55",
            "ticker": "KXHIGHMIA-25FEB27-B80.5",
            "count": 50,
            "created_time": "2025-02-27T21:22:49.307087Z",
            "yes_price": 96,
            "no_price": 4,
            "taker_side": "yes"
        },
        {
            "trade_id": "9fc1bafd-aec2-4af9-8a95-8462814c1fb6",
            "ticker": "KXHIGHMIA-25FEB27-B80.5",
            "count": 300,
            "created_time": "2025-02-27T21:22:49.307087Z",
            "yes_price": 95,
            "no_price": 5,
            "taker_side": "yes"
        },
        {
            "trade_id": "1855fae6-fcac-46f6-9dd1-619ffca9d626",
            "ticker": "KXHIGHMIA-25FEB27-B80.5",
            "count": 22,
            "created_time": "2025-02-27T21:22:49.307087Z",
            "yes_price": 96,
            "no_price": 4,
            "taker_side": "yes"
        },
        {
            "trade_id": "c59384a0-75a2-45e6-a62a-17b67041c095",
            "ticker": "KXHIGHMIA-25FEB27-B80.5",
            "count": 50,
            "created_time": "2025-02-27T21:20:55.526532Z",
            "yes_price": 85,
            "no_price": 15,
            "taker_side": "no"
        },
        {
            "trade_id": "43a9e15e-ed14-4877-8adc-ecfaa1fa0b87",
            "ticker": "KXHIGHMIA-25FEB27-B80.5",
            "count": 50,
            "created_time": "2025-02-27T21:20:55.526532Z",
            "yes_price": 84,
            "no_price": 16,
            "taker_side": "no"
        },
        {
            "trade_id": "da959a7f-21c0-4f11-b0a2-b1cea0dc88fb",
            "ticker": "KXHIGHMIA-25FEB27-B80.5",
            "count": 1000,
            "created_time": "2025-02-27T21:17:05.789653Z",
            "yes_price": 90,
            "no_price": 10,
            "taker_side": "yes"
        },
        {
            "trade_id": "27337e7f-84c9-4637-a696-a4deec28dee2",
            "ticker": "KXHIGHMIA-25FEB27-B80.5",
            "count": 10,
            "created_time": "2025-02-27T21:11:33.137711Z",
            "yes_price": 91,
            "no_price": 9,
            "taker_side": "yes"
        },
        {
            "trade_id": "991a5343-eed1-44a6-b323-2d34340430f6",
            "ticker": "KXHIGHMIA-25FEB27-B80.5",
            "count": 1,
            "created_time": "2025-02-27T20:58:50.569019Z",
            "yes_price": 82,
            "no_price": 18,
            "taker_side": "yes"
        },
        {
            "trade_id": "cfd2bc54-bacf-4ecb-8c4f-a4c6529292ee",
            "ticker": "KXHIGHMIA-25FEB27-B80.5",
            "count": 7,
            "created_time": "2025-02-27T20:58:42.52788Z",
            "yes_price": 77,
            "no_price": 23,
            "taker_side": "yes"
        },
        {
            "trade_id": "c7c7cbe2-58f7-4128-9df7-1c13a014fce2",
            "ticker": "KXHIGHMIA-25FEB27-B80.5",
            "count": 7,
            "created_time": "2025-02-27T20:58:23.189831Z",
            "yes_price": 76,
            "no_price": 24,
            "taker_side": "yes"
        },
        {
            "trade_id": "f8d5d47f-dd76-48e1-bdcf-be2c3716ba4e",
            "ticker": "KXHIGHMIA-25FEB27-B80.5",
            "count": 20,
            "created_time": "2025-02-27T20:57:37.902072Z",
            "yes_price": 65,
            "no_price": 35,
            "taker_side": "yes"
        },
        {
            "trade_id": "6cb793c1-a3f5-428e-b2cf-80e20ffe894d",
            "ticker": "KXHIGHMIA-25FEB27-B80.5",
            "count": 50,
            "created_time": "2025-02-27T20:57:37.902072Z",
            "yes_price": 68,
            "no_price": 32,
            "taker_side": "yes"
        },
        {
            "trade_id": "0a493933-29e8-42bf-8ffa-d872820906db",
            "ticker": "KXHIGHMIA-25FEB27-B80.5",
            "count": 50,
            "created_time": "2025-02-27T20:56:48.062093Z",
            "yes_price": 66,
            "no_price": 34,
            "taker_side": "no"
        },
        {
            "trade_id": "b3b0dc7c-9ee9-4d8c-a3f9-ab6160330d90",
            "ticker": "KXHIGHMIA-25FEB27-B80.5",
            "count": 40,
            "created_time": "2025-02-27T20:56:47.189042Z",
            "yes_price": 76,
            "no_price": 24,
            "taker_side": "yes"
        },
        {
            "trade_id": "3f79b932-4f2e-4d79-ab1f-f9a7b068eb81",
            "ticker": "KXHIGHMIA-25FEB27-B80.5",
            "count": 130,
            "created_time": "2025-02-27T20:56:47.189042Z",
            "yes_price": 77,
            "no_price": 23,
            "taker_side": "yes"
        },
        {
            "trade_id": "fdc801c8-726e-46bb-a77c-e35a5cb44238",
            "ticker": "KXHIGHMIA-25FEB27-B80.5",
            "count": 15,
            "created_time": "2025-02-27T20:42:01.395625Z",
            "yes_price": 57,
            "no_price": 43,
            "taker_side": "no"
        },
        {
            "trade_id": "e6f685ba-43ed-40e9-9ecc-950c176456d6",
            "ticker": "KXHIGHMIA-25FEB27-B80.5",
            "count": 3,
            "created_time": "2025-02-27T20:42:01.395625Z",
            "yes_price": 55,
            "no_price": 45,
            "taker_side": "no"
        },
        {
            "trade_id": "78d37054-b779-4330-8412-99e3826e40c4",
            "ticker": "KXHIGHMIA-25FEB27-B80.5",
            "count": 12,
            "created_time": "2025-02-27T20:42:01.395625Z",
            "yes_price": 50,
            "no_price": 50,
            "taker_side": "no"
        },
        {
            "trade_id": "4df2f8a8-3a57-44fa-8dcb-b1232c81cfd7",
            "ticker": "KXHIGHMIA-25FEB27-B80.5",
            "count": 40,
            "created_time": "2025-02-27T20:42:01.395625Z",
            "yes_price": 54,
            "no_price": 46,
            "taker_side": "no"
        },
        {
            "trade_id": "f25cf1d5-77fe-40de-870d-83d4c19c1b57",
            "ticker": "KXHIGHMIA-25FEB27-B80.5",
            "count": 17,
            "created_time": "2025-02-27T20:36:29.387583Z",
            "yes_price": 73,
            "no_price": 27,
            "taker_side": "yes"
        },
        {
            "trade_id": "6f8756c1-fc54-4248-a797-566c47d46c29",
            "ticker": "KXHIGHMIA-25FEB27-B80.5",
            "count": 1,
            "created_time": "2025-02-27T20:36:29.387583Z",
            "yes_price": 72,
            "no_price": 28,
            "taker_side": "yes"
        },
        {
            "trade_id": "763b1f76-7b53-42b1-be21-629c35b84717",
            "ticker": "KXHIGHMIA-25FEB27-B80.5",
            "count": 50,
            "created_time": "2025-02-27T20:34:21.083349Z",
            "yes_price": 67,
            "no_price": 33,
            "taker_side": "yes"
        },
        {
            "trade_id": "48e04a46-1547-465f-b5d9-35f8180b8514",
            "ticker": "KXHIGHMIA-25FEB27-B80.5",
            "count": 50,
            "created_time": "2025-02-27T20:34:21.083349Z",
            "yes_price": 68,
            "no_price": 32,
            "taker_side": "yes"
        },
        {
            "trade_id": "ef51c52f-7400-424e-b1c6-90b4f9f7b90a",
            "ticker": "KXHIGHMIA-25FEB27-B80.5",
            "count": 133,
            "created_time": "2025-02-27T20:32:13.750495Z",
            "yes_price": 75,
            "no_price": 25,
            "taker_side": "yes"
        },
        {
            "trade_id": "7840358c-f7e1-4d47-844a-2ed3d7b1fa19",
            "ticker": "KXHIGHMIA-25FEB27-B80.5",
            "count": 28,
            "created_time": "2025-02-27T20:32:00.18517Z",
            "yes_price": 72,
            "no_price": 28,
            "taker_side": "no"
        },
        {
            "trade_id": "ed8c4a21-7867-4ff6-94ec-774416f64dd6",
            "ticker": "KXHIGHMIA-25FEB27-B80.5",
            "count": 15,
            "created_time": "2025-02-27T20:32:00.08972Z",
            "yes_price": 71,
            "no_price": 29,
            "taker_side": "yes"
        },
        {
            "trade_id": "502b87dd-6a37-4059-b739-e71c44ec33fd",
            "ticker": "KXHIGHMIA-25FEB27-B80.5",
            "count": 20,
            "created_time": "2025-02-27T20:32:00.08972Z",
            "yes_price": 69,
            "no_price": 31,
            "taker_side": "yes"
        },
        {
            "trade_id": "19dc55fa-4061-4993-8000-bdea8db4912a",
            "ticker": "KXHIGHMIA-25FEB27-B80.5",
            "count": 39,
            "created_time": "2025-02-27T20:32:00.08972Z",
            "yes_price": 72,
            "no_price": 28,
            "taker_side": "yes"
        },
        {
            "trade_id": "212bd407-5806-4a93-a6a6-95ea0e2f8609",
            "ticker": "KXHIGHMIA-25FEB27-B80.5",
            "count": 15,
            "created_time": "2025-02-27T20:31:29.908541Z",
            "yes_price": 71,
            "no_price": 29,
            "taker_side": "no"
        },
        {
            "trade_id": "8d9d73cd-4dcb-47c0-9fea-f06d3c221d12",
            "ticker": "KXHIGHMIA-25FEB27-B80.5",
            "count": 50,
            "created_time": "2025-02-27T20:31:17.270814Z",
            "yes_price": 72,
            "no_price": 28,
            "taker_side": "yes"
        },
        {
            "trade_id": "3feb29af-17db-49de-9488-f872fb455656",
            "ticker": "KXHIGHMIA-25FEB27-B80.5",
            "count": 50,
            "created_time": "2025-02-27T20:30:30.053949Z",
            "yes_price": 66,
            "no_price": 34,
            "taker_side": "yes"
        },
        {
            "trade_id": "b347182d-c73e-4332-99c8-4c8a5306892b",
            "ticker": "KXHIGHMIA-25FEB27-B80.5",
            "count": 50,
            "created_time": "2025-02-27T20:30:06.333504Z",
            "yes_price": 74,
            "no_price": 26,
            "taker_side": "no"
        },
        {
            "trade_id": "cc6e5fd9-07e4-4daf-8810-b2c871dd6fd9",
            "ticker": "KXHIGHMIA-25FEB27-B80.5",
            "count": 15,
            "created_time": "2025-02-27T20:28:58.379825Z",
            "yes_price": 49,
            "no_price": 51,
            "taker_side": "yes"
        },
        {
            "trade_id": "c8f705f2-3c27-4285-b6ee-eaddb6129e31",
            "ticker": "KXHIGHMIA-25FEB27-B80.5",
            "count": 50,
            "created_time": "2025-02-27T20:28:58.379825Z",
            "yes_price": 50,
            "no_price": 50,
            "taker_side": "yes"
        },
        {
            "trade_id": "3f4b09c6-8d5e-43c8-aef2-2814f6ad7ca2",
            "ticker": "KXHIGHMIA-25FEB27-B80.5",
            "count": 1,
            "created_time": "2025-02-27T20:28:58.379825Z",
            "yes_price": 49,
            "no_price": 51,
            "taker_side": "yes"
        },
        {
            "trade_id": "ca4916ac-ed63-4963-9492-5e344d4818e9",
            "ticker": "KXHIGHMIA-25FEB27-B80.5",
            "count": 1,
            "created_time": "2025-02-27T20:27:31.891167Z",
            "yes_price": 42,
            "no_price": 58,
            "taker_side": "no"
        },
        {
            "trade_id": "627fc12f-8510-42b5-9039-4c931f34215e",
            "ticker": "KXHIGHMIA-25FEB27-B80.5",
            "count": 26,
            "created_time": "2025-02-27T20:27:31.891167Z",
            "yes_price": 60,
            "no_price": 40,
            "taker_side": "no"
        },
        {
            "trade_id": "763a0503-e845-46e3-b38d-3a07ad06c9fd",
            "ticker": "KXHIGHMIA-25FEB27-B80.5",
            "count": 76,
            "created_time": "2025-02-27T20:27:16.874554Z",
            "yes_price": 60,
            "no_price": 40,
            "taker_side": "no"
        },
        {
            "trade_id": "0b197c0c-93a3-45d5-8b02-af51757413f4",
            "ticker": "KXHIGHMIA-25FEB27-B80.5",
            "count": 23,
            "created_time": "2025-02-27T20:25:10.367094Z",
            "yes_price": 60,
            "no_price": 40,
            "taker_side": "no"
        },
        {
            "trade_id": "6930758e-8962-4bba-98ea-67ee5c058709",
            "ticker": "KXHIGHMIA-25FEB27-B80.5",
            "count": 45,
            "created_time": "2025-02-27T20:23:32.479629Z",
            "yes_price": 60,
            "no_price": 40,
            "taker_side": "no"
        },
        {
            "trade_id": "a8b7b610-d088-4c5e-ad80-fe818ab3737e",
            "ticker": "KXHIGHMIA-25FEB27-B80.5",
            "count": 15,
            "created_time": "2025-02-27T20:23:32.013902Z",
            "yes_price": 61,
            "no_price": 39,
            "taker_side": "no"
        },
        {
            "trade_id": "cf332971-357d-4ca4-9a01-66c1132f9c87",
            "ticker": "KXHIGHMIA-25FEB27-B80.5",
            "count": 100,
            "created_time": "2025-02-27T20:22:53.379413Z",
            "yes_price": 57,
            "no_price": 43,
            "taker_side": "yes"
        },
        {
            "trade_id": "98723bc9-1485-452a-9a85-08357dd7b3f4",
            "ticker": "KXHIGHMIA-25FEB27-B80.5",
            "count": 50,
            "created_time": "2025-02-27T20:22:53.379413Z",
            "yes_price": 56,
            "no_price": 44,
            "taker_side": "yes"
        },
        {
            "trade_id": "6916624f-e2fd-4925-8924-464623d4b61b",
            "ticker": "KXHIGHMIA-25FEB27-B80.5",
            "count": 50,
            "created_time": "2025-02-27T20:22:53.379413Z",
            "yes_price": 58,
            "no_price": 42,
            "taker_side": "yes"
        },
        {
            "trade_id": "4e622004-9442-44be-a4fa-3e9ff711c23c",
            "ticker": "KXHIGHMIA-25FEB27-B80.5",
            "count": 300,
            "created_time": "2025-02-27T20:22:53.379413Z",
            "yes_price": 56,
            "no_price": 44,
            "taker_side": "yes"
        },
        {
            "trade_id": "64c62c00-8edc-4712-8a23-5508a7a05088",
            "ticker": "KXHIGHMIA-25FEB27-B80.5",
            "count": 60,
            "created_time": "2025-02-27T20:22:31.884559Z",
            "yes_price": 57,
            "no_price": 43,
            "taker_side": "yes"
        },
        {
            "trade_id": "1da74105-87fa-485e-9b6c-804ec9dbd6e8",
            "ticker": "KXHIGHMIA-25FEB27-B80.5",
            "count": 40,
            "created_time": "2025-02-27T20:22:17.416763Z",
            "yes_price": 58,
            "no_price": 42,
            "taker_side": "no"
        },
        {
            "trade_id": "b3d6f319-2323-4322-9e71-151c05b06b68",
            "ticker": "KXHIGHMIA-25FEB27-B80.5",
            "count": 150,
            "created_time": "2025-02-27T20:20:41.005879Z",
            "yes_price": 68,
            "no_price": 32,
            "taker_side": "no"
        },
        {
            "trade_id": "98f68ed2-723a-42ef-a079-206cdd797559",
            "ticker": "KXHIGHMIA-25FEB27-B80.5",
            "count": 15,
            "created_time": "2025-02-27T20:19:16.83392Z",
            "yes_price": 68,
            "no_price": 32,
            "taker_side": "no"
        },
        {
            "trade_id": "5bdfb699-e6e7-4428-b8b9-b7778b288dd7",
            "ticker": "KXHIGHMIA-25FEB27-B80.5",
            "count": 35,
            "created_time": "2025-02-27T20:19:12.10996Z",
            "yes_price": 68,
            "no_price": 32,
            "taker_side": "no"
        },
        {
            "trade_id": "8ce78268-fab4-41ce-8b29-da29942add7f",
            "ticker": "KXHIGHMIA-25FEB27-B80.5",
            "count": 50,
            "created_time": "2025-02-27T20:17:40.856454Z",
            "yes_price": 69,
            "no_price": 31,
            "taker_side": "no"
        },
        {
            "trade_id": "11d66dcc-88db-4807-9035-65cebd814294",
            "ticker": "KXHIGHMIA-25FEB27-B80.5",
            "count": 300,
            "created_time": "2025-02-27T20:17:40.856454Z",
            "yes_price": 69,
            "no_price": 31,
            "taker_side": "no"
        },
        {
            "trade_id": "ec541cc9-9207-4637-875f-545d6d869129",
            "ticker": "KXHIGHMIA-25FEB27-B80.5",
            "count": 12,
            "created_time": "2025-02-27T20:15:27.374817Z",
            "yes_price": 79,
            "no_price": 21,
            "taker_side": "no"
        },
        {
            "trade_id": "b483a33d-c12c-4a8f-85bf-bf73d03574a6",
            "ticker": "KXHIGHMIA-25FEB27-B80.5",
            "count": 12,
            "created_time": "2025-02-27T20:15:27.374817Z",
            "yes_price": 79,
            "no_price": 21,
            "taker_side": "no"
        },
        {
            "trade_id": "a6294867-7dea-46f2-9c0b-43a77e28dbe2",
            "ticker": "KXHIGHMIA-25FEB27-B80.5",
            "count": 19,
            "created_time": "2025-02-27T20:15:27.374817Z",
            "yes_price": 79,
            "no_price": 21,
            "taker_side": "no"
        },
        {
            "trade_id": "1bfe8767-4f61-4c2a-8269-9e083ad72f3a",
            "ticker": "KXHIGHMIA-25FEB27-B80.5",
            "count": 50,
            "created_time": "2025-02-27T20:15:27.374817Z",
            "yes_price": 78,
            "no_price": 22,
            "taker_side": "no"
        },
        {
            "trade_id": "112239e6-4baa-480b-ad12-ead26d089ae6",
            "ticker": "KXHIGHMIA-25FEB27-B80.5",
            "count": 99,
            "created_time": "2025-02-27T20:15:27.374817Z",
            "yes_price": 77,
            "no_price": 23,
            "taker_side": "no"
        },
        {
            "trade_id": "a2c358f3-e989-4545-b5ac-f477d56d1c74",
            "ticker": "KXHIGHMIA-25FEB27-B80.5",
            "count": 20,
            "created_time": "2025-02-27T20:12:52.224597Z",
            "yes_price": 68,
            "no_price": 32,
            "taker_side": "no"
        },
        {
            "trade_id": "9207ea3e-1814-44e9-bad6-d7481cc03810",
            "ticker": "KXHIGHMIA-25FEB27-B80.5",
            "count": 25,
            "created_time": "2025-02-27T20:12:52.224597Z",
            "yes_price": 68,
            "no_price": 32,
            "taker_side": "no"
        },
        {
            "trade_id": "80d12854-b6a5-4c09-936d-5951ba200bc0",
            "ticker": "KXHIGHMIA-25FEB27-B80.5",
            "count": 12,
            "created_time": "2025-02-27T20:12:52.224597Z",
            "yes_price": 68,
            "no_price": 32,
            "taker_side": "no"
        },
        {
            "trade_id": "27547188-c4e2-42a1-b25b-239a7b453c00",
            "ticker": "KXHIGHMIA-25FEB27-B80.5",
            "count": 3,
            "created_time": "2025-02-27T20:12:52.224597Z",
            "yes_price": 68,
            "no_price": 32,
            "taker_side": "no"
        },
        {
            "trade_id": "6e14224d-7e4f-41aa-8580-29f9760dfeea",
            "ticker": "KXHIGHMIA-25FEB27-B80.5",
            "count": 3,
            "created_time": "2025-02-27T20:11:16.514763Z",
            "yes_price": 57,
            "no_price": 43,
            "taker_side": "no"
        },
        {
            "trade_id": "2888b8bf-fe8b-42ad-9946-5ba9c58d74b9",
            "ticker": "KXHIGHMIA-25FEB27-B80.5",
            "count": 200,
            "created_time": "2025-02-27T20:10:26.357476Z",
            "yes_price": 52,
            "no_price": 48,
            "taker_side": "yes"
        },
        {
            "trade_id": "f9877d6c-a4e3-4c65-83bd-1ff89d7a7a14",
            "ticker": "KXHIGHMIA-25FEB27-B80.5",
            "count": 58,
            "created_time": "2025-02-27T20:08:37.048743Z",
            "yes_price": 74,
            "no_price": 26,
            "taker_side": "yes"
        },
        {
            "trade_id": "f04a052e-4ade-4cd6-9d72-7cd1a56a7fe1",
            "ticker": "KXHIGHMIA-25FEB27-B80.5",
            "count": 11,
            "created_time": "2025-02-27T20:08:37.048743Z",
            "yes_price": 96,
            "no_price": 4,
            "taker_side": "yes"
        },
        {
            "trade_id": "f035da09-e261-4d45-a696-0b37a1243720",
            "ticker": "KXHIGHMIA-25FEB27-B80.5",
            "count": 12,
            "created_time": "2025-02-27T20:08:37.048743Z",
            "yes_price": 73,
            "no_price": 27,
            "taker_side": "yes"
        },
        {
            "trade_id": "d18dcbac-d5a1-4b75-b904-08eb9c17fde5",
            "ticker": "KXHIGHMIA-25FEB27-B80.5",
            "count": 17,
            "created_time": "2025-02-27T20:08:37.048743Z",
            "yes_price": 97,
            "no_price": 3,
            "taker_side": "yes"
        },
        {
            "trade_id": "9ff91fe4-3958-4b05-853a-118a5a265e63",
            "ticker": "KXHIGHMIA-25FEB27-B80.5",
            "count": 11,
            "created_time": "2025-02-27T20:08:37.048743Z",
            "yes_price": 93,
            "no_price": 7,
            "taker_side": "yes"
        },
        {
            "trade_id": "5a51e979-c7c1-436f-a166-ce071a743035",
            "ticker": "KXHIGHMIA-25FEB27-B80.5",
            "count": 8,
            "created_time": "2025-02-27T20:08:37.048743Z",
            "yes_price": 73,
            "no_price": 27,
            "taker_side": "yes"
        },
        {
            "trade_id": "53d16e67-9cb8-40ab-b52f-1f57603c4902",
            "ticker": "KXHIGHMIA-25FEB27-B80.5",
            "count": 99,
            "created_time": "2025-02-27T20:08:37.048743Z",
            "yes_price": 75,
            "no_price": 25,
            "taker_side": "yes"
        },
        {
            "trade_id": "46e338d1-4139-45af-bf85-a20f551d9054",
            "ticker": "KXHIGHMIA-25FEB27-B80.5",
            "count": 11,
            "created_time": "2025-02-27T20:08:37.048743Z",
            "yes_price": 92,
            "no_price": 8,
            "taker_side": "yes"
        },
        {
            "trade_id": "06971970-9d17-4cdc-91ae-705763c4048a",
            "ticker": "KXHIGHMIA-25FEB27-B80.5",
            "count": 15,
            "created_time": "2025-02-27T20:08:37.048743Z",
            "yes_price": 73,
            "no_price": 27,
            "taker_side": "yes"
        },
        {
            "trade_id": "b920cd00-cd3a-4f9a-8628-45235fe5e94a",
            "ticker": "KXHIGHMIA-25FEB27-B80.5",
            "count": 12,
            "created_time": "2025-02-27T20:08:16.9258Z",
            "yes_price": 73,
            "no_price": 27,
            "taker_side": "yes"
        },
        {
            "trade_id": "7be1b801-869d-4d6c-a610-f55bc2a11106",
            "ticker": "KXHIGHMIA-25FEB27-B80.5",
            "count": 15,
            "created_time": "2025-02-27T20:08:16.9258Z",
            "yes_price": 73,
            "no_price": 27,
            "taker_side": "yes"
        },
        {
            "trade_id": "62992d4b-d906-4577-9954-5e3c39ad63e7",
            "ticker": "KXHIGHMIA-25FEB27-B80.5",
            "count": 3,
            "created_time": "2025-02-27T20:08:16.9258Z",
            "yes_price": 72,
            "no_price": 28,
            "taker_side": "yes"
        },
        {
            "trade_id": "11e5d347-e528-4ed0-a34c-4bae7ee9758f",
            "ticker": "KXHIGHMIA-25FEB27-B80.5",
            "count": 1,
            "created_time": "2025-02-27T20:07:46.925201Z",
            "yes_price": 72,
            "no_price": 28,
            "taker_side": "yes"
        },
        {
            "trade_id": "2400fe75-c7b5-413a-b908-ec253ac0c1f5",
            "ticker": "KXHIGHMIA-25FEB27-B80.5",
            "count": 61,
            "created_time": "2025-02-27T20:05:23.062847Z",
            "yes_price": 65,
            "no_price": 35,
            "taker_side": "no"
        },
        {
            "trade_id": "1e1154b4-9d9f-4765-9249-b49b4c75fbfe",
            "ticker": "KXHIGHMIA-25FEB27-B80.5",
            "count": 6,
            "created_time": "2025-02-27T20:05:22.74947Z",
            "yes_price": 65,
            "no_price": 35,
            "taker_side": "no"
        },
        {
            "trade_id": "95129d33-6293-45a6-a140-e3feb3af7c6d",
            "ticker": "KXHIGHMIA-25FEB27-B80.5",
            "count": 36,
            "created_time": "2025-02-27T20:05:22.663911Z",
            "yes_price": 61,
            "no_price": 39,
            "taker_side": "yes"
        },
        {
            "trade_id": "67d6e14b-16f5-4309-97fc-7b649f83e0af",
            "ticker": "KXHIGHMIA-25FEB27-B80.5",
            "count": 8,
            "created_time": "2025-02-27T20:05:22.663911Z",
            "yes_price": 60,
            "no_price": 40,
            "taker_side": "yes"
        },
        {
            "trade_id": "ed736104-a9e7-4ce6-bda1-8b6c0066d279",
            "ticker": "KXHIGHMIA-25FEB27-B80.5",
            "count": 99,
            "created_time": "2025-02-27T20:05:10.560359Z",
            "yes_price": 73,
            "no_price": 27,
            "taker_side": "yes"
        },
        {
            "trade_id": "9a8e862c-f11b-4345-9e1a-2159b4bb2ce6",
            "ticker": "KXHIGHMIA-25FEB27-B80.5",
            "count": 11,
            "created_time": "2025-02-27T20:05:10.560359Z",
            "yes_price": 73,
            "no_price": 27,
            "taker_side": "yes"
        },
        {
            "trade_id": "86fdcc35-4b19-455a-9dad-cedbc346e2c2",
            "ticker": "KXHIGHMIA-25FEB27-B80.5",
            "count": 31,
            "created_time": "2025-02-27T20:05:10.560359Z",
            "yes_price": 71,
            "no_price": 29,
            "taker_side": "yes"
        },
        {
            "trade_id": "7270f25f-d6e6-4f59-a240-d5e3e1b1b8b9",
            "ticker": "KXHIGHMIA-25FEB27-B80.5",
            "count": 11,
            "created_time": "2025-02-27T20:05:10.560359Z",
            "yes_price": 72,
            "no_price": 28,
            "taker_side": "yes"
        },
        {
            "trade_id": "27d67a62-0e8a-4ef2-9e1d-6259cb8595a8",
            "ticker": "KXHIGHMIA-25FEB27-B80.5",
            "count": 29,
            "created_time": "2025-02-27T20:05:10.560359Z",
            "yes_price": 73,
            "no_price": 27,
            "taker_side": "yes"
        },
        {
            "trade_id": "1ecd5045-7c2e-4d44-b359-f3a359cb15c7",
            "ticker": "KXHIGHMIA-25FEB27-B80.5",
            "count": 142,
            "created_time": "2025-02-27T20:05:10.560359Z",
            "yes_price": 74,
            "no_price": 26,
            "taker_side": "yes"
        },
        {
            "trade_id": "a4f19a1f-e5d0-4453-bacf-cd4227d00fb0",
            "ticker": "KXHIGHMIA-25FEB27-B80.5",
            "count": 16,
            "created_time": "2025-02-27T20:04:43.143668Z",
            "yes_price": 52,
            "no_price": 48,
            "taker_side": "yes"
        },
        {
            "trade_id": "46bcecec-df08-46be-a5dc-5e6eecbdef54",
            "ticker": "KXHIGHMIA-25FEB27-B80.5",
            "count": 99,
            "created_time": "2025-02-27T20:04:41.159358Z",
            "yes_price": 50,
            "no_price": 50,
            "taker_side": "no"
        },
        {
            "trade_id": "fbea3bc1-a594-46a3-961a-681e82366435",
            "ticker": "KXHIGHMIA-25FEB27-B80.5",
            "count": 13,
            "created_time": "2025-02-27T20:04:41.085383Z",
            "yes_price": 43,
            "no_price": 57,
            "taker_side": "yes"
        },
        {
            "trade_id": "c781bf5a-41c2-4289-a630-a881a3493e67",
            "ticker": "KXHIGHMIA-25FEB27-B80.5",
            "count": 100,
            "created_time": "2025-02-27T20:04:41.085383Z",
            "yes_price": 43,
            "no_price": 57,
            "taker_side": "yes"
        },
        {
            "trade_id": "07f0f088-bd86-4954-bb16-199e7bee63cb",
            "ticker": "KXHIGHMIA-25FEB27-B80.5",
            "count": 20,
            "created_time": "2025-02-27T20:04:41.085383Z",
            "yes_price": 43,
            "no_price": 57,
            "taker_side": "yes"
        },
        {
            "trade_id": "53e7e7b5-2160-41f6-b003-ccaa5b584b74",
            "ticker": "KXHIGHMIA-25FEB27-B80.5",
            "count": 19,
            "created_time": "2025-02-27T20:03:20.462902Z",
            "yes_price": 52,
            "no_price": 48,
            "taker_side": "yes"
        },
        {
            "trade_id": "34e31ff2-ead5-4ac3-94ab-e698ab732122",
            "ticker": "KXHIGHMIA-25FEB27-B80.5",
            "count": 70,
            "created_time": "2025-02-27T20:02:59.857556Z",
            "yes_price": 26,
            "no_price": 74,
            "taker_side": "yes"
        },
        {
            "trade_id": "8c2404c6-a61a-4d53-999e-6c0bba7f3850",
            "ticker": "KXHIGHMIA-25FEB27-B80.5",
            "count": 99,
            "created_time": "2025-02-27T20:02:59.616893Z",
            "yes_price": 26,
            "no_price": 74,
            "taker_side": "no"
        },
        {
            "trade_id": "79759273-8631-48c6-8f5c-49bc2de486dc",
            "ticker": "KXHIGHMIA-25FEB27-B80.5",
            "count": 5,
            "created_time": "2025-02-27T20:02:59.616893Z",
            "yes_price": 27,
            "no_price": 73,
            "taker_side": "no"
        },
        {
            "trade_id": "385edd65-2dea-4f16-9d67-e037f833da0f",
            "ticker": "KXHIGHMIA-25FEB27-B80.5",
            "count": 11,
            "created_time": "2025-02-27T20:02:59.616893Z",
            "yes_price": 26,
            "no_price": 74,
            "taker_side": "no"
        },
        {
            "trade_id": "2374d52b-29b6-461e-a90e-6ffdb641eb10",
            "ticker": "KXHIGHMIA-25FEB27-B80.5",
            "count": 20,
            "created_time": "2025-02-27T20:02:59.616893Z",
            "yes_price": 27,
            "no_price": 73,
            "taker_side": "no"
        },
        {
            "trade_id": "13026821-4602-4b4c-9eb4-6702530c5401",
            "ticker": "KXHIGHMIA-25FEB27-B80.5",
            "count": 25,
            "created_time": "2025-02-27T20:02:59.616893Z",
            "yes_price": 44,
            "no_price": 56,
            "taker_side": "no"
        },
        {
            "trade_id": "f1a72ccf-1563-4dc9-a4e9-c8e05ce8bade",
            "ticker": "KXHIGHMIA-25FEB27-B80.5",
            "count": 15,
            "created_time": "2025-02-27T20:02:52.454735Z",
            "yes_price": 43,
            "no_price": 57,
            "taker_side": "yes"
        },
        {
            "trade_id": "0272446e-2602-4506-919c-9d460d34673b",
            "ticker": "KXHIGHMIA-25FEB27-B80.5",
            "count": 2,
            "created_time": "2025-02-27T20:02:48.306235Z",
            "yes_price": 30,
            "no_price": 70,
            "taker_side": "no"
        },
        {
            "trade_id": "26637582-fd45-4fb3-b226-b5b8b4c990ae",
            "ticker": "KXHIGHMIA-25FEB27-B80.5",
            "count": 21,
            "created_time": "2025-02-27T20:02:45.673718Z",
            "yes_price": 29,
            "no_price": 71,
            "taker_side": "yes"
        },
        {
            "trade_id": "e5926903-e598-452e-b52e-0e4adec53ea6",
            "ticker": "KXHIGHMIA-25FEB27-B80.5",
            "count": 2,
            "created_time": "2025-02-27T20:00:00.35906Z",
            "yes_price": 39,
            "no_price": 61,
            "taker_side": "yes"
        },
        {
            "trade_id": "efa416ac-15ef-4b23-8d72-c51b05a3fc2d",
            "ticker": "KXHIGHMIA-25FEB27-B80.5",
            "count": 10,
            "created_time": "2025-02-27T19:59:57.153719Z",
            "yes_price": 11,
            "no_price": 89,
            "taker_side": "no"
        },
        {
            "trade_id": "cbc17872-e721-4342-be4e-e0438af851aa",
            "ticker": "KXHIGHMIA-25FEB27-B80.5",
            "count": 11,
            "created_time": "2025-02-27T19:59:57.153719Z",
            "yes_price": 10,
            "no_price": 90,
            "taker_side": "no"
        },
        {
            "trade_id": "a6ba4cee-2bea-470c-bde9-5e09086431bc",
            "ticker": "KXHIGHMIA-25FEB27-B80.5",
            "count": 226,
            "created_time": "2025-02-27T19:59:57.153719Z",
            "yes_price": 9,
            "no_price": 91,
            "taker_side": "no"
        },
        {
            "trade_id": "6c4a36f8-3c73-4f6f-b030-648d806d41b7",
            "ticker": "KXHIGHMIA-25FEB27-B80.5",
            "count": 11,
            "created_time": "2025-02-27T19:59:57.153719Z",
            "yes_price": 9,
            "no_price": 91,
            "taker_side": "no"
        },
        {
            "trade_id": "3ed030e0-3418-4177-99ca-d5b7d075c036",
            "ticker": "KXHIGHMIA-25FEB27-B80.5",
            "count": 15,
            "created_time": "2025-02-27T19:59:57.153719Z",
            "yes_price": 21,
            "no_price": 79,
            "taker_side": "no"
        },
        {
            "trade_id": "1abbe92f-7136-4dee-973c-0cc19cb0f516",
            "ticker": "KXHIGHMIA-25FEB27-B80.5",
            "count": 50,
            "created_time": "2025-02-27T19:59:57.153719Z",
            "yes_price": 22,
            "no_price": 78,
            "taker_side": "no"
        },
        {
            "trade_id": "6e4744cd-680a-4dfe-8db6-3a7c06614e2f",
            "ticker": "KXHIGHMIA-25FEB27-B80.5",
            "count": 50,
            "created_time": "2025-02-27T19:58:41.758975Z",
            "yes_price": 11,
            "no_price": 89,
            "taker_side": "no"
        },
        {
            "trade_id": "e844e0b6-d150-4693-9e8c-a2b70915e177",
            "ticker": "KXHIGHMIA-25FEB27-B80.5",
            "count": 1636,
            "created_time": "2025-02-27T19:58:26.864848Z",
            "yes_price": 65,
            "no_price": 35,
            "taker_side": "no"
        },
        {
            "trade_id": "a6444749-91eb-44a1-9752-52cbeb9868c7",
            "ticker": "KXHIGHMIA-25FEB27-B80.5",
            "count": 20,
            "created_time": "2025-02-27T19:57:47.418842Z",
            "yes_price": 65,
            "no_price": 35,
            "taker_side": "no"
        },
        {
            "trade_id": "6cbe015c-dc9f-4b8d-aa29-8af06f3797b3",
            "ticker": "KXHIGHMIA-25FEB27-B80.5",
            "count": 100,
            "created_time": "2025-02-27T19:57:31.878225Z",
            "yes_price": 65,
            "no_price": 35,
            "taker_side": "no"
        },
        {
            "trade_id": "e235a86f-1e26-48ec-938d-b72e4fa5df1e",
            "ticker": "KXHIGHMIA-25FEB27-B80.5",
            "count": 99,
            "created_time": "2025-02-27T19:56:09.457899Z",
            "yes_price": 66,
            "no_price": 34,
            "taker_side": "no"
        },
        {
            "trade_id": "9f9a689c-ceab-43ba-9765-58c48a4dbf22",
            "ticker": "KXHIGHMIA-25FEB27-B80.5",
            "count": 40,
            "created_time": "2025-02-27T19:56:09.457899Z",
            "yes_price": 67,
            "no_price": 33,
            "taker_side": "no"
        },
        {
            "trade_id": "86508217-bcb7-4644-9e82-f5f0ddaf4a55",
            "ticker": "KXHIGHMIA-25FEB27-B80.5",
            "count": 244,
            "created_time": "2025-02-27T19:56:09.457899Z",
            "yes_price": 65,
            "no_price": 35,
            "taker_side": "no"
        },
        {
            "trade_id": "39e5e753-734a-448c-b6e9-8aec69020db6",
            "ticker": "KXHIGHMIA-25FEB27-B80.5",
            "count": 15,
            "created_time": "2025-02-27T19:56:09.457899Z",
            "yes_price": 68,
            "no_price": 32,
            "taker_side": "no"
        },
        {
            "trade_id": "27b841aa-97b9-4280-b6f7-4e75a69870b9",
            "ticker": "KXHIGHMIA-25FEB27-B80.5",
            "count": 2,
            "created_time": "2025-02-27T19:56:09.457899Z",
            "yes_price": 72,
            "no_price": 28,
            "taker_side": "no"
        },
        {
            "trade_id": "d00f7922-3b70-4c26-9765-037f26556c4e",
            "ticker": "KXHIGHMIA-25FEB27-B80.5",
            "count": 50,
            "created_time": "2025-02-27T19:55:56.233847Z",
            "yes_price": 73,
            "no_price": 27,
            "taker_side": "no"
        },
        {
            "trade_id": "a9a5e7dc-a227-425f-aa08-9acf8a8b3bd6",
            "ticker": "KXHIGHMIA-25FEB27-B80.5",
            "count": 300,
            "created_time": "2025-02-27T19:55:56.233847Z",
            "yes_price": 73,
            "no_price": 27,
            "taker_side": "no"
        },
        {
            "trade_id": "961b02fd-57a6-467a-b202-ac0559c6e0a8",
            "ticker": "KXHIGHMIA-25FEB27-B80.5",
            "count": 50,
            "created_time": "2025-02-27T19:55:56.233847Z",
            "yes_price": 72,
            "no_price": 28,
            "taker_side": "no"
        },
        {
            "trade_id": "c25771c9-c0ce-4615-adff-6fa75238f9dd",
            "ticker": "KXHIGHMIA-25FEB27-B80.5",
            "count": 15,
            "created_time": "2025-02-27T19:55:27.624879Z",
            "yes_price": 85,
            "no_price": 15,
            "taker_side": "yes"
        },
        {
            "trade_id": "90c62758-103c-4557-98b1-7e605ff7e36e",
            "ticker": "KXHIGHMIA-25FEB27-B80.5",
            "count": 14,
            "created_time": "2025-02-27T19:55:27.624879Z",
            "yes_price": 91,
            "no_price": 9,
            "taker_side": "yes"
        },
        {
            "trade_id": "31e9b61a-a8bc-4e66-888b-b706682660ed",
            "ticker": "KXHIGHMIA-25FEB27-B80.5",
            "count": 50,
            "created_time": "2025-02-27T19:53:53.465584Z",
            "yes_price": 78,
            "no_price": 22,
            "taker_side": "no"
        },
        {
            "trade_id": "22ea5bab-1de8-4002-8592-18a8d63c5bf2",
            "ticker": "KXHIGHMIA-25FEB27-B80.5",
            "count": 20,
            "created_time": "2025-02-27T19:53:53.465584Z",
            "yes_price": 78,
            "no_price": 22,
            "taker_side": "no"
        },
        {
            "trade_id": "5fd8526d-a656-43a5-a4e8-10c449219f96",
            "ticker": "KXHIGHMIA-25FEB27-B80.5",
            "count": 25,
            "created_time": "2025-02-27T19:52:26.518417Z",
            "yes_price": 73,
            "no_price": 27,
            "taker_side": "no"
        },
        {
            "trade_id": "da3fe691-d8f6-43a2-b4fc-af42214ab4bc",
            "ticker": "KXHIGHMIA-25FEB27-B80.5",
            "count": 15,
            "created_time": "2025-02-27T19:51:21.209887Z",
            "yes_price": 67,
            "no_price": 33,
            "taker_side": "no"
        },
        {
            "trade_id": "e5ae73e7-86b5-4f1f-8c03-1ad43f6d66fe",
            "ticker": "KXHIGHMIA-25FEB27-B80.5",
            "count": 30,
            "created_time": "2025-02-27T19:51:01.772925Z",
            "yes_price": 75,
            "no_price": 25,
            "taker_side": "no"
        },
        {
            "trade_id": "0e248718-39f1-436b-b825-3e05ce3f4937",
            "ticker": "KXHIGHMIA-25FEB27-B80.5",
            "count": 50,
            "created_time": "2025-02-27T19:51:01.772925Z",
            "yes_price": 76,
            "no_price": 24,
            "taker_side": "no"
        },
        {
            "trade_id": "08ac95ad-1bad-4b82-a5b7-9c183776a75e",
            "ticker": "KXHIGHMIA-25FEB27-B80.5",
            "count": 99,
            "created_time": "2025-02-27T19:51:01.772925Z",
            "yes_price": 73,
            "no_price": 27,
            "taker_side": "no"
        },
        {
            "trade_id": "aa9ae67e-6889-4327-8df6-91db1c25e4ba",
            "ticker": "KXHIGHMIA-25FEB27-B80.5",
            "count": 3,
            "created_time": "2025-02-27T19:47:55.318323Z",
            "yes_price": 78,
            "no_price": 22,
            "taker_side": "no"
        },
        {
            "trade_id": "92595ce4-b477-427c-ae1c-e836bfec56d5",
            "ticker": "KXHIGHMIA-25FEB27-B80.5",
            "count": 1,
            "created_time": "2025-02-27T19:47:55.318323Z",
            "yes_price": 89,
            "no_price": 11,
            "taker_side": "no"
        },
        {
            "trade_id": "3ad5c410-a72b-4d85-83d2-354eb428b72e",
            "ticker": "KXHIGHMIA-25FEB27-B80.5",
            "count": 20,
            "created_time": "2025-02-27T19:47:55.318323Z",
            "yes_price": 77,
            "no_price": 23,
            "taker_side": "no"
        },
        {
            "trade_id": "b342316f-4580-4ca1-bfd2-0033df4be866",
            "ticker": "KXHIGHMIA-25FEB27-B80.5",
            "count": 22,
            "created_time": "2025-02-27T19:33:55.663291Z",
            "yes_price": 90,
            "no_price": 10,
            "taker_side": "yes"
        },
        {
            "trade_id": "3017ec46-0e8d-4adf-9de2-2b931f49197f",
            "ticker": "KXHIGHMIA-25FEB27-B80.5",
            "count": 24,
            "created_time": "2025-02-27T19:31:50.995791Z",
            "yes_price": 96,
            "no_price": 4,
            "taker_side": "yes"
        },
        {
            "trade_id": "fc3edf76-7a7b-44ce-8f34-0e8fc598c10c",
            "ticker": "KXHIGHMIA-25FEB27-B80.5",
            "count": 72,
            "created_time": "2025-02-27T19:31:00.993102Z",
            "yes_price": 90,
            "no_price": 10,
            "taker_side": "yes"
        },
        {
            "trade_id": "327e63ef-64fe-4e5c-bfbc-1832fc0b8d37",
            "ticker": "KXHIGHMIA-25FEB27-B80.5",
            "count": 10,
            "created_time": "2025-02-27T19:31:00.993102Z",
            "yes_price": 89,
            "no_price": 11,
            "taker_side": "yes"
        },
        {
            "trade_id": "a070d24b-0de1-47fa-972b-68e6e5175336",
            "ticker": "KXHIGHMIA-25FEB27-B80.5",
            "count": 69,
            "created_time": "2025-02-27T19:30:46.995357Z",
            "yes_price": 78,
            "no_price": 22,
            "taker_side": "yes"
        },
        {
            "trade_id": "0c8d4483-bdbc-44d5-9b9d-66dcc58dea3e",
            "ticker": "KXHIGHMIA-25FEB27-B80.5",
            "count": 300,
            "created_time": "2025-02-27T19:30:46.995357Z",
            "yes_price": 79,
            "no_price": 21,
            "taker_side": "yes"
        },
        {
            "trade_id": "0b3a1b52-22c4-406f-af3a-334fc315e427",
            "ticker": "KXHIGHMIA-25FEB27-B80.5",
            "count": 200,
            "created_time": "2025-02-27T19:30:46.995357Z",
            "yes_price": 80,
            "no_price": 20,
            "taker_side": "yes"
        },
        {
            "trade_id": "070d9347-68e0-4341-91c1-9c001dac5539",
            "ticker": "KXHIGHMIA-25FEB27-B80.5",
            "count": 50,
            "created_time": "2025-02-27T19:30:46.995357Z",
            "yes_price": 78,
            "no_price": 22,
            "taker_side": "yes"
        },
        {
            "trade_id": "04aa8ca7-b396-4534-ba68-7470b4cd97ac",
            "ticker": "KXHIGHMIA-25FEB27-B80.5",
            "count": 100,
            "created_time": "2025-02-27T19:30:46.995357Z",
            "yes_price": 81,
            "no_price": 19,
            "taker_side": "yes"
        },
        {
            "trade_id": "040e4024-1033-451b-877a-d5d8db04c095",
            "ticker": "KXHIGHMIA-25FEB27-B80.5",
            "count": 13,
            "created_time": "2025-02-27T19:25:50.748225Z",
            "yes_price": 77,
            "no_price": 23,
            "taker_side": "no"
        },
        {
            "trade_id": "1be64ffe-fcfc-48b1-a18a-da0618269f68",
            "ticker": "KXHIGHMIA-25FEB27-B80.5",
            "count": 4,
            "created_time": "2025-02-27T19:25:25.576787Z",
            "yes_price": 77,
            "no_price": 23,
            "taker_side": "no"
        },
        {
            "trade_id": "0224a624-fe33-40fd-8130-e32f49d4e9f4",
            "ticker": "KXHIGHMIA-25FEB27-B80.5",
            "count": 15,
            "created_time": "2025-02-27T19:25:24.711497Z",
            "yes_price": 77,
            "no_price": 23,
            "taker_side": "no"
        },
        {
            "trade_id": "ac66180f-ba02-4c47-9614-f60e91604291",
            "ticker": "KXHIGHMIA-25FEB27-B80.5",
            "count": 10,
            "created_time": "2025-02-27T19:15:47.737552Z",
            "yes_price": 69,
            "no_price": 31,
            "taker_side": "yes"
        },
        {
            "trade_id": "a866565c-619f-4d97-b846-4d601d4114e1",
            "ticker": "KXHIGHMIA-25FEB27-B80.5",
            "count": 46,
            "created_time": "2025-02-27T19:15:47.737552Z",
            "yes_price": 70,
            "no_price": 30,
            "taker_side": "yes"
        },
        {
            "trade_id": "cd0ea4e8-9823-4249-9a40-7991901ff8dd",
            "ticker": "KXHIGHMIA-25FEB27-B80.5",
            "count": 15,
            "created_time": "2025-02-27T19:14:03.596799Z",
            "yes_price": 73,
            "no_price": 27,
            "taker_side": "no"
        },
        {
            "trade_id": "8e14d0a3-8285-4c4a-b7a9-e0152ca8e47a",
            "ticker": "KXHIGHMIA-25FEB27-B80.5",
            "count": 69,
            "created_time": "2025-02-27T19:14:03.596799Z",
            "yes_price": 68,
            "no_price": 32,
            "taker_side": "no"
        },
        {
            "trade_id": "862a4e2d-576c-46dc-bb15-aaed195715b8",
            "ticker": "KXHIGHMIA-25FEB27-B80.5",
            "count": 14,
            "created_time": "2025-02-27T19:14:03.596799Z",
            "yes_price": 73,
            "no_price": 27,
            "taker_side": "no"
        },
        {
            "trade_id": "6c53ed4d-0d0d-4103-8862-7b5e6624820a",
            "ticker": "KXHIGHMIA-25FEB27-B80.5",
            "count": 10,
            "created_time": "2025-02-27T19:14:03.596799Z",
            "yes_price": 69,
            "no_price": 31,
            "taker_side": "no"
        },
        {
            "trade_id": "42e61f8a-4816-4bb3-9b58-712d1c6fe668",
            "ticker": "KXHIGHMIA-25FEB27-B80.5",
            "count": 20,
            "created_time": "2025-02-27T19:14:03.596799Z",
            "yes_price": 73,
            "no_price": 27,
            "taker_side": "no"
        },
        {
            "trade_id": "266db232-923d-4cf6-a019-e936c1ee7e84",
            "ticker": "KXHIGHMIA-25FEB27-B80.5",
            "count": 50,
            "created_time": "2025-02-27T19:14:03.596799Z",
            "yes_price": 72,
            "no_price": 28,
            "taker_side": "no"
        },
        {
            "trade_id": "fbd99a24-a7ee-4e35-9420-a079e762e878",
            "ticker": "KXHIGHMIA-25FEB27-B80.5",
            "count": 227,
            "created_time": "2025-02-27T19:12:42.552037Z",
            "yes_price": 89,
            "no_price": 11,
            "taker_side": "yes"
        },
        {
            "trade_id": "c9dc1136-5d3f-4cf6-812e-8c50572d800f",
            "ticker": "KXHIGHMIA-25FEB27-B80.5",
            "count": 20,
            "created_time": "2025-02-27T19:12:42.552037Z",
            "yes_price": 61,
            "no_price": 39,
            "taker_side": "yes"
        },
        {
            "trade_id": "c6bc3c19-946f-4016-8aaf-34b1b492818b",
            "ticker": "KXHIGHMIA-25FEB27-B80.5",
            "count": 50,
            "created_time": "2025-02-27T19:12:42.552037Z",
            "yes_price": 60,
            "no_price": 40,
            "taker_side": "yes"
        },
        {
            "trade_id": "70504012-d903-4db7-848a-841172c878fe",
            "ticker": "KXHIGHMIA-25FEB27-B80.5",
            "count": 4,
            "created_time": "2025-02-27T19:12:42.552037Z",
            "yes_price": 82,
            "no_price": 18,
            "taker_side": "yes"
        },
        {
            "trade_id": "591c4aa8-3f85-48ae-9c9f-c54ec369ff7c",
            "ticker": "KXHIGHMIA-25FEB27-B80.5",
            "count": 30,
            "created_time": "2025-02-27T19:12:42.552037Z",
            "yes_price": 83,
            "no_price": 17,
            "taker_side": "yes"
        },
        {
            "trade_id": "561d0fab-7723-4250-a5d2-48f1c1219ccb",
            "ticker": "KXHIGHMIA-25FEB27-B80.5",
            "count": 10,
            "created_time": "2025-02-27T19:12:42.552037Z",
            "yes_price": 88,
            "no_price": 12,
            "taker_side": "yes"
        },
        {
            "trade_id": "e570423a-da6b-4189-b46d-36d08381059f",
            "ticker": "KXHIGHMIA-25FEB27-B80.5",
            "count": 500,
            "created_time": "2025-02-27T19:11:28.063242Z",
            "yes_price": 57,
            "no_price": 43,
            "taker_side": "yes"
        },
        {
            "trade_id": "4d1c09d0-8e99-4c2b-a8ed-4dfef1b41d0d",
            "ticker": "KXHIGHMIA-25FEB27-B80.5",
            "count": 11,
            "created_time": "2025-02-27T19:11:28.063242Z",
            "yes_price": 56,
            "no_price": 44,
            "taker_side": "yes"
        },
        {
            "trade_id": "44b0bcdb-df50-4b01-a872-7fb13a001dcc",
            "ticker": "KXHIGHMIA-25FEB27-B80.5",
            "count": 15,
            "created_time": "2025-02-27T19:10:30.238384Z",
            "yes_price": 53,
            "no_price": 47,
            "taker_side": "yes"
        },
        {
            "trade_id": "d69927b2-1b0a-41e0-998a-4208726abc2d",
            "ticker": "KXHIGHMIA-25FEB27-B80.5",
            "count": 15,
            "created_time": "2025-02-27T19:10:29.501974Z",
            "yes_price": 53,
            "no_price": 47,
            "taker_side": "yes"
        },
        {
            "trade_id": "6c8f65d1-666c-4c55-9401-28f66b284912",
            "ticker": "KXHIGHMIA-25FEB27-B80.5",
            "count": 20,
            "created_time": "2025-02-27T19:10:29.501974Z",
            "yes_price": 53,
            "no_price": 47,
            "taker_side": "yes"
        },
        {
            "trade_id": "993d84c2-adfb-4439-b0c9-51c289544e5c",
            "ticker": "KXHIGHMIA-25FEB27-B80.5",
            "count": 15,
            "created_time": "2025-02-27T19:10:28.109095Z",
            "yes_price": 53,
            "no_price": 47,
            "taker_side": "yes"
        },
        {
            "trade_id": "1bed6398-ab3f-4cd5-a9b5-47ba94263ad5",
            "ticker": "KXHIGHMIA-25FEB27-B80.5",
            "count": 20,
            "created_time": "2025-02-27T19:10:28.109095Z",
            "yes_price": 53,
            "no_price": 47,
            "taker_side": "yes"
        },
        {
            "trade_id": "52b33c30-97f2-4156-8a54-78144730d567",
            "ticker": "KXHIGHMIA-25FEB27-B80.5",
            "count": 15,
            "created_time": "2025-02-27T19:10:23.964189Z",
            "yes_price": 53,
            "no_price": 47,
            "taker_side": "yes"
        },
        {
            "trade_id": "6d31fb99-e843-463f-9795-f7fe018a598f",
            "ticker": "KXHIGHMIA-25FEB27-B80.5",
            "count": 11,
            "created_time": "2025-02-27T19:07:17.659699Z",
            "yes_price": 59,
            "no_price": 41,
            "taker_side": "no"
        },
        {
            "trade_id": "e2bd92b1-7adb-4bbb-9d08-82d3f4973866",
            "ticker": "KXHIGHMIA-25FEB27-B80.5",
            "count": 38,
            "created_time": "2025-02-27T19:07:17.006981Z",
            "yes_price": 61,
            "no_price": 39,
            "taker_side": "no"
        },
        {
            "trade_id": "ffae52ec-18af-469e-b0fd-b37b6d7871bb",
            "ticker": "KXHIGHMIA-25FEB27-B80.5",
            "count": 99,
            "created_time": "2025-02-27T19:07:16.796999Z",
            "yes_price": 62,
            "no_price": 38,
            "taker_side": "no"
        },
        {
            "trade_id": "0997b38d-ec91-4183-af26-b13e9a02bfc2",
            "ticker": "KXHIGHMIA-25FEB27-B80.5",
            "count": 15,
            "created_time": "2025-02-27T19:06:28.776524Z",
            "yes_price": 63,
            "no_price": 37,
            "taker_side": "no"
        },
        {
            "trade_id": "ad9f298b-bc56-4e3b-bb7a-34148036d550",
            "ticker": "KXHIGHMIA-25FEB27-B80.5",
            "count": 15,
            "created_time": "2025-02-27T19:02:42.262818Z",
            "yes_price": 69,
            "no_price": 31,
            "taker_side": "no"
        },
        {
            "trade_id": "9ce8e0c3-0e49-4e6c-a10b-b476b210c3da",
            "ticker": "KXHIGHMIA-25FEB27-B80.5",
            "count": 4,
            "created_time": "2025-02-27T19:01:19.37528Z",
            "yes_price": 61,
            "no_price": 39,
            "taker_side": "no"
        },
        {
            "trade_id": "7c6df044-2e6d-4d0d-8b00-874d39d45af2",
            "ticker": "KXHIGHMIA-25FEB27-B80.5",
            "count": 133,
            "created_time": "2025-02-27T19:00:53.150939Z",
            "yes_price": 61,
            "no_price": 39,
            "taker_side": "no"
        },
        {
            "trade_id": "647599cf-e9bf-4ef4-ac50-1a77366b6635",
            "ticker": "KXHIGHMIA-25FEB27-B80.5",
            "count": 25,
            "created_time": "2025-02-27T18:56:54.146819Z",
            "yes_price": 61,
            "no_price": 39,
            "taker_side": "no"
        },
        {
            "trade_id": "d5a2e2e9-e98b-4732-83ae-478c4b02f705",
            "ticker": "KXHIGHMIA-25FEB27-B80.5",
            "count": 49,
            "created_time": "2025-02-27T18:56:15.784766Z",
            "yes_price": 62,
            "no_price": 38,
            "taker_side": "no"
        },
        {
            "trade_id": "c7e10857-d717-48ed-9b42-ebd20ab3f8f2",
            "ticker": "KXHIGHMIA-25FEB27-B80.5",
            "count": 1,
            "created_time": "2025-02-27T18:56:15.784766Z",
            "yes_price": 63,
            "no_price": 37,
            "taker_side": "no"
        },
        {
            "trade_id": "1792b544-7896-4548-8085-efc6d0a95cba",
            "ticker": "KXHIGHMIA-25FEB27-B80.5",
            "count": 4,
            "created_time": "2025-02-27T18:49:36.481161Z",
            "yes_price": 59,
            "no_price": 41,
            "taker_side": "no"
        },
        {
            "trade_id": "10edc516-1043-4c3f-96b8-c5d62fa752b0",
            "ticker": "KXHIGHMIA-25FEB27-B80.5",
            "count": 1,
            "created_time": "2025-02-27T18:49:36.481161Z",
            "yes_price": 60,
            "no_price": 40,
            "taker_side": "no"
        },
        {
            "trade_id": "45b8415a-ae43-4703-b6c7-98c132100e00",
            "ticker": "KXHIGHMIA-25FEB27-B80.5",
            "count": 28,
            "created_time": "2025-02-27T18:49:14.867246Z",
            "yes_price": 73,
            "no_price": 27,
            "taker_side": "no"
        },
        {
            "trade_id": "64aeef5c-cc5a-401c-b59b-b24479914462",
            "ticker": "KXHIGHMIA-25FEB27-B80.5",
            "count": 15,
            "created_time": "2025-02-27T18:48:59.923622Z",
            "yes_price": 74,
            "no_price": 26,
            "taker_side": "no"
        },
        {
            "trade_id": "2ae9e710-306f-4547-8624-50ff5251b793",
            "ticker": "KXHIGHMIA-25FEB27-B80.5",
            "count": 6,
            "created_time": "2025-02-27T18:46:43.894548Z",
            "yes_price": 78,
            "no_price": 22,
            "taker_side": "yes"
        },
        {
            "trade_id": "ce5dcf08-c8d1-4a98-85b6-483b15f69135",
            "ticker": "KXHIGHMIA-25FEB27-B80.5",
            "count": 1,
            "created_time": "2025-02-27T18:41:01.328044Z",
            "yes_price": 80,
            "no_price": 20,
            "taker_side": "yes"
        },
        {
            "trade_id": "1016fad9-ba2e-4d5b-b650-f88c97307701",
            "ticker": "KXHIGHMIA-25FEB27-B80.5",
            "count": 59,
            "created_time": "2025-02-27T18:39:47.821964Z",
            "yes_price": 79,
            "no_price": 21,
            "taker_side": "yes"
        },
        {
            "trade_id": "65beb4b8-9910-4051-8a4b-864abb8c0b3f",
            "ticker": "KXHIGHMIA-25FEB27-B80.5",
            "count": 5,
            "created_time": "2025-02-27T18:37:28.283276Z",
            "yes_price": 78,
            "no_price": 22,
            "taker_side": "yes"
        },
        {
            "trade_id": "f046b6e5-b5d5-46d0-b7ef-948d4a4d9f6d",
            "ticker": "KXHIGHMIA-25FEB27-B80.5",
            "count": 15,
            "created_time": "2025-02-27T18:35:26.161105Z",
            "yes_price": 76,
            "no_price": 24,
            "taker_side": "yes"
        },
        {
            "trade_id": "b39319fc-5fe9-44a4-a2a0-25a20a77d778",
            "ticker": "KXHIGHMIA-25FEB27-B80.5",
            "count": 4,
            "created_time": "2025-02-27T18:35:26.161105Z",
            "yes_price": 77,
            "no_price": 23,
            "taker_side": "yes"
        },
        {
            "trade_id": "dcf35beb-7550-4071-9dbf-329d6f0d988f",
            "ticker": "KXHIGHMIA-25FEB27-B80.5",
            "count": 31,
            "created_time": "2025-02-27T18:34:33.555883Z",
            "yes_price": 72,
            "no_price": 28,
            "taker_side": "no"
        },
        {
            "trade_id": "0ce7c093-ef67-49df-9514-ef72fe271c10",
            "ticker": "KXHIGHMIA-25FEB27-B80.5",
            "count": 5,
            "created_time": "2025-02-27T18:34:33.555883Z",
            "yes_price": 72,
            "no_price": 28,
            "taker_side": "no"
        },
        {
            "trade_id": "66809755-6ef9-4a4c-aa2d-3a1256942b81",
            "ticker": "KXHIGHMIA-25FEB27-B80.5",
            "count": 14,
            "created_time": "2025-02-27T18:34:26.207197Z",
            "yes_price": 73,
            "no_price": 27,
            "taker_side": "no"
        },
        {
            "trade_id": "3dc6c7ba-b412-4f54-b73c-699c9b24ef0f",
            "ticker": "KXHIGHMIA-25FEB27-B80.5",
            "count": 14,
            "created_time": "2025-02-27T18:30:04.161046Z",
            "yes_price": 64,
            "no_price": 36,
            "taker_side": "yes"
        },
        {
            "trade_id": "26cd5d46-c36a-4f43-afdf-4a22009f0b23",
            "ticker": "KXHIGHMIA-25FEB27-B80.5",
            "count": 8,
            "created_time": "2025-02-27T18:27:07.172423Z",
            "yes_price": 65,
            "no_price": 35,
            "taker_side": "no"
        },
        {
            "trade_id": "9aecacb1-4b30-4782-bb20-a62f76af3811",
            "ticker": "KXHIGHMIA-25FEB27-B80.5",
            "count": 11,
            "created_time": "2025-02-27T18:25:01.971724Z",
            "yes_price": 67,
            "no_price": 33,
            "taker_side": "no"
        },
        {
