{
    "KXHIGHMIA-25JAN22-T64": [
        {
            "trade_id": "347e539d-1db4-4985-bf2e-d01918e4b7e2",
            "ticker": "KXHIGHMIA-25JAN22-T64",
            "count": 13,
            "created_time": "2025-01-23T04:11:22.923093Z",
            "yes_price": 1,
            "no_price": 99,
            "taker_side": "yes"
        },
        {
            "trade_id": "1ceb21c5-51a2-4406-86e0-4e9e4e2478ee",
            "ticker": "KXHIGHMIA-25JAN22-T64",
            "count": 93,
            "created_time": "2025-01-22T18:22:06.842745Z",
            "yes_price": 1,
            "no_price": 99,
            "taker_side": "yes"
        },
        {
            "trade_id": "b6bd2327-35cb-489b-8501-53d9eb32c9fc",
            "ticker": "KXHIGHMIA-25JAN22-T64",
            "count": 1000,
            "created_time": "2025-01-22T17:07:55.209107Z",
            "yes_price": 1,
            "no_price": 99,
            "taker_side": "yes"
        },
        {
            "trade_id": "3018d01d-19cf-461c-96af-652d3525242e",
            "ticker": "KXHIGHMIA-25JAN22-T64",
            "count": 2500,
            "created_time": "2025-01-22T16:10:29.251138Z",
            "yes_price": 1,
            "no_price": 99,
            "taker_side": "yes"
        },
        {
            "trade_id": "00e75164-9aa1-420a-a3bc-5f1171e70463",
            "ticker": "KXHIGHMIA-25JAN22-T64",
            "count": 2080,
            "created_time": "2025-01-22T16:10:29.251138Z",
            "yes_price": 1,
            "no_price": 99,
            "taker_side": "yes"
        },
        {
            "trade_id": "d0382ef1-6e12-4e90-b59f-fba77a6075e3",
            "ticker": "KXHIGHMIA-25JAN22-T64",
            "count": 1999,
            "created_time": "2025-01-22T14:12:22.545332Z",
            "yes_price": 1,
            "no_price": 99,
            "taker_side": "yes"
        },
        {
            "trade_id": "c51834dd-8acb-4ddd-83c8-1e02f071cf20",
            "ticker": "KXHIGHMIA-25JAN22-T64",
            "count": 499,
            "created_time": "2025-01-22T14:12:22.545332Z",
            "yes_price": 1,
            "no_price": 99,
            "taker_side": "yes"
        },
        {
            "trade_id": "a2eb0bd0-1a04-45aa-8ae9-7b3f355b53f1",
            "ticker": "KXHIGHMIA-25JAN22-T64",
            "count": 2500,
            "created_time": "2025-01-22T14:12:22.545332Z",
            "yes_price": 1,
            "no_price": 99,
            "taker_side": "yes"
        },
        {
            "trade_id": "65232c50-bb7b-4ec1-842f-7caebf671176",
            "ticker": "KXHIGHMIA-25JAN22-T64",
            "count": 696,
            "created_time": "2025-01-22T14:12:22.545332Z",
            "yes_price": 1,
            "no_price": 99,
            "taker_side": "yes"
        },
        {
            "trade_id": "649219d3-741d-4b19-a0e5-4e612b2819b1",
            "ticker": "KXHIGHMIA-25JAN22-T64",
            "count": 80,
            "created_time": "2025-01-22T14:12:22.545332Z",
            "yes_price": 1,
            "no_price": 99,
            "taker_side": "yes"
        },
        {
            "trade_id": "466c9e14-8763-426b-b6a1-c98515d23153",
            "ticker": "KXHIGHMIA-25JAN22-T64",
            "count": 700,
            "created_time": "2025-01-22T14:12:22.545332Z",
            "yes_price": 1,
            "no_price": 99,
            "taker_side": "yes"
        },
        {
            "trade_id": "0535c6fe-0825-4360-9a4b-5b33c83fa151",
            "ticker": "KXHIGHMIA-25JAN22-T64",
            "count": 3000,
            "created_time": "2025-01-22T14:12:22.545332Z",
            "yes_price": 1,
            "no_price": 99,
            "taker_side": "yes"
        }
    ],
    "KXHIGHMIA-25JAN22-B64.5": [
        {
            "trade_id": "c5f5e68b-3ec7-4521-bbff-95536aa8b88f",
            "ticker": "KXHIGHMIA-25JAN22-B64.5",
            "count": 1768,
            "created_time": "2025-01-23T01:35:00.452266Z",
            "yes_price": 1,
            "no_price": 99,
            "taker_side": "yes"
        },
        {
            "trade_id": "843c9a27-081b-43c8-9644-886fa8c189d2",
            "ticker": "KXHIGHMIA-25JAN22-B64.5",
            "count": 232,
            "created_time": "2025-01-23T01:35:00.452266Z",
            "yes_price": 1,
            "no_price": 99,
            "taker_side": "yes"
        },
        {
            "trade_id": "ddae5fc5-5ce4-4646-9cc7-064d33905f59",
            "ticker": "KXHIGHMIA-25JAN22-B64.5",
            "count": 467,
            "created_time": "2025-01-22T20:32:10.699972Z",
            "yes_price": 1,
            "no_price": 99,
            "taker_side": "yes"
        },
        {
            "trade_id": "d60922b4-b24e-4e8d-9ca4-6b130e5be1fb",
            "ticker": "KXHIGHMIA-25JAN22-B64.5",
            "count": 999,
            "created_time": "2025-01-22T17:26:06.43555Z",
            "yes_price": 1,
            "no_price": 99,
            "taker_side": "yes"
        },
        {
            "trade_id": "57491150-12ba-4bc3-896e-2ad7ed5e64f2",
            "ticker": "KXHIGHMIA-25JAN22-B64.5",
            "count": 1,
            "created_time": "2025-01-22T17:26:06.43555Z",
            "yes_price": 1,
            "no_price": 99,
            "taker_side": "yes"
        },
        {
            "trade_id": "b1dbc08f-7f4f-4f88-9c1b-b5d509e3d955",
            "ticker": "KXHIGHMIA-25JAN22-B64.5",
            "count": 1000,
            "created_time": "2025-01-22T14:18:26.950259Z",
            "yes_price": 1,
            "no_price": 99,
            "taker_side": "yes"
        },
        {
            "trade_id": "a961f4f0-a3a6-41ae-8bc0-47e87937d429",
            "ticker": "KXHIGHMIA-25JAN22-B64.5",
            "count": 18,
            "created_time": "2025-01-22T03:20:16.014806Z",
            "yes_price": 5,
            "no_price": 95,
            "taker_side": "yes"
        },
        {
            "trade_id": "e47b6acf-d569-447a-9192-d5d543ff294c",
            "ticker": "KXHIGHMIA-25JAN22-B64.5",
            "count": 62,
            "created_time": "2025-01-22T01:48:22.758227Z",
            "yes_price": 4,
            "no_price": 96,
            "taker_side": "yes"
        },
        {
            "trade_id": "57d7a2ed-cfb9-48c9-a66b-92b3f14f173c",
            "ticker": "KXHIGHMIA-25JAN22-B64.5",
            "count": 35,
            "created_time": "2025-01-22T01:44:28.970886Z",
            "yes_price": 3,
            "no_price": 97,
            "taker_side": "yes"
        },
        {
            "trade_id": "205d5c05-4e82-48d0-bf29-413b3b67d465",
            "ticker": "KXHIGHMIA-25JAN22-B64.5",
            "count": 21,
            "created_time": "2025-01-22T01:44:28.970886Z",
            "yes_price": 4,
            "no_price": 96,
            "taker_side": "yes"
        },
        {
            "trade_id": "5d654353-0441-4238-8ee8-d743ca29a4b5",
            "ticker": "KXHIGHMIA-25JAN22-B64.5",
            "count": 2,
            "created_time": "2025-01-22T01:37:44.316007Z",
            "yes_price": 3,
            "no_price": 97,
            "taker_side": "yes"
        },
        {
            "trade_id": "8bedfbb4-69a4-4e26-90e7-4c40bcb2bafc",
            "ticker": "KXHIGHMIA-25JAN22-B64.5",
            "count": 46,
            "created_time": "2025-01-22T01:15:28.612616Z",
            "yes_price": 2,
            "no_price": 98,
            "taker_side": "yes"
        },
        {
            "trade_id": "75456171-ea37-4911-a23c-9257a3b27659",
            "ticker": "KXHIGHMIA-25JAN22-B64.5",
            "count": 62,
            "created_time": "2025-01-22T00:41:19.879906Z",
            "yes_price": 3,
            "no_price": 97,
            "taker_side": "yes"
        },
        {
            "trade_id": "b2f5fdfc-514c-4550-9e70-9d65a98a043c",
            "ticker": "KXHIGHMIA-25JAN22-B64.5",
            "count": 1,
            "created_time": "2025-01-22T00:40:48.776509Z",
            "yes_price": 3,
            "no_price": 97,
            "taker_side": "yes"
        },
        {
            "trade_id": "8b315cd8-62f9-417e-83e2-82bd0f88cc5a",
            "ticker": "KXHIGHMIA-25JAN22-B64.5",
            "count": 117,
            "created_time": "2025-01-21T23:22:57.401897Z",
            "yes_price": 4,
            "no_price": 96,
            "taker_side": "yes"
        },
        {
            "trade_id": "b8ec8bca-5ca0-43fc-a71d-2e550440d84f",
            "ticker": "KXHIGHMIA-25JAN22-B64.5",
            "count": 26,
            "created_time": "2025-01-21T22:20:58.250957Z",
            "yes_price": 3,
            "no_price": 97,
            "taker_side": "no"
        },
        {
            "trade_id": "d19a9552-9209-4901-b267-71db3901bff1",
            "ticker": "KXHIGHMIA-25JAN22-B64.5",
            "count": 42,
            "created_time": "2025-01-21T22:19:54.155705Z",
            "yes_price": 3,
            "no_price": 97,
            "taker_side": "no"
        },
        {
            "trade_id": "d624bf7b-54ec-45e7-a356-59b27a38c6db",
            "ticker": "KXHIGHMIA-25JAN22-B64.5",
            "count": 32,
            "created_time": "2025-01-21T22:10:19.845386Z",
            "yes_price": 3,
            "no_price": 97,
            "taker_side": "no"
        }
    ],
    "KXHIGHMIA-25JAN22-B66.5": [
        {
            "trade_id": "0a1b90e9-b10f-4fd4-8224-88b2f9216c3b",
            "ticker": "KXHIGHMIA-25JAN22-B66.5",
            "count": 280,
            "created_time": "2025-01-22T19:49:47.946812Z",
            "yes_price": 1,
            "no_price": 99,
            "taker_side": "yes"
        },
        {
            "trade_id": "bf2e81eb-b837-4c08-8d5d-a0f732a1720e",
            "ticker": "KXHIGHMIA-25JAN22-B66.5",
            "count": 200,
            "created_time": "2025-01-22T14:18:13.797712Z",
            "yes_price": 1,
            "no_price": 99,
            "taker_side": "no"
        },
        {
            "trade_id": "8cdd1ca5-2361-405d-9caf-26980faf1d85",
            "ticker": "KXHIGHMIA-25JAN22-B66.5",
            "count": 100,
            "created_time": "2025-01-22T14:16:26.756161Z",
            "yes_price": 4,
            "no_price": 96,
            "taker_side": "yes"
        },
        {
            "trade_id": "626b3e39-f97c-4f86-9697-ca8017dc0e33",
            "ticker": "KXHIGHMIA-25JAN22-B66.5",
            "count": 122,
            "created_time": "2025-01-22T14:16:26.756161Z",
            "yes_price": 2,
            "no_price": 98,
            "taker_side": "yes"
        },
        {
            "trade_id": "21665315-53ed-4be3-b26d-572f4fd90f05",
            "ticker": "KXHIGHMIA-25JAN22-B66.5",
            "count": 778,
            "created_time": "2025-01-22T14:16:26.756161Z",
            "yes_price": 4,
            "no_price": 96,
            "taker_side": "yes"
        },
        {
            "trade_id": "fb874f95-27ce-4c20-aac3-143f3fba9447",
            "ticker": "KXHIGHMIA-25JAN22-B66.5",
            "count": 3000,
            "created_time": "2025-01-22T14:13:28.482421Z",
            "yes_price": 1,
            "no_price": 99,
            "taker_side": "yes"
        },
        {
            "trade_id": "c90510d4-34a5-4e80-a6ab-484ddff7940d",
            "ticker": "KXHIGHMIA-25JAN22-B66.5",
            "count": 100,
            "created_time": "2025-01-22T14:13:28.482421Z",
            "yes_price": 2,
            "no_price": 98,
            "taker_side": "yes"
        },
        {
            "trade_id": "a1828af1-3e4b-45a8-ba78-4ffb31be0981",
            "ticker": "KXHIGHMIA-25JAN22-B66.5",
            "count": 200,
            "created_time": "2025-01-22T14:13:28.482421Z",
            "yes_price": 2,
            "no_price": 98,
            "taker_side": "yes"
        },
        {
            "trade_id": "69f2595c-3f6c-4992-b81f-6ad873f6bd38",
            "ticker": "KXHIGHMIA-25JAN22-B66.5",
            "count": 2307,
            "created_time": "2025-01-22T14:13:28.482421Z",
            "yes_price": 1,
            "no_price": 99,
            "taker_side": "yes"
        },
        {
            "trade_id": "4ef63d26-93c3-4fcb-bdaf-e00b0b86190f",
            "ticker": "KXHIGHMIA-25JAN22-B66.5",
            "count": 878,
            "created_time": "2025-01-22T14:13:28.482421Z",
            "yes_price": 2,
            "no_price": 98,
            "taker_side": "yes"
        },
        {
            "trade_id": "4a7860df-632d-4ae0-b32f-8270aa673e09",
            "ticker": "KXHIGHMIA-25JAN22-B66.5",
            "count": 935,
            "created_time": "2025-01-22T14:13:28.482421Z",
            "yes_price": 1,
            "no_price": 99,
            "taker_side": "yes"
        },
        {
            "trade_id": "1c366b70-477b-4f45-ad58-9f5c5b032de1",
            "ticker": "KXHIGHMIA-25JAN22-B66.5",
            "count": 2500,
            "created_time": "2025-01-22T14:13:28.482421Z",
            "yes_price": 1,
            "no_price": 99,
            "taker_side": "yes"
        },
        {
            "trade_id": "0959d6a9-b5f1-4124-894b-f5b5468ac633",
            "ticker": "KXHIGHMIA-25JAN22-B66.5",
            "count": 80,
            "created_time": "2025-01-22T14:13:28.482421Z",
            "yes_price": 1,
            "no_price": 99,
            "taker_side": "yes"
        },
        {
            "trade_id": "e94428b6-8e8a-4742-8779-471def813f98",
            "ticker": "KXHIGHMIA-25JAN22-B66.5",
            "count": 357,
            "created_time": "2025-01-22T13:40:22.009239Z",
            "yes_price": 1,
            "no_price": 99,
            "taker_side": "yes"
        },
        {
            "trade_id": "b08ec2db-1cf9-4232-8a27-2584549d5e52",
            "ticker": "KXHIGHMIA-25JAN22-B66.5",
            "count": 693,
            "created_time": "2025-01-22T13:40:22.009239Z",
            "yes_price": 1,
            "no_price": 99,
            "taker_side": "yes"
        },
        {
            "trade_id": "fe09892e-eddc-4f6d-8bff-64ec60a8d9ea",
            "ticker": "KXHIGHMIA-25JAN22-B66.5",
            "count": 343,
            "created_time": "2025-01-22T13:20:51.565101Z",
            "yes_price": 1,
            "no_price": 99,
            "taker_side": "yes"
        },
        {
            "trade_id": "a641b04b-c316-494c-b0c3-7b870dfc5ec3",
            "ticker": "KXHIGHMIA-25JAN22-B66.5",
            "count": 29,
            "created_time": "2025-01-22T13:20:51.565101Z",
            "yes_price": 1,
            "no_price": 99,
            "taker_side": "yes"
        },
        {
            "trade_id": "3ca4bfc3-7673-45b5-9a78-2ce580682b68",
            "ticker": "KXHIGHMIA-25JAN22-B66.5",
            "count": 935,
            "created_time": "2025-01-22T06:34:49.166804Z",
            "yes_price": 1,
            "no_price": 99,
            "taker_side": "yes"
        },
        {
            "trade_id": "eaecc931-0e7c-4bf0-87f7-5b42a61248d0",
            "ticker": "KXHIGHMIA-25JAN22-B66.5",
            "count": 10,
            "created_time": "2025-01-22T06:11:14.728855Z",
            "yes_price": 1,
            "no_price": 99,
            "taker_side": "yes"
        },
        {
            "trade_id": "31ad5190-e746-4d44-a59f-f4c6c2cb79d9",
            "ticker": "KXHIGHMIA-25JAN22-B66.5",
            "count": 1025,
            "created_time": "2025-01-22T06:00:41.128138Z",
            "yes_price": 1,
            "no_price": 99,
            "taker_side": "no"
        },
        {
            "trade_id": "73607a1b-86e9-45ae-b96b-3b24d7c2cdb3",
            "ticker": "KXHIGHMIA-25JAN22-B66.5",
            "count": 256,
            "created_time": "2025-01-22T04:56:30.492511Z",
            "yes_price": 3,
            "no_price": 97,
            "taker_side": "yes"
        },
        {
            "trade_id": "19217c2a-6c0e-4c31-ba57-1d82b5dc8626",
            "ticker": "KXHIGHMIA-25JAN22-B66.5",
            "count": 450,
            "created_time": "2025-01-22T04:56:30.492511Z",
            "yes_price": 3,
            "no_price": 97,
            "taker_side": "yes"
        },
        {
            "trade_id": "deb660ab-07e1-4b5d-8f64-2d0aaf61062a",
            "ticker": "KXHIGHMIA-25JAN22-B66.5",
            "count": 311,
            "created_time": "2025-01-22T04:48:24.69954Z",
            "yes_price": 3,
            "no_price": 97,
            "taker_side": "yes"
        },
        {
            "trade_id": "92c71dff-6683-41f3-85c0-14b3d5692a60",
            "ticker": "KXHIGHMIA-25JAN22-B66.5",
            "count": 8,
            "created_time": "2025-01-22T04:45:50.123803Z",
            "yes_price": 3,
            "no_price": 97,
            "taker_side": "yes"
        },
        {
            "trade_id": "7fcc6f56-b833-4da5-8b14-efa75f91bc59",
            "ticker": "KXHIGHMIA-25JAN22-B66.5",
            "count": 25,
            "created_time": "2025-01-22T04:37:04.418096Z",
            "yes_price": 1,
            "no_price": 99,
            "taker_side": "no"
        },
        {
            "trade_id": "751571dc-f45c-4f8e-8a44-6530319837c6",
            "ticker": "KXHIGHMIA-25JAN22-B66.5",
            "count": 50,
            "created_time": "2025-01-22T04:37:04.418096Z",
            "yes_price": 1,
            "no_price": 99,
            "taker_side": "no"
        },
        {
            "trade_id": "91304ff8-a1fb-40ef-b0d3-472bdc647a6c",
            "ticker": "KXHIGHMIA-25JAN22-B66.5",
            "count": 18,
            "created_time": "2025-01-22T03:20:36.297088Z",
            "yes_price": 5,
            "no_price": 95,
            "taker_side": "yes"
        },
        {
            "trade_id": "ed2b2633-452f-4460-a1cc-408d01e764ec",
            "ticker": "KXHIGHMIA-25JAN22-B66.5",
            "count": 1,
            "created_time": "2025-01-22T01:48:15.31683Z",
            "yes_price": 5,
            "no_price": 95,
            "taker_side": "yes"
        },
        {
            "trade_id": "68280110-3e31-4fd1-9d70-c329b3f37217",
            "ticker": "KXHIGHMIA-25JAN22-B66.5",
            "count": 45,
            "created_time": "2025-01-22T01:48:15.31683Z",
            "yes_price": 5,
            "no_price": 95,
            "taker_side": "yes"
        },
        {
            "trade_id": "752b4cc9-789e-412b-8b22-6eaea6ab9bfd",
            "ticker": "KXHIGHMIA-25JAN22-B66.5",
            "count": 1,
            "created_time": "2025-01-22T00:53:56.850273Z",
            "yes_price": 7,
            "no_price": 93,
            "taker_side": "yes"
        },
        {
            "trade_id": "b8a1219a-b40c-4e1e-ae1d-8cd87efb9433",
            "ticker": "KXHIGHMIA-25JAN22-B66.5",
            "count": 10,
            "created_time": "2025-01-22T00:41:31.17941Z",
            "yes_price": 8,
            "no_price": 92,
            "taker_side": "yes"
        },
        {
            "trade_id": "6816f816-c980-487c-82a8-0e7732838161",
            "ticker": "KXHIGHMIA-25JAN22-B66.5",
            "count": 25,
            "created_time": "2025-01-22T00:41:31.17941Z",
            "yes_price": 8,
            "no_price": 92,
            "taker_side": "yes"
        },
        {
            "trade_id": "08d421a2-c74d-4214-8db5-663961e0384c",
            "ticker": "KXHIGHMIA-25JAN22-B66.5",
            "count": 1,
            "created_time": "2025-01-22T00:40:20.391591Z",
            "yes_price": 8,
            "no_price": 92,
            "taker_side": "yes"
        },
        {
            "trade_id": "3bb285c4-cc23-4c4f-9642-c59b214b2ae4",
            "ticker": "KXHIGHMIA-25JAN22-B66.5",
            "count": 144,
            "created_time": "2025-01-22T00:19:41.65018Z",
            "yes_price": 5,
            "no_price": 95,
            "taker_side": "yes"
        },
        {
            "trade_id": "94e9b142-e92f-4812-b706-8af317087e04",
            "ticker": "KXHIGHMIA-25JAN22-B66.5",
            "count": 56,
            "created_time": "2025-01-21T23:56:08.558598Z",
            "yes_price": 5,
            "no_price": 95,
            "taker_side": "yes"
        },
        {
            "trade_id": "a47d4218-ada5-4a3f-b15a-e284470913d5",
            "ticker": "KXHIGHMIA-25JAN22-B66.5",
            "count": 68,
            "created_time": "2025-01-21T22:22:14.919336Z",
            "yes_price": 6,
            "no_price": 94,
            "taker_side": "no"
        },
        {
            "trade_id": "a629e7e2-a930-4207-b2f5-39b09e0ee727",
            "ticker": "KXHIGHMIA-25JAN22-B66.5",
            "count": 32,
            "created_time": "2025-01-21T22:10:19.638449Z",
            "yes_price": 6,
            "no_price": 94,
            "taker_side": "no"
        },
        {
            "trade_id": "b2dcd0ba-5a58-4ccf-b96b-889faafd25db",
            "ticker": "KXHIGHMIA-25JAN22-B66.5",
            "count": 1,
            "created_time": "2025-01-21T21:54:40.304917Z",
            "yes_price": 8,
            "no_price": 92,
            "taker_side": "yes"
        },
        {
            "trade_id": "03d4bd80-9e54-44f7-b0ed-05cc9736330f",
            "ticker": "KXHIGHMIA-25JAN22-B66.5",
            "count": 5,
            "created_time": "2025-01-21T21:54:40.304917Z",
            "yes_price": 8,
            "no_price": 92,
            "taker_side": "yes"
        },
        {
            "trade_id": "e19d4482-3191-4b4b-8953-43b3c1404007",
            "ticker": "KXHIGHMIA-25JAN22-B66.5",
            "count": 3,
            "created_time": "2025-01-21T21:50:44.889623Z",
            "yes_price": 8,
            "no_price": 92,
            "taker_side": "yes"
        },
        {
            "trade_id": "4c07f760-5f8f-48e0-8ffe-afdb31a1832b",
            "ticker": "KXHIGHMIA-25JAN22-B66.5",
            "count": 1,
            "created_time": "2025-01-21T21:50:44.889623Z",
            "yes_price": 8,
            "no_price": 92,
            "taker_side": "yes"
        },
        {
            "trade_id": "70ad7d8e-5f97-4421-a438-5f8ad37b227a",
            "ticker": "KXHIGHMIA-25JAN22-B66.5",
            "count": 28,
            "created_time": "2025-01-21T21:42:51.822425Z",
            "yes_price": 8,
            "no_price": 92,
            "taker_side": "yes"
        },
        {
            "trade_id": "47e3167c-8966-40d1-8c70-9fd911fbcdc7",
            "ticker": "KXHIGHMIA-25JAN22-B66.5",
            "count": 7,
            "created_time": "2025-01-21T21:42:51.822425Z",
            "yes_price": 8,
            "no_price": 92,
            "taker_side": "yes"
        },
        {
            "trade_id": "b38cf04c-2fd2-4be0-b2e3-d6abf63be285",
            "ticker": "KXHIGHMIA-25JAN22-B66.5",
            "count": 30,
            "created_time": "2025-01-21T21:24:37.256035Z",
            "yes_price": 8,
            "no_price": 92,
            "taker_side": "no"
        },
        {
            "trade_id": "88b65abf-c962-46fe-b0e5-ed2ef5d20ef1",
            "ticker": "KXHIGHMIA-25JAN22-B66.5",
            "count": 100,
            "created_time": "2025-01-21T21:21:55.355576Z",
            "yes_price": 8,
            "no_price": 92,
            "taker_side": "no"
        },
        {
            "trade_id": "a8ff46b6-c47a-4c34-a87e-86a2ccf3b44e",
            "ticker": "KXHIGHMIA-25JAN22-B66.5",
            "count": 49,
            "created_time": "2025-01-21T21:21:39.444241Z",
            "yes_price": 8,
            "no_price": 92,
            "taker_side": "no"
        },
        {
            "trade_id": "6fbe2d64-0362-488d-8f92-b4bbeb3be5ea",
            "ticker": "KXHIGHMIA-25JAN22-B66.5",
            "count": 10,
            "created_time": "2025-01-21T20:15:04.181071Z",
            "yes_price": 8,
            "no_price": 92,
            "taker_side": "no"
        },
        {
            "trade_id": "248d5093-7524-4903-92d3-6df20c0bb655",
            "ticker": "KXHIGHMIA-25JAN22-B66.5",
            "count": 1,
            "created_time": "2025-01-21T19:20:39.280245Z",
            "yes_price": 8,
            "no_price": 92,
            "taker_side": "no"
        },
        {
            "trade_id": "2b0f32b7-da1a-49c5-b9ee-760899edf48a",
            "ticker": "KXHIGHMIA-25JAN22-B66.5",
            "count": 50,
            "created_time": "2025-01-21T18:05:16.947718Z",
            "yes_price": 10,
            "no_price": 90,
            "taker_side": "no"
        }
    ],
    "KXHIGHMIA-25JAN22-B68.5": [
        {
            "trade_id": "9415dff2-91e1-46d9-a33b-661cac8ad98a",
            "ticker": "KXHIGHMIA-25JAN22-B68.5",
            "count": 2,
            "created_time": "2025-01-23T03:14:32.702194Z",
            "yes_price": 99,
            "no_price": 1,
            "taker_side": "no"
        },
        {
            "trade_id": "e00f07e8-c597-4605-9c1c-50179cc55796",
            "ticker": "KXHIGHMIA-25JAN22-B68.5",
            "count": 4990,
            "created_time": "2025-01-23T03:11:24.127596Z",
            "yes_price": 99,
            "no_price": 1,
            "taker_side": "no"
        },
        {
            "trade_id": "b5c9cabd-1215-4b94-8f62-625ec60e03a9",
            "ticker": "KXHIGHMIA-25JAN22-B68.5",
            "count": 42,
            "created_time": "2025-01-23T02:30:47.926134Z",
            "yes_price": 99,
            "no_price": 1,
            "taker_side": "no"
        },
        {
            "trade_id": "d574d291-9349-4e14-92c1-c79779bb2092",
            "ticker": "KXHIGHMIA-25JAN22-B68.5",
            "count": 1271,
            "created_time": "2025-01-23T02:27:44.279915Z",
            "yes_price": 99,
            "no_price": 1,
            "taker_side": "no"
        },
        {
            "trade_id": "2c8a8088-36dd-46cd-b586-b6cbf213b598",
            "ticker": "KXHIGHMIA-25JAN22-B68.5",
            "count": 36,
            "created_time": "2025-01-23T02:27:44.279915Z",
            "yes_price": 99,
            "no_price": 1,
            "taker_side": "no"
        },
        {
            "trade_id": "9aa4fa2c-6872-4651-b302-5efb189a238c",
            "ticker": "KXHIGHMIA-25JAN22-B68.5",
            "count": 25,
            "created_time": "2025-01-22T23:06:04.113158Z",
            "yes_price": 99,
            "no_price": 1,
            "taker_side": "no"
        },
        {
            "trade_id": "6c34ec09-1751-4ea7-84a3-23259b8609d7",
            "ticker": "KXHIGHMIA-25JAN22-B68.5",
            "count": 80,
            "created_time": "2025-01-22T21:06:18.419615Z",
            "yes_price": 99,
            "no_price": 1,
            "taker_side": "no"
        },
        {
            "trade_id": "385847dd-fc39-41f5-8d70-66eb70c7605c",
            "ticker": "KXHIGHMIA-25JAN22-B68.5",
            "count": 50,
            "created_time": "2025-01-22T20:29:19.868096Z",
            "yes_price": 99,
            "no_price": 1,
            "taker_side": "no"
        },
        {
            "trade_id": "863e9679-1f91-4b79-958f-275d37ae3f27",
            "ticker": "KXHIGHMIA-25JAN22-B68.5",
            "count": 7,
            "created_time": "2025-01-22T20:26:03.883758Z",
            "yes_price": 99,
            "no_price": 1,
            "taker_side": "no"
        },
        {
            "trade_id": "85dd5a00-4cfd-49f6-9a00-e64291692b9d",
            "ticker": "KXHIGHMIA-25JAN22-B68.5",
            "count": 47,
            "created_time": "2025-01-22T20:26:03.376242Z",
            "yes_price": 99,
            "no_price": 1,
            "taker_side": "no"
        },
        {
            "trade_id": "1bc386f6-851a-458b-b380-3ef2bc15f7ac",
            "ticker": "KXHIGHMIA-25JAN22-B68.5",
            "count": 19,
            "created_time": "2025-01-22T20:26:02.638314Z",
            "yes_price": 99,
            "no_price": 1,
            "taker_side": "no"
        },
        {
            "trade_id": "493a4fb0-ce3c-4003-a89f-1fe0132449de",
            "ticker": "KXHIGHMIA-25JAN22-B68.5",
            "count": 10,
            "created_time": "2025-01-22T20:20:53.931176Z",
            "yes_price": 99,
            "no_price": 1,
            "taker_side": "no"
        },
        {
            "trade_id": "fe2dec71-bb1b-436d-b171-0986a7c216d3",
            "ticker": "KXHIGHMIA-25JAN22-B68.5",
            "count": 47,
            "created_time": "2025-01-22T20:20:52.862365Z",
            "yes_price": 99,
            "no_price": 1,
            "taker_side": "no"
        },
        {
            "trade_id": "53efd8eb-ff04-4d6a-ac52-981055bdc3d7",
            "ticker": "KXHIGHMIA-25JAN22-B68.5",
            "count": 19,
            "created_time": "2025-01-22T20:20:51.815204Z",
            "yes_price": 99,
            "no_price": 1,
            "taker_side": "no"
        },
        {
            "trade_id": "3a680729-74b9-4341-ba9f-ca1f5bd2ce6a",
            "ticker": "KXHIGHMIA-25JAN22-B68.5",
            "count": 1184,
            "created_time": "2025-01-22T20:17:17.664738Z",
            "yes_price": 99,
            "no_price": 1,
            "taker_side": "no"
        },
        {
            "trade_id": "e55fc8b3-0a19-40f7-a5b7-ca584888892d",
            "ticker": "KXHIGHMIA-25JAN22-B68.5",
            "count": 19,
            "created_time": "2025-01-22T20:16:23.609084Z",
            "yes_price": 99,
            "no_price": 1,
            "taker_side": "no"
        },
        {
            "trade_id": "f328edf5-c89a-4e87-a510-4a60af73ff02",
            "ticker": "KXHIGHMIA-25JAN22-B68.5",
            "count": 48,
            "created_time": "2025-01-22T20:16:22.607599Z",
            "yes_price": 99,
            "no_price": 1,
            "taker_side": "no"
        },
        {
            "trade_id": "ae6adfb8-9dc2-455d-b3f5-063d67cb4432",
            "ticker": "KXHIGHMIA-25JAN22-B68.5",
            "count": 20,
            "created_time": "2025-01-22T20:16:21.614652Z",
            "yes_price": 99,
            "no_price": 1,
            "taker_side": "no"
        },
        {
            "trade_id": "ffdde89a-87ad-40fa-b583-c5e9190c88c6",
            "ticker": "KXHIGHMIA-25JAN22-B68.5",
            "count": 19,
            "created_time": "2025-01-22T20:14:49.528394Z",
            "yes_price": 99,
            "no_price": 1,
            "taker_side": "yes"
        },
        {
            "trade_id": "cef83f74-7220-4248-9c98-f12f9c0e97e3",
            "ticker": "KXHIGHMIA-25JAN22-B68.5",
            "count": 46,
            "created_time": "2025-01-22T20:14:49.528394Z",
            "yes_price": 99,
            "no_price": 1,
            "taker_side": "yes"
        },
        {
            "trade_id": "99b01ecc-1400-47fa-8e4f-fd697bfb07c2",
            "ticker": "KXHIGHMIA-25JAN22-B68.5",
            "count": 43,
            "created_time": "2025-01-22T20:14:49.528394Z",
            "yes_price": 98,
            "no_price": 2,
            "taker_side": "yes"
        },
        {
            "trade_id": "46f87751-f7e7-4ef0-9299-086b51bfcaf1",
            "ticker": "KXHIGHMIA-25JAN22-B68.5",
            "count": 281,
            "created_time": "2025-01-22T20:14:49.528394Z",
            "yes_price": 99,
            "no_price": 1,
            "taker_side": "yes"
        },
        {
            "trade_id": "765f194a-dd62-4744-9c35-bfe49f655e14",
            "ticker": "KXHIGHMIA-25JAN22-B68.5",
            "count": 7,
            "created_time": "2025-01-22T20:11:01.656166Z",
            "yes_price": 97,
            "no_price": 3,
            "taker_side": "no"
        },
        {
            "trade_id": "a50cd4ef-8793-49e1-921f-6d76cfec33e7",
            "ticker": "KXHIGHMIA-25JAN22-B68.5",
            "count": 7,
            "created_time": "2025-01-22T20:06:04.256802Z",
            "yes_price": 97,
            "no_price": 3,
            "taker_side": "no"
        },
        {
            "trade_id": "439aa660-d03f-4712-93b1-cf4f5780148f",
            "ticker": "KXHIGHMIA-25JAN22-B68.5",
            "count": 7,
            "created_time": "2025-01-22T20:01:05.419644Z",
            "yes_price": 97,
            "no_price": 3,
            "taker_side": "no"
        },
        {
            "trade_id": "573519a0-4126-4aa1-97bc-5e20ff13fd27",
            "ticker": "KXHIGHMIA-25JAN22-B68.5",
            "count": 7,
            "created_time": "2025-01-22T19:56:12.11139Z",
            "yes_price": 97,
            "no_price": 3,
            "taker_side": "no"
        },
        {
            "trade_id": "4b25abf7-2a98-4ca1-9b79-897436ba7717",
            "ticker": "KXHIGHMIA-25JAN22-B68.5",
            "count": 7,
            "created_time": "2025-01-22T19:50:53.579685Z",
            "yes_price": 97,
            "no_price": 3,
            "taker_side": "no"
        },
        {
            "trade_id": "7a8a4a79-91a9-4efb-a3e9-19f9974bba31",
            "ticker": "KXHIGHMIA-25JAN22-B68.5",
            "count": 8,
            "created_time": "2025-01-22T19:45:27.227812Z",
            "yes_price": 97,
            "no_price": 3,
            "taker_side": "no"
        },
        {
            "trade_id": "9f687b36-5276-4884-879d-2c1a089fe372",
            "ticker": "KXHIGHMIA-25JAN22-B68.5",
            "count": 8,
            "created_time": "2025-01-22T19:40:54.217919Z",
            "yes_price": 97,
            "no_price": 3,
            "taker_side": "no"
        },
        {
            "trade_id": "31c2250c-66cd-4907-80ff-2ab8209f11b7",
            "ticker": "KXHIGHMIA-25JAN22-B68.5",
            "count": 8,
            "created_time": "2025-01-22T19:35:55.821023Z",
            "yes_price": 97,
            "no_price": 3,
            "taker_side": "no"
        },
        {
            "trade_id": "553e0027-6a08-464e-88b2-097763ddb1ea",
            "ticker": "KXHIGHMIA-25JAN22-B68.5",
            "count": 62,
            "created_time": "2025-01-22T19:33:56.713506Z",
            "yes_price": 97,
            "no_price": 3,
            "taker_side": "no"
        },
        {
            "trade_id": "0ec8fff9-817b-417d-aea7-1606a3670ed7",
            "ticker": "KXHIGHMIA-25JAN22-B68.5",
            "count": 8,
            "created_time": "2025-01-22T19:31:03.235756Z",
            "yes_price": 97,
            "no_price": 3,
            "taker_side": "no"
        },
        {
            "trade_id": "5b86bee2-cc78-4225-b897-89ff208c7303",
            "ticker": "KXHIGHMIA-25JAN22-B68.5",
            "count": 8,
            "created_time": "2025-01-22T19:26:01.825597Z",
            "yes_price": 97,
            "no_price": 3,
            "taker_side": "no"
        },
        {
            "trade_id": "db6604e9-b47d-4eae-8591-0c3c6d3a1f2f",
            "ticker": "KXHIGHMIA-25JAN22-B68.5",
            "count": 8,
            "created_time": "2025-01-22T19:20:38.576767Z",
            "yes_price": 97,
            "no_price": 3,
            "taker_side": "no"
        },
        {
            "trade_id": "e5bc5796-2064-4910-bac1-4513c5aff3bf",
            "ticker": "KXHIGHMIA-25JAN22-B68.5",
            "count": 10,
            "created_time": "2025-01-22T19:16:21.049043Z",
            "yes_price": 97,
            "no_price": 3,
            "taker_side": "no"
        },
        {
            "trade_id": "c5b367a0-e88b-45d9-bd44-fb8f5f0adbf9",
            "ticker": "KXHIGHMIA-25JAN22-B68.5",
            "count": 1,
            "created_time": "2025-01-22T19:16:21.049043Z",
            "yes_price": 97,
            "no_price": 3,
            "taker_side": "no"
        },
        {
            "trade_id": "d1adcf57-7be4-44da-90a8-706aface722d",
            "ticker": "KXHIGHMIA-25JAN22-B68.5",
            "count": 6,
            "created_time": "2025-01-22T19:13:55.940387Z",
            "yes_price": 98,
            "no_price": 2,
            "taker_side": "yes"
        },
        {
            "trade_id": "3e136f1d-a8eb-4d2f-a8f1-4f2ad0021317",
            "ticker": "KXHIGHMIA-25JAN22-B68.5",
            "count": 19,
            "created_time": "2025-01-22T19:13:55.940387Z",
            "yes_price": 99,
            "no_price": 1,
            "taker_side": "yes"
        },
        {
            "trade_id": "f9e9697a-d2b0-4a73-aa4f-a72b4395c405",
            "ticker": "KXHIGHMIA-25JAN22-B68.5",
            "count": 994,
            "created_time": "2025-01-22T19:13:41.046581Z",
            "yes_price": 98,
            "no_price": 2,
            "taker_side": "yes"
        },
        {
            "trade_id": "f9ad32e1-d1c4-4d72-8637-2861a2c9283d",
            "ticker": "KXHIGHMIA-25JAN22-B68.5",
            "count": 200,
            "created_time": "2025-01-22T19:13:41.046581Z",
            "yes_price": 98,
            "no_price": 2,
            "taker_side": "yes"
        },
        {
            "trade_id": "8908ddbf-3827-4e38-9a72-bed32f6a8ac5",
            "ticker": "KXHIGHMIA-25JAN22-B68.5",
            "count": 358,
            "created_time": "2025-01-22T19:13:41.046581Z",
            "yes_price": 98,
            "no_price": 2,
            "taker_side": "yes"
        },
        {
            "trade_id": "d8483a9b-164d-4829-a545-bbbcd35ebebb",
            "ticker": "KXHIGHMIA-25JAN22-B68.5",
            "count": 12,
            "created_time": "2025-01-22T19:10:33.149027Z",
            "yes_price": 97,
            "no_price": 3,
            "taker_side": "no"
        },
        {
            "trade_id": "9ea74ef1-4b1c-4475-b818-6943a506869f",
            "ticker": "KXHIGHMIA-25JAN22-B68.5",
            "count": 25,
            "created_time": "2025-01-22T19:08:11.365872Z",
            "yes_price": 98,
            "no_price": 2,
            "taker_side": "yes"
        },
        {
            "trade_id": "13663a8b-b8b3-492b-9d35-62362f841b95",
            "ticker": "KXHIGHMIA-25JAN22-B68.5",
            "count": 12,
            "created_time": "2025-01-22T19:07:52.327921Z",
            "yes_price": 97,
            "no_price": 3,
            "taker_side": "yes"
        },
        {
            "trade_id": "c4c2b34f-8a9a-4b60-ba19-b672e36f316d",
            "ticker": "KXHIGHMIA-25JAN22-B68.5",
            "count": 13,
            "created_time": "2025-01-22T17:32:22.07292Z",
            "yes_price": 97,
            "no_price": 3,
            "taker_side": "yes"
        },
        {
            "trade_id": "6cd5ff09-a79c-4907-a8f1-d3458ae832bc",
            "ticker": "KXHIGHMIA-25JAN22-B68.5",
            "count": 38,
            "created_time": "2025-01-22T17:32:22.07292Z",
            "yes_price": 98,
            "no_price": 2,
            "taker_side": "yes"
        },
        {
            "trade_id": "1c9b3dbc-6924-4d4f-bcf7-6f4cc616e3fe",
            "ticker": "KXHIGHMIA-25JAN22-B68.5",
            "count": 2,
            "created_time": "2025-01-22T17:32:22.07292Z",
            "yes_price": 97,
            "no_price": 3,
            "taker_side": "yes"
        },
        {
            "trade_id": "619977e5-74f7-4710-b928-1bb12682873a",
            "ticker": "KXHIGHMIA-25JAN22-B68.5",
            "count": 1,
            "created_time": "2025-01-22T17:24:44.417606Z",
            "yes_price": 90,
            "no_price": 10,
            "taker_side": "no"
        },
        {
            "trade_id": "f9f83917-961f-4216-bf2f-e841ba421941",
            "ticker": "KXHIGHMIA-25JAN22-B68.5",
            "count": 2,
            "created_time": "2025-01-22T17:09:26.800866Z",
            "yes_price": 97,
            "no_price": 3,
            "taker_side": "yes"
        },
        {
            "trade_id": "02a38ad2-06b6-41f1-b5d7-65dc2af6174d",
            "ticker": "KXHIGHMIA-25JAN22-B68.5",
            "count": 34,
            "created_time": "2025-01-22T17:09:26.800866Z",
            "yes_price": 98,
            "no_price": 2,
            "taker_side": "yes"
        },
        {
            "trade_id": "acb5c5b0-27be-4b1a-b4b2-9470c71b98bd",
            "ticker": "KXHIGHMIA-25JAN22-B68.5",
            "count": 2,
            "created_time": "2025-01-22T17:09:19.486317Z",
            "yes_price": 97,
            "no_price": 3,
            "taker_side": "yes"
        },
        {
            "trade_id": "ff9e191e-c394-46b1-bf56-71fdb5f0fc90",
            "ticker": "KXHIGHMIA-25JAN22-B68.5",
            "count": 3,
            "created_time": "2025-01-22T17:09:12.697935Z",
            "yes_price": 97,
            "no_price": 3,
            "taker_side": "yes"
        },
        {
            "trade_id": "a7493743-921b-4fc0-acfc-1f8d1e9e76c3",
            "ticker": "KXHIGHMIA-25JAN22-B68.5",
            "count": 1,
            "created_time": "2025-01-22T17:09:12.697935Z",
            "yes_price": 97,
            "no_price": 3,
            "taker_side": "yes"
        },
        {
            "trade_id": "c2432b53-99d9-457f-8501-17c6ab5f2088",
            "ticker": "KXHIGHMIA-25JAN22-B68.5",
            "count": 46,
            "created_time": "2025-01-22T17:08:59.963441Z",
            "yes_price": 97,
            "no_price": 3,
            "taker_side": "yes"
        },
        {
            "trade_id": "be6332a1-739f-4e0e-b25d-c120f13d863b",
            "ticker": "KXHIGHMIA-25JAN22-B68.5",
            "count": 12,
            "created_time": "2025-01-22T17:08:59.963441Z",
            "yes_price": 97,
            "no_price": 3,
            "taker_side": "yes"
        },
        {
            "trade_id": "1068741b-152e-4764-8e57-60d94ebc2bb7",
            "ticker": "KXHIGHMIA-25JAN22-B68.5",
            "count": 3,
            "created_time": "2025-01-22T17:08:59.963441Z",
            "yes_price": 96,
            "no_price": 4,
            "taker_side": "yes"
        },
        {
            "trade_id": "99deb8c5-b807-4a96-9b5c-bb99306a7a21",
            "ticker": "KXHIGHMIA-25JAN22-B68.5",
            "count": 4,
            "created_time": "2025-01-22T17:08:52.534219Z",
            "yes_price": 96,
            "no_price": 4,
            "taker_side": "yes"
        },
        {
            "trade_id": "b8a96f46-36cd-46de-a538-e7091ddfe52e",
            "ticker": "KXHIGHMIA-25JAN22-B68.5",
            "count": 8,
            "created_time": "2025-01-22T17:08:14.703416Z",
            "yes_price": 96,
            "no_price": 4,
            "taker_side": "yes"
        },
        {
            "trade_id": "385fe1d8-1c2e-47c5-ad4e-d1e7bd01f78f",
            "ticker": "KXHIGHMIA-25JAN22-B68.5",
            "count": 4,
            "created_time": "2025-01-22T17:08:14.703416Z",
            "yes_price": 96,
            "no_price": 4,
            "taker_side": "yes"
        },
        {
            "trade_id": "ccf28e1d-34cc-41ab-b4fb-a2729532f8ed",
            "ticker": "KXHIGHMIA-25JAN22-B68.5",
            "count": 8,
            "created_time": "2025-01-22T17:08:05.314912Z",
            "yes_price": 95,
            "no_price": 5,
            "taker_side": "yes"
        },
        {
            "trade_id": "67bbb6db-abf0-4087-b137-4badb64df345",
            "ticker": "KXHIGHMIA-25JAN22-B68.5",
            "count": 17,
            "created_time": "2025-01-22T17:08:05.314912Z",
            "yes_price": 96,
            "no_price": 4,
            "taker_side": "yes"
        },
        {
            "trade_id": "796675d9-5c6b-415c-b833-87f94e34f5e6",
            "ticker": "KXHIGHMIA-25JAN22-B68.5",
            "count": 10,
            "created_time": "2025-01-22T17:07:59.431982Z",
            "yes_price": 95,
            "no_price": 5,
            "taker_side": "yes"
        },
        {
            "trade_id": "f9e2b1b4-f8b2-47bb-a997-bf705a35e8de",
            "ticker": "KXHIGHMIA-25JAN22-B68.5",
            "count": 1,
            "created_time": "2025-01-22T17:01:36.276096Z",
            "yes_price": 70,
            "no_price": 30,
            "taker_side": "no"
        },
        {
            "trade_id": "e7634861-1196-4369-9106-2582777712e9",
            "ticker": "KXHIGHMIA-25JAN22-B68.5",
            "count": 65,
            "created_time": "2025-01-22T17:01:36.276096Z",
            "yes_price": 50,
            "no_price": 50,
            "taker_side": "no"
        },
        {
            "trade_id": "d4f9b327-241c-42aa-8e6d-0af922b0bb1b",
            "ticker": "KXHIGHMIA-25JAN22-B68.5",
            "count": 50,
            "created_time": "2025-01-22T17:01:36.276096Z",
            "yes_price": 70,
            "no_price": 30,
            "taker_side": "no"
        },
        {
            "trade_id": "b29ebe8c-975d-4e30-89ad-13804c36ee35",
            "ticker": "KXHIGHMIA-25JAN22-B68.5",
            "count": 25,
            "created_time": "2025-01-22T17:01:36.276096Z",
            "yes_price": 80,
            "no_price": 20,
            "taker_side": "no"
        },
        {
            "trade_id": "a209611b-192d-4afd-8468-d3de41813099",
            "ticker": "KXHIGHMIA-25JAN22-B68.5",
            "count": 30,
            "created_time": "2025-01-22T17:01:36.276096Z",
            "yes_price": 80,
            "no_price": 20,
            "taker_side": "no"
        },
        {
            "trade_id": "4aedb26b-d4e2-4b13-9524-0225a0e5b0d6",
            "ticker": "KXHIGHMIA-25JAN22-B68.5",
            "count": 30,
            "created_time": "2025-01-22T17:01:36.276096Z",
            "yes_price": 91,
            "no_price": 9,
            "taker_side": "no"
        },
        {
            "trade_id": "258f0738-265c-446a-9359-52c55ff4d94c",
            "ticker": "KXHIGHMIA-25JAN22-B68.5",
            "count": 335,
            "created_time": "2025-01-22T17:01:36.276096Z",
            "yes_price": 90,
            "no_price": 10,
            "taker_side": "no"
        },
        {
            "trade_id": "f81ca79a-3724-4695-bd69-a368c2755e3d",
            "ticker": "KXHIGHMIA-25JAN22-B68.5",
            "count": 14,
            "created_time": "2025-01-22T16:56:16.642951Z",
            "yes_price": 97,
            "no_price": 3,
            "taker_side": "yes"
        },
        {
            "trade_id": "e0b87bc0-183b-4d6f-b5ad-89d7ff4c21ed",
            "ticker": "KXHIGHMIA-25JAN22-B68.5",
            "count": 48,
            "created_time": "2025-01-22T16:56:16.642951Z",
            "yes_price": 97,
            "no_price": 3,
            "taker_side": "yes"
        },
        {
            "trade_id": "a54242e2-b941-4444-b119-509c5da02419",
            "ticker": "KXHIGHMIA-25JAN22-B68.5",
            "count": 12,
            "created_time": "2025-01-22T16:56:16.642951Z",
            "yes_price": 97,
            "no_price": 3,
            "taker_side": "yes"
        },
        {
            "trade_id": "83a0b5aa-fe90-4583-848a-fec5857efebd",
            "ticker": "KXHIGHMIA-25JAN22-B68.5",
            "count": 524,
            "created_time": "2025-01-22T16:56:16.642951Z",
            "yes_price": 98,
            "no_price": 2,
            "taker_side": "yes"
        },
        {
            "trade_id": "cf14033f-25a1-41d0-887b-e55a250fa3b0",
            "ticker": "KXHIGHMIA-25JAN22-B68.5",
            "count": 11,
            "created_time": "2025-01-22T16:41:11.139605Z",
            "yes_price": 97,
            "no_price": 3,
            "taker_side": "yes"
        },
        {
            "trade_id": "bf091994-5988-4f80-8f45-4ac78ff51644",
            "ticker": "KXHIGHMIA-25JAN22-B68.5",
            "count": 15,
            "created_time": "2025-01-22T16:41:11.139605Z",
            "yes_price": 97,
            "no_price": 3,
            "taker_side": "yes"
        },
        {
            "trade_id": "bec68f6b-3ab0-4129-a1a8-8f8b58a84e9f",
            "ticker": "KXHIGHMIA-25JAN22-B68.5",
            "count": 4,
            "created_time": "2025-01-22T16:41:11.139605Z",
            "yes_price": 98,
            "no_price": 2,
            "taker_side": "yes"
        },
        {
            "trade_id": "b9462ac2-c336-4496-8e51-2adf3ef5eb7d",
            "ticker": "KXHIGHMIA-25JAN22-B68.5",
            "count": 50,
            "created_time": "2025-01-22T16:41:11.139605Z",
            "yes_price": 97,
            "no_price": 3,
            "taker_side": "yes"
        },
        {
            "trade_id": "ce159519-a60a-48d2-a56d-72a2acb93de5",
            "ticker": "KXHIGHMIA-25JAN22-B68.5",
            "count": 225,
            "created_time": "2025-01-22T16:22:37.042329Z",
            "yes_price": 97,
            "no_price": 3,
            "taker_side": "yes"
        },
        {
            "trade_id": "b129a42a-3306-4b0c-85b1-000edc8f9772",
            "ticker": "KXHIGHMIA-25JAN22-B68.5",
            "count": 18,
            "created_time": "2025-01-22T16:22:37.042329Z",
            "yes_price": 96,
            "no_price": 4,
            "taker_side": "yes"
        },
        {
            "trade_id": "9a7425de-e893-4923-98a1-6029321344a4",
            "ticker": "KXHIGHMIA-25JAN22-B68.5",
            "count": 50,
            "created_time": "2025-01-22T16:22:37.042329Z",
            "yes_price": 97,
            "no_price": 3,
            "taker_side": "yes"
        },
        {
            "trade_id": "7ca1dfee-2296-484b-ac21-7a682be80d28",
            "ticker": "KXHIGHMIA-25JAN22-B68.5",
            "count": 17,
            "created_time": "2025-01-22T16:22:37.042329Z",
            "yes_price": 98,
            "no_price": 2,
            "taker_side": "yes"
        },
        {
            "trade_id": "76040374-6da4-487a-9a87-39c6d7c67739",
            "ticker": "KXHIGHMIA-25JAN22-B68.5",
            "count": 15,
            "created_time": "2025-01-22T16:22:37.042329Z",
            "yes_price": 97,
            "no_price": 3,
            "taker_side": "yes"
        },
        {
            "trade_id": "b36a92d3-6d1f-4f56-964c-434d83f74c53",
            "ticker": "KXHIGHMIA-25JAN22-B68.5",
            "count": 275,
            "created_time": "2025-01-22T16:08:22.205036Z",
            "yes_price": 97,
            "no_price": 3,
            "taker_side": "yes"
        },
        {
            "trade_id": "8098aa2c-2246-4453-aa52-7135af2767cd",
            "ticker": "KXHIGHMIA-25JAN22-B68.5",
            "count": 16,
            "created_time": "2025-01-22T16:08:22.205036Z",
            "yes_price": 96,
            "no_price": 4,
            "taker_side": "yes"
        },
        {
            "trade_id": "073c5e3e-bb23-4967-abfd-f5fe70160a1a",
            "ticker": "KXHIGHMIA-25JAN22-B68.5",
            "count": 1,
            "created_time": "2025-01-22T15:59:34.107305Z",
            "yes_price": 90,
            "no_price": 10,
            "taker_side": "no"
        },
        {
            "trade_id": "73357625-02fb-4195-a098-7c8e0801a127",
            "ticker": "KXHIGHMIA-25JAN22-B68.5",
            "count": 161,
            "created_time": "2025-01-22T15:55:52.242662Z",
            "yes_price": 90,
            "no_price": 10,
            "taker_side": "no"
        },
        {
            "trade_id": "adff8a57-682e-42c7-960c-49f27ac393dc",
            "ticker": "KXHIGHMIA-25JAN22-B68.5",
            "count": 197,
            "created_time": "2025-01-22T15:34:29.182274Z",
            "yes_price": 91,
            "no_price": 9,
            "taker_side": "no"
        },
        {
            "trade_id": "a2e0d399-b6a1-4194-a0b4-d9172f38313c",
            "ticker": "KXHIGHMIA-25JAN22-B68.5",
            "count": 9,
            "created_time": "2025-01-22T15:34:29.182274Z",
            "yes_price": 90,
            "no_price": 10,
            "taker_side": "no"
        },
        {
            "trade_id": "433e609c-c566-4679-8d22-f8e1ac5c7dc2",
            "ticker": "KXHIGHMIA-25JAN22-B68.5",
            "count": 1,
            "created_time": "2025-01-22T15:34:29.182274Z",
            "yes_price": 90,
            "no_price": 10,
            "taker_side": "no"
        },
        {
            "trade_id": "628bce4c-b033-4eac-9f35-83c0752b1432",
            "ticker": "KXHIGHMIA-25JAN22-B68.5",
            "count": 22,
            "created_time": "2025-01-22T15:17:44.17996Z",
            "yes_price": 97,
            "no_price": 3,
            "taker_side": "yes"
        },
        {
            "trade_id": "39972ee9-5561-4503-a1e4-c96898f0865d",
            "ticker": "KXHIGHMIA-25JAN22-B68.5",
            "count": 50,
            "created_time": "2025-01-22T15:17:44.17996Z",
            "yes_price": 97,
            "no_price": 3,
            "taker_side": "yes"
        },
        {
            "trade_id": "30f52004-1b45-477f-a724-1c0483322681",
            "ticker": "KXHIGHMIA-25JAN22-B68.5",
            "count": 500,
            "created_time": "2025-01-22T15:17:44.17996Z",
            "yes_price": 97,
            "no_price": 3,
            "taker_side": "yes"
        },
        {
            "trade_id": "2c80b30d-48e0-403e-9bd1-048b7b96c156",
            "ticker": "KXHIGHMIA-25JAN22-B68.5",
            "count": 20,
            "created_time": "2025-01-22T15:17:44.17996Z",
            "yes_price": 96,
            "no_price": 4,
            "taker_side": "yes"
        },
        {
            "trade_id": "29434141-8003-4381-8537-70cb8678fd0e",
            "ticker": "KXHIGHMIA-25JAN22-B68.5",
            "count": 18,
            "created_time": "2025-01-22T15:17:44.17996Z",
            "yes_price": 96,
            "no_price": 4,
            "taker_side": "yes"
        },
        {
            "trade_id": "188b9068-eb16-4d0a-995e-ce355cb64f5b",
            "ticker": "KXHIGHMIA-25JAN22-B68.5",
            "count": 7,
            "created_time": "2025-01-22T15:17:44.17996Z",
            "yes_price": 98,
            "no_price": 2,
            "taker_side": "yes"
        },
        {
            "trade_id": "ad21b313-5415-405d-ac36-735f58f43ff4",
            "ticker": "KXHIGHMIA-25JAN22-B68.5",
            "count": 19,
            "created_time": "2025-01-22T15:14:45.997194Z",
            "yes_price": 96,
            "no_price": 4,
            "taker_side": "yes"
        },
        {
            "trade_id": "6a3e85f7-3b29-47fb-80e2-bee58aae6850",
            "ticker": "KXHIGHMIA-25JAN22-B68.5",
            "count": 20,
            "created_time": "2025-01-22T14:41:05.781862Z",
            "yes_price": 96,
            "no_price": 4,
            "taker_side": "yes"
        },
        {
            "trade_id": "3d5a7a63-23f2-4ae9-9da9-5e1fe31a7791",
            "ticker": "KXHIGHMIA-25JAN22-B68.5",
            "count": 50,
            "created_time": "2025-01-22T14:41:05.781862Z",
            "yes_price": 96,
            "no_price": 4,
            "taker_side": "yes"
        },
        {
            "trade_id": "3829943c-2503-40c7-af8d-dbd25f1f3158",
            "ticker": "KXHIGHMIA-25JAN22-B68.5",
            "count": 22,
            "created_time": "2025-01-22T14:41:05.781862Z",
            "yes_price": 96,
            "no_price": 4,
            "taker_side": "yes"
        },
        {
            "trade_id": "22188d89-6cba-4098-bd75-6e1424903bba",
            "ticker": "KXHIGHMIA-25JAN22-B68.5",
            "count": 93,
            "created_time": "2025-01-22T14:41:05.781862Z",
            "yes_price": 95,
            "no_price": 5,
            "taker_side": "yes"
        },
        {
            "trade_id": "94ebd89f-34ba-4d09-8a45-3497f0d82be1",
            "ticker": "KXHIGHMIA-25JAN22-B68.5",
            "count": 7,
            "created_time": "2025-01-22T14:38:28.350014Z",
            "yes_price": 95,
            "no_price": 5,
            "taker_side": "yes"
        },
        {
            "trade_id": "86785ed0-73a9-43e2-999d-5ddab71fe772",
            "ticker": "KXHIGHMIA-25JAN22-B68.5",
            "count": 100,
            "created_time": "2025-01-22T14:17:11.479805Z",
            "yes_price": 91,
            "no_price": 9,
            "taker_side": "no"
        },
        {
            "trade_id": "89f4b0ab-ec1b-458e-93e7-f695bf9b5b9d",
            "ticker": "KXHIGHMIA-25JAN22-B68.5",
            "count": 3,
            "created_time": "2025-01-22T14:08:01.313185Z",
            "yes_price": 91,
            "no_price": 9,
            "taker_side": "no"
        },
        {
            "trade_id": "01f91cc2-8849-4a00-a1f2-44855783fe61",
            "ticker": "KXHIGHMIA-25JAN22-B68.5",
            "count": 56,
            "created_time": "2025-01-22T13:33:42.894216Z",
            "yes_price": 90,
            "no_price": 10,
            "taker_side": "no"
        },
        {
            "trade_id": "bac38d3a-b7ef-43d9-80eb-f9f02c6ea708",
            "ticker": "KXHIGHMIA-25JAN22-B68.5",
            "count": 85,
            "created_time": "2025-01-22T13:23:12.084654Z",
            "yes_price": 90,
            "no_price": 10,
            "taker_side": "no"
        },
        {
            "trade_id": "569bcc94-8307-42f0-9106-9e84858349c8",
            "ticker": "KXHIGHMIA-25JAN22-B68.5",
            "count": 12,
            "created_time": "2025-01-22T13:23:12.084654Z",
            "yes_price": 93,
            "no_price": 7,
            "taker_side": "no"
        },
        {
            "trade_id": "3a3da5da-b502-4251-b3ee-81e2b49d7f65",
            "ticker": "KXHIGHMIA-25JAN22-B68.5",
            "count": 335,
            "created_time": "2025-01-22T13:13:19.332994Z",
            "yes_price": 93,
            "no_price": 7,
            "taker_side": "no"
        },
        {
            "trade_id": "07d76bf4-65e4-4306-a676-32d4c207ea74",
            "ticker": "KXHIGHMIA-25JAN22-B68.5",
            "count": 53,
            "created_time": "2025-01-22T13:07:02.793261Z",
            "yes_price": 93,
            "no_price": 7,
            "taker_side": "no"
        },
        {
            "trade_id": "ff40f4ee-a36f-4f9b-9046-e058c5ad5ef7",
            "ticker": "KXHIGHMIA-25JAN22-B68.5",
            "count": 24,
            "created_time": "2025-01-22T13:04:01.638806Z",
            "yes_price": 95,
            "no_price": 5,
            "taker_side": "yes"
        },
        {
            "trade_id": "0bcc572d-a210-4f22-998f-22a153751d5d",
            "ticker": "KXHIGHMIA-25JAN22-B68.5",
            "count": 24,
            "created_time": "2025-01-22T07:59:36.67967Z",
            "yes_price": 94,
            "no_price": 6,
            "taker_side": "yes"
        },
        {
            "trade_id": "c73e78fe-9665-454f-b559-033271e0bf4d",
            "ticker": "KXHIGHMIA-25JAN22-B68.5",
            "count": 94,
            "created_time": "2025-01-22T07:42:44.75888Z",
            "yes_price": 90,
            "no_price": 10,
            "taker_side": "no"
        },
        {
            "trade_id": "c8853bd2-cf39-4c39-b772-6ac1b9043351",
            "ticker": "KXHIGHMIA-25JAN22-B68.5",
            "count": 22,
            "created_time": "2025-01-22T07:36:51.055337Z",
            "yes_price": 94,
            "no_price": 6,
            "taker_side": "yes"
        },
        {
            "trade_id": "7241aef3-10e0-4e12-b347-622a758c60cc",
            "ticker": "KXHIGHMIA-25JAN22-B68.5",
            "count": 2,
            "created_time": "2025-01-22T07:23:21.898021Z",
            "yes_price": 94,
            "no_price": 6,
            "taker_side": "yes"
        },
        {
            "trade_id": "daa03828-c3ca-46e2-8907-249ca7c875db",
            "ticker": "KXHIGHMIA-25JAN22-B68.5",
            "count": 25,
            "created_time": "2025-01-22T07:12:00.120486Z",
            "yes_price": 94,
            "no_price": 6,
            "taker_side": "yes"
        },
        {
            "trade_id": "042fc704-ef3e-44bc-98e6-e2596d639fbb",
            "ticker": "KXHIGHMIA-25JAN22-B68.5",
            "count": 15,
            "created_time": "2025-01-22T07:12:00.120486Z",
            "yes_price": 96,
            "no_price": 4,
            "taker_side": "yes"
        },
        {
            "trade_id": "347b1895-0d8f-45d4-9edd-fa881024b5e2",
            "ticker": "KXHIGHMIA-25JAN22-B68.5",
            "count": 94,
            "created_time": "2025-01-22T07:11:31.318901Z",
            "yes_price": 90,
            "no_price": 10,
            "taker_side": "no"
        },
        {
            "trade_id": "bceed775-2138-4f3a-a9a0-6383e8afdb41",
            "ticker": "KXHIGHMIA-25JAN22-B68.5",
            "count": 26,
            "created_time": "2025-01-22T07:06:04.050165Z",
            "yes_price": 93,
            "no_price": 7,
            "taker_side": "yes"
        },
        {
            "trade_id": "3d6bc65f-a076-429b-87a6-c82e843499d4",
            "ticker": "KXHIGHMIA-25JAN22-B68.5",
            "count": 12,
            "created_time": "2025-01-22T07:06:04.050165Z",
            "yes_price": 96,
            "no_price": 4,
            "taker_side": "yes"
        },
        {
            "trade_id": "51a9c508-3cee-4d06-b606-ecf8f49bfaf7",
            "ticker": "KXHIGHMIA-25JAN22-B68.5",
            "count": 330,
            "created_time": "2025-01-22T06:52:05.976876Z",
            "yes_price": 90,
            "no_price": 10,
            "taker_side": "no"
        },
        {
            "trade_id": "de8d2c4d-c3bb-422a-ad37-60380b6e7933",
            "ticker": "KXHIGHMIA-25JAN22-B68.5",
            "count": 47,
            "created_time": "2025-01-22T06:43:46.730628Z",
            "yes_price": 90,
            "no_price": 10,
            "taker_side": "no"
        },
        {
            "trade_id": "ef581383-140e-4a12-818c-4b47b6eccb3b",
            "ticker": "KXHIGHMIA-25JAN22-B68.5",
            "count": 12,
            "created_time": "2025-01-22T06:42:41.474345Z",
            "yes_price": 96,
            "no_price": 4,
            "taker_side": "yes"
        },
        {
            "trade_id": "b86294d0-673f-405a-90ab-5545e77d778f",
            "ticker": "KXHIGHMIA-25JAN22-B68.5",
            "count": 26,
            "created_time": "2025-01-22T06:42:41.474345Z",
            "yes_price": 93,
            "no_price": 7,
            "taker_side": "yes"
        },
        {
            "trade_id": "6f3dbc82-5199-46f6-9e35-1b7431e42cd8",
            "ticker": "KXHIGHMIA-25JAN22-B68.5",
            "count": 26,
            "created_time": "2025-01-22T06:39:19.322127Z",
            "yes_price": 92,
            "no_price": 8,
            "taker_side": "yes"
        },
        {
            "trade_id": "2bb10758-45d4-4446-98bc-a6f9fd866428",
            "ticker": "KXHIGHMIA-25JAN22-B68.5",
            "count": 4,
            "created_time": "2025-01-22T06:39:19.322127Z",
            "yes_price": 95,
            "no_price": 5,
            "taker_side": "yes"
        },
        {
            "trade_id": "e0ab8c00-1cf9-4c06-ada6-d7f5bc5db6be",
            "ticker": "KXHIGHMIA-25JAN22-B68.5",
            "count": 28,
            "created_time": "2025-01-22T06:22:32.072931Z",
            "yes_price": 91,
            "no_price": 9,
            "taker_side": "yes"
        },
        {
            "trade_id": "99eb5052-85e3-402a-9f3f-5818fe8a8515",
            "ticker": "KXHIGHMIA-25JAN22-B68.5",
            "count": 4,
            "created_time": "2025-01-22T06:22:32.072931Z",
            "yes_price": 97,
            "no_price": 3,
            "taker_side": "yes"
        },
        {
            "trade_id": "73d18feb-dc03-4561-8c3a-939a83c181c1",
            "ticker": "KXHIGHMIA-25JAN22-B68.5",
            "count": 10,
            "created_time": "2025-01-22T06:22:32.072931Z",
            "yes_price": 97,
            "no_price": 3,
            "taker_side": "yes"
        },
        {
            "trade_id": "5ffa0b10-b9f9-453c-adb9-a16bff75578d",
            "ticker": "KXHIGHMIA-25JAN22-B68.5",
            "count": 8,
            "created_time": "2025-01-22T06:22:32.072931Z",
            "yes_price": 98,
            "no_price": 2,
            "taker_side": "yes"
        },
        {
            "trade_id": "26ad0864-ecfd-471f-a6ae-c0c2429d06eb",
            "ticker": "KXHIGHMIA-25JAN22-B68.5",
            "count": 50,
            "created_time": "2025-01-22T06:22:32.072931Z",
            "yes_price": 95,
            "no_price": 5,
            "taker_side": "yes"
        },
        {
            "trade_id": "a01500ef-4f8d-45d6-9091-a736fe7f3e13",
            "ticker": "KXHIGHMIA-25JAN22-B68.5",
            "count": 28,
            "created_time": "2025-01-22T06:15:33.948664Z",
            "yes_price": 90,
            "no_price": 10,
            "taker_side": "no"
        },
        {
            "trade_id": "f7a8c441-a97d-4c98-aea5-8189727ceb94",
            "ticker": "KXHIGHMIA-25JAN22-B68.5",
            "count": 28,
            "created_time": "2025-01-22T06:10:28.426095Z",
            "yes_price": 90,
            "no_price": 10,
            "taker_side": "no"
        },
        {
            "trade_id": "5133fd1d-cf59-4a4e-a50d-1945af31ee44",
            "ticker": "KXHIGHMIA-25JAN22-B68.5",
            "count": 29,
            "created_time": "2025-01-22T06:06:53.686796Z",
            "yes_price": 89,
            "no_price": 11,
            "taker_side": "yes"
        },
        {
            "trade_id": "ed308167-59d6-4cfe-b658-80393c6329ca",
            "ticker": "KXHIGHMIA-25JAN22-B68.5",
            "count": 8,
            "created_time": "2025-01-22T06:01:50.350368Z",
            "yes_price": 86,
            "no_price": 14,
            "taker_side": "yes"
        },
        {
            "trade_id": "741ad34b-d1b2-46b0-a63f-09fc1c9ac21f",
            "ticker": "KXHIGHMIA-25JAN22-B68.5",
            "count": 200,
            "created_time": "2025-01-22T06:01:50.350368Z",
            "yes_price": 85,
            "no_price": 15,
            "taker_side": "yes"
        },
        {
            "trade_id": "2bd821ae-0f37-4e3b-a18f-29cf93797482",
            "ticker": "KXHIGHMIA-25JAN22-B68.5",
            "count": 200,
            "created_time": "2025-01-22T06:01:50.350368Z",
            "yes_price": 87,
            "no_price": 13,
            "taker_side": "yes"
        },
        {
            "trade_id": "3d27abb3-6af8-4aa1-ad40-4e72b341a385",
            "ticker": "KXHIGHMIA-25JAN22-B68.5",
            "count": 200,
            "created_time": "2025-01-22T05:51:15.354152Z",
            "yes_price": 85,
            "no_price": 15,
            "taker_side": "yes"
        },
        {
            "trade_id": "fdd43e46-9b75-4d2b-9ef1-05cef97a90c8",
            "ticker": "KXHIGHMIA-25JAN22-B68.5",
            "count": 200,
            "created_time": "2025-01-22T05:43:37.49328Z",
            "yes_price": 86,
            "no_price": 14,
            "taker_side": "yes"
        },
        {
            "trade_id": "d431d161-481e-43ea-8da0-4631a8cd434e",
            "ticker": "KXHIGHMIA-25JAN22-B68.5",
            "count": 300,
            "created_time": "2025-01-22T05:42:14.651618Z",
            "yes_price": 85,
            "no_price": 15,
            "taker_side": "no"
        },
        {
            "trade_id": "ed5ebe7e-c0b2-47ab-9014-f298607891b5",
            "ticker": "KXHIGHMIA-25JAN22-B68.5",
            "count": 184,
            "created_time": "2025-01-22T05:34:14.553119Z",
            "yes_price": 85,
            "no_price": 15,
            "taker_side": "no"
        },
        {
            "trade_id": "e13d05f4-813c-4c07-8e69-863655b46224",
            "ticker": "KXHIGHMIA-25JAN22-B68.5",
            "count": 13,
            "created_time": "2025-01-22T05:26:03.414885Z",
            "yes_price": 97,
            "no_price": 3,
            "taker_side": "yes"
        },
        {
            "trade_id": "8da835c9-4dd4-4a8c-86ec-17fc76bca5d8",
            "ticker": "KXHIGHMIA-25JAN22-B68.5",
            "count": 50,
            "created_time": "2025-01-22T05:26:03.414885Z",
            "yes_price": 95,
            "no_price": 5,
            "taker_side": "yes"
        },
        {
            "trade_id": "8cba576c-9f92-4b9a-b4f2-660d6036bdd3",
            "ticker": "KXHIGHMIA-25JAN22-B68.5",
            "count": 19,
            "created_time": "2025-01-22T05:26:03.414885Z",
            "yes_price": 91,
            "no_price": 9,
            "taker_side": "yes"
        },
        {
            "trade_id": "5f63526b-d2bd-4f5d-a6d4-8c5014146aeb",
            "ticker": "KXHIGHMIA-25JAN22-B68.5",
            "count": 23,
            "created_time": "2025-01-22T05:26:03.414885Z",
            "yes_price": 95,
            "no_price": 5,
            "taker_side": "yes"
        },
        {
            "trade_id": "ee2f1e0b-d8c6-45e7-bb14-23cc4cefe37d",
            "ticker": "KXHIGHMIA-25JAN22-B68.5",
            "count": 2,
            "created_time": "2025-01-22T05:21:55.28559Z",
            "yes_price": 86,
            "no_price": 14,
            "taker_side": "no"
        },
        {
            "trade_id": "fee3174e-9744-4286-8ba9-2d78c5f19d9a",
            "ticker": "KXHIGHMIA-25JAN22-B68.5",
            "count": 3,
            "created_time": "2025-01-22T05:21:06.165439Z",
            "yes_price": 94,
            "no_price": 6,
            "taker_side": "yes"
        },
        {
            "trade_id": "eb45d783-b837-449b-878e-ce27ad0791ae",
            "ticker": "KXHIGHMIA-25JAN22-B68.5",
            "count": 10,
            "created_time": "2025-01-22T05:21:06.165439Z",
            "yes_price": 96,
            "no_price": 4,
            "taker_side": "yes"
        },
        {
            "trade_id": "c4732832-d383-4285-aca5-cac945f78c2b",
            "ticker": "KXHIGHMIA-25JAN22-B68.5",
            "count": 33,
            "created_time": "2025-01-22T05:21:06.165439Z",
            "yes_price": 96,
            "no_price": 4,
            "taker_side": "yes"
        },
        {
            "trade_id": "963cbf27-9a55-48dd-8616-d568cf269aac",
            "ticker": "KXHIGHMIA-25JAN22-B68.5",
            "count": 83,
            "created_time": "2025-01-22T05:21:06.165439Z",
            "yes_price": 97,
            "no_price": 3,
            "taker_side": "yes"
        },
        {
            "trade_id": "669f7578-91e4-41a2-85ef-b5d4598e1bed",
            "ticker": "KXHIGHMIA-25JAN22-B68.5",
            "count": 10,
            "created_time": "2025-01-22T05:21:06.165439Z",
            "yes_price": 95,
            "no_price": 5,
            "taker_side": "yes"
        },
        {
            "trade_id": "5465832f-0d1f-4f0d-935e-dfdbde2be8fb",
            "ticker": "KXHIGHMIA-25JAN22-B68.5",
            "count": 50,
            "created_time": "2025-01-22T05:21:06.165439Z",
            "yes_price": 94,
            "no_price": 6,
            "taker_side": "yes"
        },
        {
            "trade_id": "03a4f9cc-fdfb-4c6f-927f-3c193472f6b2",
            "ticker": "KXHIGHMIA-25JAN22-B68.5",
            "count": 20,
            "created_time": "2025-01-22T05:21:06.165439Z",
            "yes_price": 88,
            "no_price": 12,
            "taker_side": "yes"
        },
        {
            "trade_id": "71c4799a-3442-4a8c-b7f5-8646c745667d",
            "ticker": "KXHIGHMIA-25JAN22-B68.5",
            "count": 257,
            "created_time": "2025-01-22T05:19:09.647564Z",
            "yes_price": 93,
            "no_price": 7,
            "taker_side": "yes"
        },
        {
            "trade_id": "7c3542d9-cedb-4e48-a239-5d292f386fad",
            "ticker": "KXHIGHMIA-25JAN22-B68.5",
            "count": 214,
            "created_time": "2025-01-22T05:19:01.699315Z",
            "yes_price": 93,
            "no_price": 7,
            "taker_side": "yes"
        },
        {
            "trade_id": "ea11d81b-9c82-4647-ba47-67a2191bd8ea",
            "ticker": "KXHIGHMIA-25JAN22-B68.5",
            "count": 20,
            "created_time": "2025-01-22T05:18:21.65322Z",
            "yes_price": 88,
            "no_price": 12,
            "taker_side": "yes"
        },
        {
            "trade_id": "f03c0796-7954-401f-8e82-81742840764f",
            "ticker": "KXHIGHMIA-25JAN22-B68.5",
            "count": 1,
            "created_time": "2025-01-22T05:17:22.839843Z",
            "yes_price": 88,
            "no_price": 12,
            "taker_side": "yes"
        },
        {
            "trade_id": "be4770dc-605d-46a2-bc47-5a5d0b1c3bb2",
            "ticker": "KXHIGHMIA-25JAN22-B68.5",
            "count": 22,
            "created_time": "2025-01-22T05:11:25.748034Z",
            "yes_price": 86,
            "no_price": 14,
            "taker_side": "yes"
        },
        {
            "trade_id": "a4ffeaa3-a6a7-49ae-878b-29f966e646ab",
            "ticker": "KXHIGHMIA-25JAN22-B68.5",
            "count": 24,
            "created_time": "2025-01-22T05:05:36.050455Z",
            "yes_price": 85,
            "no_price": 15,
            "taker_side": "no"
        },
        {
            "trade_id": "c8c6f933-daaf-4ba1-9d12-77ddd2ba63f3",
            "ticker": "KXHIGHMIA-25JAN22-B68.5",
            "count": 10,
            "created_time": "2025-01-22T05:03:02.575988Z",
            "yes_price": 87,
            "no_price": 13,
            "taker_side": "yes"
        },
        {
            "trade_id": "c8771116-cebc-4fd6-b98e-d6ba57710634",
            "ticker": "KXHIGHMIA-25JAN22-B68.5",
            "count": 10,
            "created_time": "2025-01-22T05:03:02.575988Z",
            "yes_price": 93,
            "no_price": 7,
            "taker_side": "yes"
        },
        {
            "trade_id": "bda8122b-1a0a-46e6-8907-993716e0c44d",
            "ticker": "KXHIGHMIA-25JAN22-B68.5",
            "count": 10,
            "created_time": "2025-01-22T05:03:02.575988Z",
            "yes_price": 88,
            "no_price": 12,
            "taker_side": "yes"
        },
        {
            "trade_id": "bc59c903-17fe-4bcf-9964-f35fccece068",
            "ticker": "KXHIGHMIA-25JAN22-B68.5",
            "count": 10,
            "created_time": "2025-01-22T05:03:02.575988Z",
            "yes_price": 91,
            "no_price": 9,
            "taker_side": "yes"
        },
        {
            "trade_id": "a4c2b0a1-3733-419f-a95f-489904e1db05",
            "ticker": "KXHIGHMIA-25JAN22-B68.5",
            "count": 10,
            "created_time": "2025-01-22T05:03:02.575988Z",
            "yes_price": 92,
            "no_price": 8,
            "taker_side": "yes"
        },
        {
            "trade_id": "a298c410-21cd-4dba-9136-2c0243c7e7b8",
            "ticker": "KXHIGHMIA-25JAN22-B68.5",
            "count": 7,
            "created_time": "2025-01-22T05:03:02.575988Z",
            "yes_price": 94,
            "no_price": 6,
            "taker_side": "yes"
        },
        {
            "trade_id": "93238031-20dc-4702-8bc2-3b2480532918",
            "ticker": "KXHIGHMIA-25JAN22-B68.5",
            "count": 10,
            "created_time": "2025-01-22T05:03:02.575988Z",
            "yes_price": 89,
            "no_price": 11,
            "taker_side": "yes"
        },
        {
            "trade_id": "912d9957-b1fb-4d96-b6fa-891e48f5fe92",
            "ticker": "KXHIGHMIA-25JAN22-B68.5",
            "count": 43,
            "created_time": "2025-01-22T05:03:02.575988Z",
            "yes_price": 88,
            "no_price": 12,
            "taker_side": "yes"
        },
        {
            "trade_id": "7ec38fe1-d672-4bb1-ae58-d048a4e1a606",
            "ticker": "KXHIGHMIA-25JAN22-B68.5",
            "count": 50,
            "created_time": "2025-01-22T05:03:02.575988Z",
            "yes_price": 91,
            "no_price": 9,
            "taker_side": "yes"
        },
        {
            "trade_id": "7cbc98af-783b-43da-8561-c6662166af23",
            "ticker": "KXHIGHMIA-25JAN22-B68.5",
            "count": 50,
            "created_time": "2025-01-22T05:03:02.575988Z",
            "yes_price": 91,
            "no_price": 9,
            "taker_side": "yes"
        },
        {
            "trade_id": "758a33a1-39ac-4883-b781-add8d2332946",
            "ticker": "KXHIGHMIA-25JAN22-B68.5",
            "count": 10,
            "created_time": "2025-01-22T05:03:02.575988Z",
            "yes_price": 90,
            "no_price": 10,
            "taker_side": "yes"
        },
        {
            "trade_id": "09ad36e7-5cfd-4171-965e-87a1357681d6",
            "ticker": "KXHIGHMIA-25JAN22-B68.5",
            "count": 100,
            "created_time": "2025-01-22T05:03:02.575988Z",
            "yes_price": 90,
            "no_price": 10,
            "taker_side": "yes"
        },
        {
            "trade_id": "0851a3b6-82ae-4ab2-aaad-9ce6f56c9646",
            "ticker": "KXHIGHMIA-25JAN22-B68.5",
            "count": 10,
            "created_time": "2025-01-22T05:03:02.575988Z",
            "yes_price": 86,
            "no_price": 14,
            "taker_side": "yes"
        },
        {
            "trade_id": "26430c69-18ae-49cc-a091-9ef485201288",
            "ticker": "KXHIGHMIA-25JAN22-B68.5",
            "count": 10,
            "created_time": "2025-01-22T05:00:59.598519Z",
            "yes_price": 85,
            "no_price": 15,
            "taker_side": "yes"
        },
        {
            "trade_id": "249f17d9-c30a-49c9-ab5b-b7833f63f14f",
            "ticker": "KXHIGHMIA-25JAN22-B68.5",
            "count": 4,
            "created_time": "2025-01-22T05:00:59.598519Z",
            "yes_price": 84,
            "no_price": 16,
            "taker_side": "yes"
        },
        {
            "trade_id": "d01dcff2-e0ba-4ba8-bedb-345fcb6d74c9",
            "ticker": "KXHIGHMIA-25JAN22-B68.5",
            "count": 34,
            "created_time": "2025-01-22T05:00:50.06641Z",
            "yes_price": 80,
            "no_price": 20,
            "taker_side": "no"
        },
        {
            "trade_id": "4ce72d57-eb96-4fc6-8fd4-a1915ca2c284",
            "ticker": "KXHIGHMIA-25JAN22-B68.5",
            "count": 8,
            "created_time": "2025-01-22T05:00:26.873434Z",
            "yes_price": 84,
            "no_price": 16,
            "taker_side": "yes"
        },
        {
            "trade_id": "a4c5942f-728e-47a7-9fd1-355c1e73a880",
            "ticker": "KXHIGHMIA-25JAN22-B68.5",
            "count": 61,
            "created_time": "2025-01-22T05:00:23.087661Z",
            "yes_price": 80,
            "no_price": 20,
            "taker_side": "no"
        },
        {
            "trade_id": "9dda6320-be09-4c93-a1ea-a45353df1b2c",
            "ticker": "KXHIGHMIA-25JAN22-B68.5",
            "count": 54,
            "created_time": "2025-01-22T05:00:19.213194Z",
            "yes_price": 80,
            "no_price": 20,
            "taker_side": "no"
        },
        {
            "trade_id": "8139d392-8ad9-42a0-b60d-959e1c133dad",
            "ticker": "KXHIGHMIA-25JAN22-B68.5",
            "count": 76,
            "created_time": "2025-01-22T04:57:34.611955Z",
            "yes_price": 28,
            "no_price": 72,
            "taker_side": "no"
        },
        {
            "trade_id": "e2b6d789-c8ef-4ba2-990e-5a86f65570d4",
            "ticker": "KXHIGHMIA-25JAN22-B68.5",
            "count": 33,
            "created_time": "2025-01-22T04:57:14.011362Z",
            "yes_price": 79,
            "no_price": 21,
            "taker_side": "yes"
        },
        {
            "trade_id": "14abd1a1-3d74-4474-bdad-16c822bcc078",
            "ticker": "KXHIGHMIA-25JAN22-B68.5",
            "count": 30,
            "created_time": "2025-01-22T04:57:14.011362Z",
            "yes_price": 69,
            "no_price": 31,
            "taker_side": "yes"
        },
        {
            "trade_id": "54727920-0900-4332-b698-79cb94f5d796",
            "ticker": "KXHIGHMIA-25JAN22-B68.5",
            "count": 28,
            "created_time": "2025-01-22T04:51:52.293059Z",
            "yes_price": 62,
            "no_price": 38,
            "taker_side": "yes"
        },
        {
            "trade_id": "ab018e96-96fe-4e09-975f-d9419e52135d",
            "ticker": "KXHIGHMIA-25JAN22-B68.5",
            "count": 17,
            "created_time": "2025-01-22T04:45:47.269797Z",
            "yes_price": 79,
            "no_price": 21,
            "taker_side": "yes"
        },
        {
            "trade_id": "9b83e9e6-fb3c-4c70-a7cf-ab0b13ad1f14",
            "ticker": "KXHIGHMIA-25JAN22-B68.5",
            "count": 44,
            "created_time": "2025-01-22T04:45:47.269797Z",
            "yes_price": 57,
            "no_price": 43,
            "taker_side": "yes"
        },
        {
            "trade_id": "7cf07018-d4e9-4f89-a993-3302976187de",
            "ticker": "KXHIGHMIA-25JAN22-B68.5",
            "count": 28,
            "created_time": "2025-01-22T04:45:32.417921Z",
            "yes_price": 51,
            "no_price": 49,
            "taker_side": "no"
        },
        {
            "trade_id": "ee8dbe3c-5e83-4c4e-80da-e8a91a4053d4",
            "ticker": "KXHIGHMIA-25JAN22-B68.5",
            "count": 13,
            "created_time": "2025-01-22T04:44:19.907585Z",
            "yes_price": 51,
            "no_price": 49,
            "taker_side": "yes"
        },
        {
            "trade_id": "d0041fed-c1e1-4eef-bf5f-cc7e3e50e5a0",
            "ticker": "KXHIGHMIA-25JAN22-B68.5",
            "count": 22,
            "created_time": "2025-01-22T04:44:19.907585Z",
            "yes_price": 44,
            "no_price": 56,
            "taker_side": "yes"
        },
        {
            "trade_id": "6cc8ce08-bbcb-4595-b456-2d870de076d2",
            "ticker": "KXHIGHMIA-25JAN22-B68.5",
            "count": 4,
            "created_time": "2025-01-22T04:44:19.907585Z",
            "yes_price": 44,
            "no_price": 56,
            "taker_side": "yes"
        },
        {
            "trade_id": "dd00b80c-f0e3-477e-81c9-3766af0b6a00",
            "ticker": "KXHIGHMIA-25JAN22-B68.5",
            "count": 655,
            "created_time": "2025-01-22T04:35:18.293386Z",
            "yes_price": 41,
            "no_price": 59,
            "taker_side": "no"
        },
        {
            "trade_id": "9456bf5b-49a6-49d5-b3d1-96a569c40c10",
            "ticker": "KXHIGHMIA-25JAN22-B68.5",
            "count": 20,
            "created_time": "2025-01-22T04:35:00.172959Z",
            "yes_price": 41,
            "no_price": 59,
            "taker_side": "yes"
        },
        {
            "trade_id": "1576ed96-a5bf-4aeb-9d3e-2c33974c195f",
            "ticker": "KXHIGHMIA-25JAN22-B68.5",
            "count": 36,
            "created_time": "2025-01-22T04:35:00.172959Z",
            "yes_price": 39,
            "no_price": 61,
            "taker_side": "yes"
        },
        {
            "trade_id": "e4b14d87-ee7b-4bc6-9c4f-14556df00497",
            "ticker": "KXHIGHMIA-25JAN22-B68.5",
            "count": 17,
            "created_time": "2025-01-22T04:30:03.988364Z",
            "yes_price": 39,
            "no_price": 61,
            "taker_side": "yes"
        },
        {
            "trade_id": "7742ae13-103b-49e6-87f7-33cc363643c5",
            "ticker": "KXHIGHMIA-25JAN22-B68.5",
            "count": 1,
            "created_time": "2025-01-22T04:29:26.979602Z",
            "yes_price": 37,
            "no_price": 63,
            "taker_side": "yes"
        },
        {
            "trade_id": "719ef533-f364-45b1-9be4-d9d5d4e388ef",
            "ticker": "KXHIGHMIA-25JAN22-B68.5",
            "count": 17,
            "created_time": "2025-01-22T04:29:26.979602Z",
            "yes_price": 39,
            "no_price": 61,
            "taker_side": "yes"
        },
        {
            "trade_id": "312dbb73-3b85-49e3-9368-37c5a4847df6",
            "ticker": "KXHIGHMIA-25JAN22-B68.5",
            "count": 19,
            "created_time": "2025-01-22T04:29:26.979602Z",
            "yes_price": 37,
            "no_price": 63,
            "taker_side": "yes"
        },
        {
            "trade_id": "0a8a030d-7672-468b-b9bc-d83271c9b1ba",
            "ticker": "KXHIGHMIA-25JAN22-B68.5",
            "count": 6,
            "created_time": "2025-01-22T04:23:33.622444Z",
            "yes_price": 20,
            "no_price": 80,
            "taker_side": "no"
        },
        {
            "trade_id": "cd11b2f8-9795-4218-a525-529deafc116e",
            "ticker": "KXHIGHMIA-25JAN22-B68.5",
            "count": 1,
            "created_time": "2025-01-22T04:16:53.688023Z",
            "yes_price": 13,
            "no_price": 87,
            "taker_side": "no"
        },
        {
            "trade_id": "8ce4a472-0bbb-4f12-a341-173f6146f015",
            "ticker": "KXHIGHMIA-25JAN22-B68.5",
            "count": 1,
            "created_time": "2025-01-22T04:14:13.905253Z",
            "yes_price": 15,
            "no_price": 85,
            "taker_side": "no"
        },
        {
            "trade_id": "b4a04117-f03c-44e7-b55e-b114a8be3ad3",
            "ticker": "KXHIGHMIA-25JAN22-B68.5",
            "count": 179,
            "created_time": "2025-01-22T04:14:01.055796Z",
            "yes_price": 36,
            "no_price": 64,
            "taker_side": "yes"
        },
        {
            "trade_id": "f7b8cee8-3c5f-4ddc-9335-42189e188d8b",
            "ticker": "KXHIGHMIA-25JAN22-B68.5",
            "count": 9,
            "created_time": "2025-01-22T04:12:17.119811Z",
            "yes_price": 36,
            "no_price": 64,
            "taker_side": "yes"
        },
        {
            "trade_id": "a0afe6e9-105d-4dea-9c17-39cec9bde452",
            "ticker": "KXHIGHMIA-25JAN22-B68.5",
            "count": 50,
            "created_time": "2025-01-22T04:12:17.119811Z",
            "yes_price": 30,
            "no_price": 70,
            "taker_side": "yes"
        },
        {
            "trade_id": "77c4a1d5-8149-4df2-943e-fb116e617d3f",
            "ticker": "KXHIGHMIA-25JAN22-B68.5",
            "count": 7,
            "created_time": "2025-01-22T04:12:17.119811Z",
            "yes_price": 30,
            "no_price": 70,
            "taker_side": "yes"
        },
        {
            "trade_id": "6979c453-7a6e-4640-9a91-89fbeff12310",
            "ticker": "KXHIGHMIA-25JAN22-B68.5",
            "count": 10,
            "created_time": "2025-01-22T04:12:17.119811Z",
            "yes_price": 33,
            "no_price": 67,
            "taker_side": "yes"
        },
        {
            "trade_id": "a6ac9e34-d68a-48b0-a897-19af209c45f9",
            "ticker": "KXHIGHMIA-25JAN22-B68.5",
            "count": 1,
            "created_time": "2025-01-22T04:09:21.176087Z",
            "yes_price": 15,
            "no_price": 85,
            "taker_side": "no"
        },
        {
            "trade_id": "a357ac58-c59c-4688-baeb-a53f6dcb81cb",
            "ticker": "KXHIGHMIA-25JAN22-B68.5",
            "count": 5,
            "created_time": "2025-01-22T03:21:05.603955Z",
            "yes_price": 34,
            "no_price": 66,
            "taker_side": "yes"
        },
        {
            "trade_id": "7f256d62-077a-4c25-9edb-7b76d6a0dde0",
            "ticker": "KXHIGHMIA-25JAN22-B68.5",
            "count": 1,
            "created_time": "2025-01-22T02:54:21.815063Z",
            "yes_price": 19,
            "no_price": 81,
            "taker_side": "yes"
        },
        {
            "trade_id": "d9af3de7-ca61-456d-beda-dbe0dc467590",
            "ticker": "KXHIGHMIA-25JAN22-B68.5",
            "count": 8,
            "created_time": "2025-01-22T02:35:40.141668Z",
            "yes_price": 14,
            "no_price": 86,
            "taker_side": "no"
        },
        {
            "trade_id": "8feb35a4-debd-473e-91d6-e3e5dae8a234",
            "ticker": "KXHIGHMIA-25JAN22-B68.5",
            "count": 233,
            "created_time": "2025-01-22T02:29:42.769343Z",
            "yes_price": 14,
            "no_price": 86,
            "taker_side": "no"
        },
        {
            "trade_id": "97c0435f-37fb-4852-82e9-904852f775dd",
            "ticker": "KXHIGHMIA-25JAN22-B68.5",
            "count": 200,
            "created_time": "2025-01-22T02:18:35.931534Z",
            "yes_price": 14,
            "no_price": 86,
            "taker_side": "no"
        },
        {
            "trade_id": "92feff81-280d-492c-b700-30c5e455304b",
            "ticker": "KXHIGHMIA-25JAN22-B68.5",
            "count": 72,
            "created_time": "2025-01-22T02:18:35.749562Z",
            "yes_price": 14,
            "no_price": 86,
            "taker_side": "no"
        },
        {
            "trade_id": "88365b5d-7ae5-4c76-aaa1-e4d72880c987",
            "ticker": "KXHIGHMIA-25JAN22-B68.5",
            "count": 70,
            "created_time": "2025-01-22T02:15:33.663755Z",
            "yes_price": 20,
            "no_price": 80,
            "taker_side": "no"
        },
        {
            "trade_id": "6b9a4f21-9082-4388-b21c-f7819a50c126",
            "ticker": "KXHIGHMIA-25JAN22-B68.5",
            "count": 20,
            "created_time": "2025-01-22T02:15:33.541935Z",
            "yes_price": 20,
            "no_price": 80,
            "taker_side": "no"
        },
        {
            "trade_id": "c6141363-f8b6-4b97-b4e5-a7477e4882cd",
            "ticker": "KXHIGHMIA-25JAN22-B68.5",
            "count": 10,
            "created_time": "2025-01-22T01:52:39.886436Z",
            "yes_price": 20,
            "no_price": 80,
            "taker_side": "no"
        },
        {
            "trade_id": "a6736d9b-4e56-4473-8bc2-f94f50478649",
            "ticker": "KXHIGHMIA-25JAN22-B68.5",
            "count": 1,
            "created_time": "2025-01-22T01:48:48.032724Z",
            "yes_price": 25,
            "no_price": 75,
            "taker_side": "yes"
        },
        {
            "trade_id": "68a8f793-2008-42d9-ad1e-92a66c0f9ba5",
            "ticker": "KXHIGHMIA-25JAN22-B68.5",
            "count": 10,
            "created_time": "2025-01-22T01:48:48.032724Z",
            "yes_price": 25,
            "no_price": 75,
            "taker_side": "yes"
        },
        {
            "trade_id": "561ca367-ee6c-419c-b35d-6650a5d96f0f",
            "ticker": "KXHIGHMIA-25JAN22-B68.5",
            "count": 25,
            "created_time": "2025-01-22T01:48:48.032724Z",
            "yes_price": 25,
            "no_price": 75,
            "taker_side": "yes"
        },
        {
            "trade_id": "9bdbe2dc-995b-4be1-9d46-d9deffc3a64c",
            "ticker": "KXHIGHMIA-25JAN22-B68.5",
            "count": 35,
            "created_time": "2025-01-22T01:47:28.419762Z",
            "yes_price": 25,
            "no_price": 75,
            "taker_side": "yes"
        },
        {
            "trade_id": "e5415b9f-437a-4892-a7f4-d159c606c992",
            "ticker": "KXHIGHMIA-25JAN22-B68.5",
            "count": 9,
            "created_time": "2025-01-22T01:44:11.714682Z",
            "yes_price": 25,
            "no_price": 75,
            "taker_side": "yes"
        },
        {
            "trade_id": "d8b4ad5d-3461-4a9d-94e6-b37b3088f92d",
            "ticker": "KXHIGHMIA-25JAN22-B68.5",
            "count": 2,
            "created_time": "2025-01-22T01:44:11.714682Z",
            "yes_price": 25,
            "no_price": 75,
            "taker_side": "yes"
        },
        {
            "trade_id": "1f8490fe-4f9d-479f-b516-4f300d67a037",
            "ticker": "KXHIGHMIA-25JAN22-B68.5",
            "count": 24,
            "created_time": "2025-01-22T01:44:11.714682Z",
            "yes_price": 25,
            "no_price": 75,
            "taker_side": "yes"
        },
        {
            "trade_id": "bd231503-a332-4e3e-94c0-893041b69521",
            "ticker": "KXHIGHMIA-25JAN22-B68.5",
            "count": 38,
            "created_time": "2025-01-22T01:36:00.832629Z",
            "yes_price": 25,
            "no_price": 75,
            "taker_side": "yes"
        },
        {
            "trade_id": "1626d1b2-f468-46be-a076-ab90aafa5b91",
            "ticker": "KXHIGHMIA-25JAN22-B68.5",
            "count": 1,
            "created_time": "2025-01-22T01:34:00.980122Z",
            "yes_price": 21,
            "no_price": 79,
            "taker_side": "no"
        },
        {
            "trade_id": "83c9c909-1f3a-4974-8364-f22e91545cd2",
            "ticker": "KXHIGHMIA-25JAN22-B68.5",
            "count": 200,
            "created_time": "2025-01-22T01:33:52.748678Z",
            "yes_price": 19,
            "no_price": 81,
            "taker_side": "no"
        },
        {
            "trade_id": "eb8152ad-bf9f-4eed-8449-3bd589466b28",
            "ticker": "KXHIGHMIA-25JAN22-B68.5",
            "count": 3,
            "created_time": "2025-01-22T01:33:49.469204Z",
            "yes_price": 27,
            "no_price": 73,
            "taker_side": "yes"
        },
        {
            "trade_id": "9a237f51-36e1-44bd-93b0-6d7669c08d67",
            "ticker": "KXHIGHMIA-25JAN22-B68.5",
            "count": 58,
            "created_time": "2025-01-22T01:33:45.177025Z",
            "yes_price": 21,
            "no_price": 79,
            "taker_side": "no"
        },
        {
            "trade_id": "74e0fa37-c134-4a05-90ce-8b86351c5104",
            "ticker": "KXHIGHMIA-25JAN22-B68.5",
            "count": 37,
            "created_time": "2025-01-22T01:33:45.177025Z",
            "yes_price": 21,
            "no_price": 79,
            "taker_side": "no"
        },
        {
            "trade_id": "e0e8d6db-fd2b-4a28-84f8-df7838533474",
            "ticker": "KXHIGHMIA-25JAN22-B68.5",
            "count": 21,
            "created_time": "2025-01-22T01:32:51.522268Z",
            "yes_price": 20,
            "no_price": 80,
            "taker_side": "no"
        },
        {
            "trade_id": "f7df95a5-4372-427f-8574-0f685bd636ee",
            "ticker": "KXHIGHMIA-25JAN22-B68.5",
            "count": 5,
            "created_time": "2025-01-22T01:32:44.674899Z",
            "yes_price": 22,
            "no_price": 78,
            "taker_side": "no"
        },
        {
            "trade_id": "e9214535-51ab-492b-8fe2-f7c30e85ec5f",
            "ticker": "KXHIGHMIA-25JAN22-B68.5",
            "count": 72,
            "created_time": "2025-01-22T01:32:44.674899Z",
            "yes_price": 22,
            "no_price": 78,
            "taker_side": "no"
        },
        {
            "trade_id": "65d96811-e661-41e2-8d8b-19c431a88da1",
            "ticker": "KXHIGHMIA-25JAN22-B68.5",
            "count": 1,
            "created_time": "2025-01-22T01:32:44.674899Z",
            "yes_price": 22,
            "no_price": 78,
            "taker_side": "no"
        },
        {
            "trade_id": "27650673-3576-48f6-a079-d83874f6f9f2",
            "ticker": "KXHIGHMIA-25JAN22-B68.5",
            "count": 1,
            "created_time": "2025-01-22T01:32:44.674899Z",
            "yes_price": 22,
            "no_price": 78,
            "taker_side": "no"
        },
        {
            "trade_id": "f0b09939-0c01-4908-b0fb-9b478f108acf",
            "ticker": "KXHIGHMIA-25JAN22-B68.5",
            "count": 32,
            "created_time": "2025-01-22T01:28:37.221067Z",
            "yes_price": 28,
            "no_price": 72,
            "taker_side": "yes"
        },
        {
            "trade_id": "93882830-a618-4ecc-8b69-8c64c7896f56",
            "ticker": "KXHIGHMIA-25JAN22-B68.5",
            "count": 66,
            "created_time": "2025-01-22T01:28:37.221067Z",
            "yes_price": 28,
            "no_price": 72,
            "taker_side": "yes"
        },
        {
            "trade_id": "dddce7f6-b466-4e8b-88ac-ec9d7799003f",
            "ticker": "KXHIGHMIA-25JAN22-B68.5",
            "count": 20,
            "created_time": "2025-01-22T01:23:57.951496Z",
            "yes_price": 25,
            "no_price": 75,
            "taker_side": "no"
        },
        {
            "trade_id": "b559481a-fc02-4cd2-a701-f4d0ec9245b0",
            "ticker": "KXHIGHMIA-25JAN22-B68.5",
            "count": 3,
            "created_time": "2025-01-22T01:23:57.951496Z",
            "yes_price": 25,
            "no_price": 75,
            "taker_side": "no"
        },
        {
            "trade_id": "3b78667c-25a8-48de-b0bb-834463394175",
            "ticker": "KXHIGHMIA-25JAN22-B68.5",
            "count": 11,
            "created_time": "2025-01-22T01:23:34.765983Z",
            "yes_price": 25,
            "no_price": 75,
            "taker_side": "no"
        },
        {
            "trade_id": "1365ca2d-6eff-4514-97d3-3b84a24fc14f",
            "ticker": "KXHIGHMIA-25JAN22-B68.5",
            "count": 20,
            "created_time": "2025-01-22T01:23:34.765983Z",
            "yes_price": 25,
            "no_price": 75,
            "taker_side": "no"
        },
        {
            "trade_id": "78969ce6-536b-45a6-b376-57838cbc7e60",
            "ticker": "KXHIGHMIA-25JAN22-B68.5",
            "count": 5,
            "created_time": "2025-01-22T01:05:40.928757Z",
            "yes_price": 29,
            "no_price": 71,
            "taker_side": "yes"
        },
        {
            "trade_id": "0d083723-f5e3-48fe-9c4a-19fa50ec6db5",
            "ticker": "KXHIGHMIA-25JAN22-B68.5",
            "count": 179,
            "created_time": "2025-01-22T01:05:40.928757Z",
            "yes_price": 31,
            "no_price": 69,
            "taker_side": "yes"
        },
        {
            "trade_id": "f0f3bf61-a40f-4d57-b89c-b21d705b7846",
            "ticker": "KXHIGHMIA-25JAN22-B68.5",
            "count": 28,
            "created_time": "2025-01-22T00:55:55.278395Z",
            "yes_price": 29,
            "no_price": 71,
            "taker_side": "yes"
        },
        {
            "trade_id": "81039081-b094-47ce-bd1f-646dff621134",
            "ticker": "KXHIGHMIA-25JAN22-B68.5",
            "count": 335,
            "created_time": "2025-01-22T00:55:55.278395Z",
            "yes_price": 30,
            "no_price": 70,
            "taker_side": "yes"
        },
        {
            "trade_id": "53024720-83c3-45c7-9870-5f63779d7a76",
            "ticker": "KXHIGHMIA-25JAN22-B68.5",
            "count": 10,
            "created_time": "2025-01-22T00:55:55.278395Z",
            "yes_price": 29,
            "no_price": 71,
            "taker_side": "yes"
        },
        {
            "trade_id": "303f7a20-e2ed-476b-94e9-947e7c1c831c",
            "ticker": "KXHIGHMIA-25JAN22-B68.5",
            "count": 211,
            "created_time": "2025-01-22T00:55:55.278395Z",
            "yes_price": 29,
            "no_price": 71,
            "taker_side": "yes"
        },
        {
            "trade_id": "e2fbec50-ba9c-4923-9f19-dd013777e23c",
            "ticker": "KXHIGHMIA-25JAN22-B68.5",
            "count": 19,
            "created_time": "2025-01-22T00:41:59.33628Z",
            "yes_price": 29,
            "no_price": 71,
            "taker_side": "yes"
        },
        {
            "trade_id": "17fa848e-eebd-4614-84ea-1a40a4819fa4",
            "ticker": "KXHIGHMIA-25JAN22-B68.5",
            "count": 9,
            "created_time": "2025-01-22T00:41:30.967015Z",
            "yes_price": 25,
            "no_price": 75,
            "taker_side": "no"
        },
        {
            "trade_id": "1554d15a-06a9-4c32-af26-a5898d3f40df",
            "ticker": "KXHIGHMIA-25JAN22-B68.5",
            "count": 26,
            "created_time": "2025-01-22T00:41:30.967015Z",
            "yes_price": 25,
            "no_price": 75,
            "taker_side": "no"
        },
        {
            "trade_id": "600464a7-48ed-45ae-8bea-457b60f293cb",
            "ticker": "KXHIGHMIA-25JAN22-B68.5",
            "count": 26,
            "created_time": "2025-01-22T00:40:55.338244Z",
            "yes_price": 25,
            "no_price": 75,
            "taker_side": "no"
        },
        {
            "trade_id": "51f11bf5-5fda-4778-aa31-4c3419d0d7a7",
            "ticker": "KXHIGHMIA-25JAN22-B68.5",
            "count": 100,
            "created_time": "2025-01-22T00:30:09.903005Z",
            "yes_price": 25,
            "no_price": 75,
            "taker_side": "no"
        },
        {
            "trade_id": "bc5a9225-eddb-4cf4-8865-6b511c579ddc",
            "ticker": "KXHIGHMIA-25JAN22-B68.5",
            "count": 85,
            "created_time": "2025-01-22T00:29:26.206644Z",
            "yes_price": 30,
            "no_price": 70,
            "taker_side": "yes"
        },
        {
            "trade_id": "628cb233-a113-4229-9ef7-c22d9755834a",
            "ticker": "KXHIGHMIA-25JAN22-B68.5",
