{
    "KXHIGHMIA-25MAR31-T80": [
        {
            "trade_id": "beea2965-2e4e-4ab2-8013-97b391210fb5",
            "ticker": "KXHIGHMIA-25MAR31-T80",
            "count": 30,
            "created_time": "2025-03-31T17:40:51.248905Z",
            "yes_price": 1,
            "no_price": 99,
            "taker_side": "yes"
        },
        {
            "trade_id": "003db042-f63c-43da-8157-c7eb742473a5",
            "ticker": "KXHIGHMIA-25MAR31-T80",
            "count": 140,
            "created_time": "2025-03-31T17:40:51.248905Z",
            "yes_price": 1,
            "no_price": 99,
            "taker_side": "yes"
        },
        {
            "trade_id": "2a69d72d-6eae-41ec-8cb5-3807e3b55a7f",
            "ticker": "KXHIGHMIA-25MAR31-T80",
            "count": 232,
            "created_time": "2025-03-31T12:17:14.743207Z",
            "yes_price": 1,
            "no_price": 99,
            "taker_side": "no"
        },
        {
            "trade_id": "4053499d-3798-4f79-a4ac-360a696f381e",
            "ticker": "KXHIGHMIA-25MAR31-T80",
            "count": 4,
            "created_time": "2025-03-31T12:04:52.533264Z",
            "yes_price": 1,
            "no_price": 99,
            "taker_side": "no"
        },
        {
            "trade_id": "e66f4f4e-a62d-4325-a7b6-345ad4b57286",
            "ticker": "KXHIGHMIA-25MAR31-T80",
            "count": 2,
            "created_time": "2025-03-31T12:04:51.678901Z",
            "yes_price": 1,
            "no_price": 99,
            "taker_side": "no"
        },
        {
            "trade_id": "4e45930c-92d8-477f-bd56-8fc257323c77",
            "ticker": "KXHIGHMIA-25MAR31-T80",
            "count": 1,
            "created_time": "2025-03-31T12:00:52.154889Z",
            "yes_price": 1,
            "no_price": 99,
            "taker_side": "no"
        },
        {
            "trade_id": "bba8cf79-3d2a-4c4d-9876-5242ca69e630",
            "ticker": "KXHIGHMIA-25MAR31-T80",
            "count": 12,
            "created_time": "2025-03-31T06:42:18.55859Z",
            "yes_price": 1,
            "no_price": 99,
            "taker_side": "no"
        },
        {
            "trade_id": "bbbbc4ef-eafe-4428-9546-8ccc422ea379",
            "ticker": "KXHIGHMIA-25MAR31-T80",
            "count": 2,
            "created_time": "2025-03-31T06:31:50.924026Z",
            "yes_price": 3,
            "no_price": 97,
            "taker_side": "yes"
        },
        {
            "trade_id": "450149ff-afc4-4692-b809-02662a75a1f5",
            "ticker": "KXHIGHMIA-25MAR31-T80",
            "count": 8,
            "created_time": "2025-03-31T06:30:55.647218Z",
            "yes_price": 3,
            "no_price": 97,
            "taker_side": "yes"
        },
        {
            "trade_id": "66dcc7e5-cd67-4511-9921-678990a5c309",
            "ticker": "KXHIGHMIA-25MAR31-T80",
            "count": 1,
            "created_time": "2025-03-31T05:42:56.462745Z",
            "yes_price": 1,
            "no_price": 99,
            "taker_side": "no"
        },
        {
            "trade_id": "d1aeff56-2e3e-4655-b6d4-fb5d3a03a776",
            "ticker": "KXHIGHMIA-25MAR31-T80",
            "count": 2,
            "created_time": "2025-03-31T04:30:28.146002Z",
            "yes_price": 3,
            "no_price": 97,
            "taker_side": "yes"
        },
        {
            "trade_id": "0cbb91c5-f3d1-407e-83b3-7de58228a92e",
            "ticker": "KXHIGHMIA-25MAR31-T80",
            "count": 6,
            "created_time": "2025-03-31T04:29:32.255057Z",
            "yes_price": 3,
            "no_price": 97,
            "taker_side": "yes"
        },
        {
            "trade_id": "799ef35e-c3c4-44f2-969b-7fba10961191",
            "ticker": "KXHIGHMIA-25MAR31-T80",
            "count": 41,
            "created_time": "2025-03-31T03:12:19.710555Z",
            "yes_price": 1,
            "no_price": 99,
            "taker_side": "no"
        },
        {
            "trade_id": "d4c271cd-9048-46a5-b92f-0f4494a73031",
            "ticker": "KXHIGHMIA-25MAR31-T80",
            "count": 7,
            "created_time": "2025-03-31T03:12:19.663613Z",
            "yes_price": 1,
            "no_price": 99,
            "taker_side": "no"
        }
    ],
    "KXHIGHMIA-25MAR31-B80.5": [
        {
            "trade_id": "c5d73b87-ec0c-484c-9c9c-cb5c0735569b",
            "ticker": "KXHIGHMIA-25MAR31-B80.5",
            "count": 273,
            "created_time": "2025-03-31T14:43:09.438686Z",
            "yes_price": 1,
            "no_price": 99,
            "taker_side": "no"
        },
        {
            "trade_id": "5fd78d63-5b80-44bf-b267-e01743071d96",
            "ticker": "KXHIGHMIA-25MAR31-B80.5",
            "count": 14,
            "created_time": "2025-03-31T14:34:59.183663Z",
            "yes_price": 1,
            "no_price": 99,
            "taker_side": "no"
        },
        {
            "trade_id": "bc7ed8a1-2d0d-4aae-9623-1df75a642a1a",
            "ticker": "KXHIGHMIA-25MAR31-B80.5",
            "count": 4,
            "created_time": "2025-03-31T14:32:18.963789Z",
            "yes_price": 1,
            "no_price": 99,
            "taker_side": "no"
        },
        {
            "trade_id": "2df4555b-a18f-4556-964e-13dbaa675ed6",
            "ticker": "KXHIGHMIA-25MAR31-B80.5",
            "count": 4,
            "created_time": "2025-03-31T14:32:10.197586Z",
            "yes_price": 1,
            "no_price": 99,
            "taker_side": "no"
        },
        {
            "trade_id": "cd344656-6ff1-4363-977e-25be817ec425",
            "ticker": "KXHIGHMIA-25MAR31-B80.5",
            "count": 5,
            "created_time": "2025-03-31T14:32:09.351599Z",
            "yes_price": 1,
            "no_price": 99,
            "taker_side": "no"
        },
        {
            "trade_id": "5a77cd8e-3464-4e13-a1de-c7e9e71bb399",
            "ticker": "KXHIGHMIA-25MAR31-B80.5",
            "count": 1,
            "created_time": "2025-03-31T14:32:08.502728Z",
            "yes_price": 1,
            "no_price": 99,
            "taker_side": "no"
        },
        {
            "trade_id": "401e4ec6-293f-4b8d-b0f8-0653e28aa6e4",
            "ticker": "KXHIGHMIA-25MAR31-B80.5",
            "count": 100,
            "created_time": "2025-03-31T14:32:05.390288Z",
            "yes_price": 1,
            "no_price": 99,
            "taker_side": "no"
        },
        {
            "trade_id": "7e8669ea-bd33-4b73-a1aa-9cedf70ae479",
            "ticker": "KXHIGHMIA-25MAR31-B80.5",
            "count": 5,
            "created_time": "2025-03-31T14:08:22.848301Z",
            "yes_price": 1,
            "no_price": 99,
            "taker_side": "no"
        },
        {
            "trade_id": "8c7cc0ad-0fb3-48e7-8983-3afbe56e5e06",
            "ticker": "KXHIGHMIA-25MAR31-B80.5",
            "count": 30,
            "created_time": "2025-03-31T13:18:21.051965Z",
            "yes_price": 1,
            "no_price": 99,
            "taker_side": "no"
        },
        {
            "trade_id": "e29ecf1f-a773-4a28-926b-30032d17efda",
            "ticker": "KXHIGHMIA-25MAR31-B80.5",
            "count": 2,
            "created_time": "2025-03-31T13:06:47.192697Z",
            "yes_price": 1,
            "no_price": 99,
            "taker_side": "no"
        },
        {
            "trade_id": "d46d907b-ee17-4363-b68c-0070c2a642e9",
            "ticker": "KXHIGHMIA-25MAR31-B80.5",
            "count": 1,
            "created_time": "2025-03-31T13:06:44.241264Z",
            "yes_price": 1,
            "no_price": 99,
            "taker_side": "no"
        },
        {
            "trade_id": "1df52170-f2a5-46de-bbe2-0038bbf5f2bd",
            "ticker": "KXHIGHMIA-25MAR31-B80.5",
            "count": 45,
            "created_time": "2025-03-31T12:24:25.560499Z",
            "yes_price": 2,
            "no_price": 98,
            "taker_side": "yes"
        },
        {
            "trade_id": "4b86e5ce-7bb5-4f7d-8126-5397dc21318e",
            "ticker": "KXHIGHMIA-25MAR31-B80.5",
            "count": 4,
            "created_time": "2025-03-31T12:04:52.535204Z",
            "yes_price": 1,
            "no_price": 99,
            "taker_side": "no"
        },
        {
            "trade_id": "0aca628e-1d58-4811-9e0d-4b359f8c0417",
            "ticker": "KXHIGHMIA-25MAR31-B80.5",
            "count": 2,
            "created_time": "2025-03-31T12:04:51.674833Z",
            "yes_price": 1,
            "no_price": 99,
            "taker_side": "no"
        },
        {
            "trade_id": "3856d7a7-851d-4c7c-847e-3d3c70efd27c",
            "ticker": "KXHIGHMIA-25MAR31-B80.5",
            "count": 1,
            "created_time": "2025-03-31T12:04:50.784223Z",
            "yes_price": 1,
            "no_price": 99,
            "taker_side": "no"
        },
        {
            "trade_id": "8166718b-54b7-4a13-85a3-1c0313e0f789",
            "ticker": "KXHIGHMIA-25MAR31-B80.5",
            "count": 1,
            "created_time": "2025-03-31T12:00:52.86228Z",
            "yes_price": 1,
            "no_price": 99,
            "taker_side": "no"
        },
        {
            "trade_id": "cdc690b2-3881-4590-acee-bd40574066dd",
            "ticker": "KXHIGHMIA-25MAR31-B80.5",
            "count": 1,
            "created_time": "2025-03-31T12:00:52.138974Z",
            "yes_price": 1,
            "no_price": 99,
            "taker_side": "no"
        },
        {
            "trade_id": "79f3575a-85ee-418c-b725-eae3203a5837",
            "ticker": "KXHIGHMIA-25MAR31-B80.5",
            "count": 1,
            "created_time": "2025-03-31T12:00:52.015826Z",
            "yes_price": 1,
            "no_price": 99,
            "taker_side": "no"
        },
        {
            "trade_id": "361879f3-15b1-475c-96a3-f31330a49c53",
            "ticker": "KXHIGHMIA-25MAR31-B80.5",
            "count": 1,
            "created_time": "2025-03-31T12:00:51.17177Z",
            "yes_price": 1,
            "no_price": 99,
            "taker_side": "no"
        },
        {
            "trade_id": "e229db2b-d869-4119-9611-f1849ce9862e",
            "ticker": "KXHIGHMIA-25MAR31-B80.5",
            "count": 1,
            "created_time": "2025-03-31T12:00:50.313497Z",
            "yes_price": 1,
            "no_price": 99,
            "taker_side": "no"
        },
        {
            "trade_id": "50dcf721-e75f-414c-a4cd-d37cede45468",
            "ticker": "KXHIGHMIA-25MAR31-B80.5",
            "count": 12,
            "created_time": "2025-03-31T06:42:18.558967Z",
            "yes_price": 4,
            "no_price": 96,
            "taker_side": "no"
        },
        {
            "trade_id": "507e8d9d-4131-4db4-99b2-a43037af5b1c",
            "ticker": "KXHIGHMIA-25MAR31-B80.5",
            "count": 1,
            "created_time": "2025-03-31T06:31:56.730414Z",
            "yes_price": 5,
            "no_price": 95,
            "taker_side": "yes"
        },
        {
            "trade_id": "531bdfd8-ec43-4d25-98fc-71d7359517e6",
            "ticker": "KXHIGHMIA-25MAR31-B80.5",
            "count": 6,
            "created_time": "2025-03-31T06:30:59.183255Z",
            "yes_price": 5,
            "no_price": 95,
            "taker_side": "yes"
        },
        {
            "trade_id": "a0409a2e-52d8-4250-a41a-1b4b1c7587f7",
            "ticker": "KXHIGHMIA-25MAR31-B80.5",
            "count": 17,
            "created_time": "2025-03-31T05:59:44.357216Z",
            "yes_price": 2,
            "no_price": 98,
            "taker_side": "yes"
        },
        {
            "trade_id": "881524b1-3def-42bd-af87-dbffb238fbde",
            "ticker": "KXHIGHMIA-25MAR31-B80.5",
            "count": 22,
            "created_time": "2025-03-31T05:59:44.357216Z",
            "yes_price": 2,
            "no_price": 98,
            "taker_side": "yes"
        },
        {
            "trade_id": "64655604-28d6-4625-8747-ed02fe42519b",
            "ticker": "KXHIGHMIA-25MAR31-B80.5",
            "count": 1,
            "created_time": "2025-03-31T05:42:56.464441Z",
            "yes_price": 1,
            "no_price": 99,
            "taker_side": "no"
        },
        {
            "trade_id": "d75f0928-2c0d-4a30-8624-705d1ab38793",
            "ticker": "KXHIGHMIA-25MAR31-B80.5",
            "count": 22,
            "created_time": "2025-03-31T04:30:39.686218Z",
            "yes_price": 5,
            "no_price": 95,
            "taker_side": "no"
        },
        {
            "trade_id": "22347362-4139-4f55-968a-9eb123bbc1a0",
            "ticker": "KXHIGHMIA-25MAR31-B80.5",
            "count": 32,
            "created_time": "2025-03-31T04:30:33.303182Z",
            "yes_price": 6,
            "no_price": 94,
            "taker_side": "yes"
        },
        {
            "trade_id": "1346c85b-e549-4544-956e-c5cbd06c8d8d",
            "ticker": "KXHIGHMIA-25MAR31-B80.5",
            "count": 23,
            "created_time": "2025-03-31T04:30:31.657338Z",
            "yes_price": 4,
            "no_price": 96,
            "taker_side": "no"
        },
        {
            "trade_id": "0f629d12-d724-46e0-8d27-720518085eee",
            "ticker": "KXHIGHMIA-25MAR31-B80.5",
            "count": 17,
            "created_time": "2025-03-31T04:29:34.763764Z",
            "yes_price": 4,
            "no_price": 96,
            "taker_side": "yes"
        },
        {
            "trade_id": "f54f8116-3416-46e0-8766-154edc96ba90",
            "ticker": "KXHIGHMIA-25MAR31-B80.5",
            "count": 17,
            "created_time": "2025-03-31T04:18:37.915616Z",
            "yes_price": 4,
            "no_price": 96,
            "taker_side": "yes"
        },
        {
            "trade_id": "7521ba6d-63d5-4a36-b8ad-7ecffc5c21ca",
            "ticker": "KXHIGHMIA-25MAR31-B80.5",
            "count": 69,
            "created_time": "2025-03-31T04:18:37.915616Z",
            "yes_price": 6,
            "no_price": 94,
            "taker_side": "yes"
        },
        {
            "trade_id": "47a18f54-a493-4985-ad11-cd208b9ee3ee",
            "ticker": "KXHIGHMIA-25MAR31-B80.5",
            "count": 41,
            "created_time": "2025-03-31T03:12:19.711069Z",
            "yes_price": 1,
            "no_price": 99,
            "taker_side": "no"
        },
        {
            "trade_id": "6fd0bf25-b2ef-4650-905f-56d3438d3b7d",
            "ticker": "KXHIGHMIA-25MAR31-B80.5",
            "count": 7,
            "created_time": "2025-03-31T03:12:19.662217Z",
            "yes_price": 1,
            "no_price": 99,
            "taker_side": "no"
        },
        {
            "trade_id": "a3ffa07b-6d15-405d-89e3-5e7503e9fc49",
            "ticker": "KXHIGHMIA-25MAR31-B80.5",
            "count": 5,
            "created_time": "2025-03-31T02:08:04.089745Z",
            "yes_price": 6,
            "no_price": 94,
            "taker_side": "yes"
        },
        {
            "trade_id": "e99601fc-a30b-45f9-b7ec-033971e4bf5c",
            "ticker": "KXHIGHMIA-25MAR31-B80.5",
            "count": 60,
            "created_time": "2025-03-30T21:33:32.048019Z",
            "yes_price": 6,
            "no_price": 94,
            "taker_side": "yes"
        },
        {
            "trade_id": "f31ab2c4-2b68-4016-8803-abf13a5d0f60",
            "ticker": "KXHIGHMIA-25MAR31-B80.5",
            "count": 83,
            "created_time": "2025-03-30T21:29:56.885392Z",
            "yes_price": 5,
            "no_price": 95,
            "taker_side": "yes"
        },
        {
            "trade_id": "51a12bea-3603-4249-8be6-5aa935958802",
            "ticker": "KXHIGHMIA-25MAR31-B80.5",
            "count": 43,
            "created_time": "2025-03-30T21:29:56.885392Z",
            "yes_price": 7,
            "no_price": 93,
            "taker_side": "yes"
        },
        {
            "trade_id": "0bfc19ab-bafc-4f45-9251-d8867f01335f",
            "ticker": "KXHIGHMIA-25MAR31-B80.5",
            "count": 41,
            "created_time": "2025-03-30T21:29:56.885392Z",
            "yes_price": 6,
            "no_price": 94,
            "taker_side": "yes"
        }
    ],
    "KXHIGHMIA-25MAR31-B82.5": [
        {
            "trade_id": "dd285876-d3dc-4f60-9897-f27721e8aea4",
            "ticker": "KXHIGHMIA-25MAR31-B82.5",
            "count": 51,
            "created_time": "2025-03-31T22:35:03.46818Z",
            "yes_price": 1,
            "no_price": 99,
            "taker_side": "yes"
        },
        {
            "trade_id": "b7adafc7-4f66-4410-a21a-517c74b06cf1",
            "ticker": "KXHIGHMIA-25MAR31-B82.5",
            "count": 9,
            "created_time": "2025-03-31T21:47:03.438889Z",
            "yes_price": 1,
            "no_price": 99,
            "taker_side": "yes"
        },
        {
            "trade_id": "343e9714-a30f-4fbf-a130-eba302223eca",
            "ticker": "KXHIGHMIA-25MAR31-B82.5",
            "count": 100,
            "created_time": "2025-03-31T20:11:45.749759Z",
            "yes_price": 1,
            "no_price": 99,
            "taker_side": "yes"
        },
        {
            "trade_id": "aced3fad-110a-4bb9-b1f1-d3c55e263f74",
            "ticker": "KXHIGHMIA-25MAR31-B82.5",
            "count": 3,
            "created_time": "2025-03-31T18:44:16.067924Z",
            "yes_price": 1,
            "no_price": 99,
            "taker_side": "yes"
        },
        {
            "trade_id": "ab4f9318-9183-41b1-a1cb-f4689f1ccef2",
            "ticker": "KXHIGHMIA-25MAR31-B82.5",
            "count": 96,
            "created_time": "2025-03-31T18:22:36.474509Z",
            "yes_price": 1,
            "no_price": 99,
            "taker_side": "yes"
        },
        {
            "trade_id": "c65064fc-c7c3-442c-965c-c742f9033022",
            "ticker": "KXHIGHMIA-25MAR31-B82.5",
            "count": 8,
            "created_time": "2025-03-31T15:30:34.272078Z",
            "yes_price": 1,
            "no_price": 99,
            "taker_side": "yes"
        },
        {
            "trade_id": "bd9bb31e-6372-4a96-81e9-b90990b683d7",
            "ticker": "KXHIGHMIA-25MAR31-B82.5",
            "count": 10,
            "created_time": "2025-03-31T15:26:38.351771Z",
            "yes_price": 3,
            "no_price": 97,
            "taker_side": "no"
        },
        {
            "trade_id": "b263412e-7bda-455d-92c8-88d10734cf42",
            "ticker": "KXHIGHMIA-25MAR31-B82.5",
            "count": 3,
            "created_time": "2025-03-31T15:26:38.351771Z",
            "yes_price": 5,
            "no_price": 95,
            "taker_side": "no"
        },
        {
            "trade_id": "782d9e87-f42c-4d9d-a46e-63bf67269912",
            "ticker": "KXHIGHMIA-25MAR31-B82.5",
            "count": 200,
            "created_time": "2025-03-31T15:26:38.351771Z",
            "yes_price": 1,
            "no_price": 99,
            "taker_side": "no"
        },
        {
            "trade_id": "1150577c-d265-432e-b289-0ccaed677455",
            "ticker": "KXHIGHMIA-25MAR31-B82.5",
            "count": 5,
            "created_time": "2025-03-31T15:26:38.351771Z",
            "yes_price": 4,
            "no_price": 96,
            "taker_side": "no"
        },
        {
            "trade_id": "26fedbcb-e24d-46d8-b9e3-1d3b1c1bc4a2",
            "ticker": "KXHIGHMIA-25MAR31-B82.5",
            "count": 1,
            "created_time": "2025-03-31T15:26:08.64943Z",
            "yes_price": 5,
            "no_price": 95,
            "taker_side": "no"
        },
        {
            "trade_id": "f92a817f-6261-41b2-bd59-768191370b4a",
            "ticker": "KXHIGHMIA-25MAR31-B82.5",
            "count": 3,
            "created_time": "2025-03-31T15:23:34.129169Z",
            "yes_price": 6,
            "no_price": 94,
            "taker_side": "no"
        },
        {
            "trade_id": "5720eca2-1118-456a-ac11-e026c9381317",
            "ticker": "KXHIGHMIA-25MAR31-B82.5",
            "count": 1,
            "created_time": "2025-03-31T15:08:14.130977Z",
            "yes_price": 7,
            "no_price": 93,
            "taker_side": "no"
        },
        {
            "trade_id": "40887f6c-245e-4985-a2ca-d899f009555d",
            "ticker": "KXHIGHMIA-25MAR31-B82.5",
            "count": 2,
            "created_time": "2025-03-31T15:08:13.773359Z",
            "yes_price": 7,
            "no_price": 93,
            "taker_side": "no"
        },
        {
            "trade_id": "96232487-2382-42da-a901-aa2512045e84",
            "ticker": "KXHIGHMIA-25MAR31-B82.5",
            "count": 1,
            "created_time": "2025-03-31T15:08:13.282599Z",
            "yes_price": 8,
            "no_price": 92,
            "taker_side": "no"
        },
        {
            "trade_id": "f3ca8f6a-ab3c-478d-a62e-c291cc5e306d",
            "ticker": "KXHIGHMIA-25MAR31-B82.5",
            "count": 2,
            "created_time": "2025-03-31T15:02:43.003908Z",
            "yes_price": 7,
            "no_price": 93,
            "taker_side": "yes"
        },
        {
            "trade_id": "b6f18a85-ceb8-4584-9565-06014089616e",
            "ticker": "KXHIGHMIA-25MAR31-B82.5",
            "count": 1,
            "created_time": "2025-03-31T15:02:43.003908Z",
            "yes_price": 5,
            "no_price": 95,
            "taker_side": "yes"
        },
        {
            "trade_id": "a8b827e4-576a-4951-a3a9-b23f731a387e",
            "ticker": "KXHIGHMIA-25MAR31-B82.5",
            "count": 1,
            "created_time": "2025-03-31T15:02:43.003908Z",
            "yes_price": 6,
            "no_price": 94,
            "taker_side": "yes"
        },
        {
            "trade_id": "79ff8227-947b-414b-815b-a7ea16993849",
            "ticker": "KXHIGHMIA-25MAR31-B82.5",
            "count": 2,
            "created_time": "2025-03-31T15:02:43.003908Z",
            "yes_price": 8,
            "no_price": 92,
            "taker_side": "yes"
        },
        {
            "trade_id": "139cd2fd-0fdc-4da1-9d11-f3407581f0a9",
            "ticker": "KXHIGHMIA-25MAR31-B82.5",
            "count": 1,
            "created_time": "2025-03-31T15:02:43.003908Z",
            "yes_price": 9,
            "no_price": 91,
            "taker_side": "yes"
        },
        {
            "trade_id": "d13cf8f5-a138-4e68-88d5-3a0b1c022d62",
            "ticker": "KXHIGHMIA-25MAR31-B82.5",
            "count": 50,
            "created_time": "2025-03-31T14:59:26.554233Z",
            "yes_price": 3,
            "no_price": 97,
            "taker_side": "no"
        },
        {
            "trade_id": "17c7fcaa-658b-43a2-a64d-b50bfe28a120",
            "ticker": "KXHIGHMIA-25MAR31-B82.5",
            "count": 31,
            "created_time": "2025-03-31T14:59:26.554233Z",
            "yes_price": 4,
            "no_price": 96,
            "taker_side": "no"
        },
        {
            "trade_id": "047b87cb-859c-4047-a488-daf83c4ce0e2",
            "ticker": "KXHIGHMIA-25MAR31-B82.5",
            "count": 4,
            "created_time": "2025-03-31T14:59:26.554233Z",
            "yes_price": 4,
            "no_price": 96,
            "taker_side": "no"
        },
        {
            "trade_id": "d29faf1d-444e-4f2f-b6d3-85acc054d166",
            "ticker": "KXHIGHMIA-25MAR31-B82.5",
            "count": 51,
            "created_time": "2025-03-31T14:56:55.441845Z",
            "yes_price": 4,
            "no_price": 96,
            "taker_side": "no"
        },
        {
            "trade_id": "f4efc46e-b42b-4384-8671-84afad56e5fc",
            "ticker": "KXHIGHMIA-25MAR31-B82.5",
            "count": 1,
            "created_time": "2025-03-31T14:56:26.560825Z",
            "yes_price": 6,
            "no_price": 94,
            "taker_side": "no"
        },
        {
            "trade_id": "d1379580-e3fb-4da1-9b8f-61b17b0f268d",
            "ticker": "KXHIGHMIA-25MAR31-B82.5",
            "count": 4,
            "created_time": "2025-03-31T14:56:26.560825Z",
            "yes_price": 5,
            "no_price": 95,
            "taker_side": "no"
        },
        {
            "trade_id": "b9d31df5-42a0-4ed3-ab9b-007d62628473",
            "ticker": "KXHIGHMIA-25MAR31-B82.5",
            "count": 5,
            "created_time": "2025-03-31T14:56:26.560825Z",
            "yes_price": 5,
            "no_price": 95,
            "taker_side": "no"
        },
        {
            "trade_id": "9be17407-2e13-48da-a6ad-6b196cc1cb2f",
            "ticker": "KXHIGHMIA-25MAR31-B82.5",
            "count": 38,
            "created_time": "2025-03-31T14:56:26.560825Z",
            "yes_price": 4,
            "no_price": 96,
            "taker_side": "no"
        },
        {
            "trade_id": "638a5b17-45fd-4312-bc6c-8974f7257980",
            "ticker": "KXHIGHMIA-25MAR31-B82.5",
            "count": 50,
            "created_time": "2025-03-31T14:56:26.560825Z",
            "yes_price": 5,
            "no_price": 95,
            "taker_side": "no"
        },
        {
            "trade_id": "e6f3ade8-4991-47ad-bf95-a168f32b79b7",
            "ticker": "KXHIGHMIA-25MAR31-B82.5",
            "count": 3,
            "created_time": "2025-03-31T14:47:32.596458Z",
            "yes_price": 9,
            "no_price": 91,
            "taker_side": "no"
        },
        {
            "trade_id": "bed839f1-7b6a-4a03-b51a-5ddf30e3c715",
            "ticker": "KXHIGHMIA-25MAR31-B82.5",
            "count": 3,
            "created_time": "2025-03-31T14:47:32.596458Z",
            "yes_price": 10,
            "no_price": 90,
            "taker_side": "no"
        },
        {
            "trade_id": "be37eef5-f754-4e9a-b3bd-79359ee47af0",
            "ticker": "KXHIGHMIA-25MAR31-B82.5",
            "count": 4,
            "created_time": "2025-03-31T14:47:32.596458Z",
            "yes_price": 8,
            "no_price": 92,
            "taker_side": "no"
        },
        {
            "trade_id": "adc69d8c-75d3-4569-b46a-ee80fb7a019c",
            "ticker": "KXHIGHMIA-25MAR31-B82.5",
            "count": 2,
            "created_time": "2025-03-31T14:47:32.596458Z",
            "yes_price": 13,
            "no_price": 87,
            "taker_side": "no"
        },
        {
            "trade_id": "7b76fec5-115d-4880-8a0e-80dd5deb4c8e",
            "ticker": "KXHIGHMIA-25MAR31-B82.5",
            "count": 2,
            "created_time": "2025-03-31T14:47:32.596458Z",
            "yes_price": 11,
            "no_price": 89,
            "taker_side": "no"
        },
        {
            "trade_id": "0e5ca746-8da2-4a01-a896-3064a1068da7",
            "ticker": "KXHIGHMIA-25MAR31-B82.5",
            "count": 2,
            "created_time": "2025-03-31T14:47:32.596458Z",
            "yes_price": 12,
            "no_price": 88,
            "taker_side": "no"
        },
        {
            "trade_id": "5d766890-969e-4e3c-aa14-8aea47ab6450",
            "ticker": "KXHIGHMIA-25MAR31-B82.5",
            "count": 2,
            "created_time": "2025-03-31T14:42:49.44616Z",
            "yes_price": 14,
            "no_price": 86,
            "taker_side": "no"
        },
        {
            "trade_id": "4516ce4e-a694-4a55-95ed-e1d07b395666",
            "ticker": "KXHIGHMIA-25MAR31-B82.5",
            "count": 1,
            "created_time": "2025-03-31T14:42:06.800474Z",
            "yes_price": 15,
            "no_price": 85,
            "taker_side": "no"
        },
        {
            "trade_id": "e9667e07-e208-481a-b66d-ddaadf4ba06b",
            "ticker": "KXHIGHMIA-25MAR31-B82.5",
            "count": 22,
            "created_time": "2025-03-31T14:36:39.692884Z",
            "yes_price": 16,
            "no_price": 84,
            "taker_side": "no"
        },
        {
            "trade_id": "dcc4e88a-9cf9-4a21-b05e-ef9c6c0e1cd8",
            "ticker": "KXHIGHMIA-25MAR31-B82.5",
            "count": 28,
            "created_time": "2025-03-31T14:36:39.692884Z",
            "yes_price": 15,
            "no_price": 85,
            "taker_side": "no"
        },
        {
            "trade_id": "4019b802-1200-40f2-9f15-924f60b7509f",
            "ticker": "KXHIGHMIA-25MAR31-B82.5",
            "count": 14,
            "created_time": "2025-03-31T14:34:59.183517Z",
            "yes_price": 16,
            "no_price": 84,
            "taker_side": "no"
        },
        {
            "trade_id": "d78679ae-bd82-4a2d-9968-c0db9adb85ba",
            "ticker": "KXHIGHMIA-25MAR31-B82.5",
            "count": 4,
            "created_time": "2025-03-31T14:32:18.963278Z",
            "yes_price": 16,
            "no_price": 84,
            "taker_side": "no"
        },
        {
            "trade_id": "ffdb331a-8627-417b-b7d8-4d9198d6ff7e",
            "ticker": "KXHIGHMIA-25MAR31-B82.5",
            "count": 4,
            "created_time": "2025-03-31T14:32:10.19372Z",
            "yes_price": 18,
            "no_price": 82,
            "taker_side": "no"
        },
        {
            "trade_id": "f1d9f5bd-61e5-45f0-ab82-cab2ef08ebe0",
            "ticker": "KXHIGHMIA-25MAR31-B82.5",
            "count": 5,
            "created_time": "2025-03-31T14:32:09.34828Z",
            "yes_price": 18,
            "no_price": 82,
            "taker_side": "no"
        },
        {
            "trade_id": "a5519a70-2021-4fbd-b287-9238c62ca565",
            "ticker": "KXHIGHMIA-25MAR31-B82.5",
            "count": 1,
            "created_time": "2025-03-31T14:32:08.503556Z",
            "yes_price": 18,
            "no_price": 82,
            "taker_side": "no"
        },
        {
            "trade_id": "bbe6cc6c-b873-4f48-b6cb-1dd332ff2e36",
            "ticker": "KXHIGHMIA-25MAR31-B82.5",
            "count": 11,
            "created_time": "2025-03-31T14:31:45.242484Z",
            "yes_price": 29,
            "no_price": 71,
            "taker_side": "yes"
        },
        {
            "trade_id": "70ad5759-1ac7-4bb3-acba-3d831857279a",
            "ticker": "KXHIGHMIA-25MAR31-B82.5",
            "count": 10,
            "created_time": "2025-03-31T14:31:45.242484Z",
            "yes_price": 31,
            "no_price": 69,
            "taker_side": "yes"
        },
        {
            "trade_id": "597997cb-6b6f-48d0-8593-2e2174d2801f",
            "ticker": "KXHIGHMIA-25MAR31-B82.5",
            "count": 19,
            "created_time": "2025-03-31T14:31:45.242484Z",
            "yes_price": 28,
            "no_price": 72,
            "taker_side": "yes"
        },
        {
            "trade_id": "37315f7e-f557-46a0-83e7-31a2a4aae72b",
            "ticker": "KXHIGHMIA-25MAR31-B82.5",
            "count": 16,
            "created_time": "2025-03-31T14:31:45.242484Z",
            "yes_price": 30,
            "no_price": 70,
            "taker_side": "yes"
        },
        {
            "trade_id": "260f2971-b4eb-4f2d-86a0-b7566ab2696e",
            "ticker": "KXHIGHMIA-25MAR31-B82.5",
            "count": 15,
            "created_time": "2025-03-31T14:31:45.242484Z",
            "yes_price": 17,
            "no_price": 83,
            "taker_side": "yes"
        },
        {
            "trade_id": "0e551669-a9a3-4536-a8ea-598ce2e8dbe1",
            "ticker": "KXHIGHMIA-25MAR31-B82.5",
            "count": 1,
            "created_time": "2025-03-31T14:31:45.242484Z",
            "yes_price": 35,
            "no_price": 65,
            "taker_side": "yes"
        },
        {
            "trade_id": "ce1b949b-b356-4863-8ce1-7281d85e514a",
            "ticker": "KXHIGHMIA-25MAR31-B82.5",
            "count": 62,
            "created_time": "2025-03-31T14:15:36.589335Z",
            "yes_price": 14,
            "no_price": 86,
            "taker_side": "no"
        },
        {
            "trade_id": "96787142-386a-4547-bf51-f3a7e061ccdf",
            "ticker": "KXHIGHMIA-25MAR31-B82.5",
            "count": 23,
            "created_time": "2025-03-31T14:15:36.589335Z",
            "yes_price": 12,
            "no_price": 88,
            "taker_side": "no"
        },
        {
            "trade_id": "5c173857-133e-47ee-b2e5-996a07a0853d",
            "ticker": "KXHIGHMIA-25MAR31-B82.5",
            "count": 1,
            "created_time": "2025-03-31T14:15:36.589335Z",
            "yes_price": 12,
            "no_price": 88,
            "taker_side": "no"
        },
        {
            "trade_id": "ba5e0ca8-1dc4-40c2-a3b5-2b40651ce36f",
            "ticker": "KXHIGHMIA-25MAR31-B82.5",
            "count": 9,
            "created_time": "2025-03-31T14:15:29.021819Z",
            "yes_price": 15,
            "no_price": 85,
            "taker_side": "no"
        },
        {
            "trade_id": "3914ef2a-e4ea-4f65-ad45-00bc63fbcb00",
            "ticker": "KXHIGHMIA-25MAR31-B82.5",
            "count": 1,
            "created_time": "2025-03-31T14:15:29.021819Z",
            "yes_price": 19,
            "no_price": 81,
            "taker_side": "no"
        },
        {
            "trade_id": "2f1bf69c-6971-40b1-841d-4e7f52d4e981",
            "ticker": "KXHIGHMIA-25MAR31-B82.5",
            "count": 6,
            "created_time": "2025-03-31T14:15:29.021819Z",
            "yes_price": 14,
            "no_price": 86,
            "taker_side": "no"
        },
        {
            "trade_id": "fd8e7865-05e1-4b9d-8bd9-028026d55376",
            "ticker": "KXHIGHMIA-25MAR31-B82.5",
            "count": 2,
            "created_time": "2025-03-31T13:58:41.293144Z",
            "yes_price": 20,
            "no_price": 80,
            "taker_side": "yes"
        },
        {
            "trade_id": "c2ca365b-0543-4931-98cc-fcd04f4ae56d",
            "ticker": "KXHIGHMIA-25MAR31-B82.5",
            "count": 2,
            "created_time": "2025-03-31T13:58:41.293144Z",
            "yes_price": 19,
            "no_price": 81,
            "taker_side": "yes"
        },
        {
            "trade_id": "bbea8f9e-4f51-4b76-ae6b-c58d285150b1",
            "ticker": "KXHIGHMIA-25MAR31-B82.5",
            "count": 1,
            "created_time": "2025-03-31T13:58:41.293144Z",
            "yes_price": 14,
            "no_price": 86,
            "taker_side": "yes"
        },
        {
            "trade_id": "add34f6e-a793-42e9-8bac-9b7a646d9581",
            "ticker": "KXHIGHMIA-25MAR31-B82.5",
            "count": 2,
            "created_time": "2025-03-31T13:58:41.293144Z",
            "yes_price": 15,
            "no_price": 85,
            "taker_side": "yes"
        },
        {
            "trade_id": "81b96b3d-b3a4-41a8-bc4f-2b0f41b86975",
            "ticker": "KXHIGHMIA-25MAR31-B82.5",
            "count": 1,
            "created_time": "2025-03-31T13:58:41.293144Z",
            "yes_price": 16,
            "no_price": 84,
            "taker_side": "yes"
        },
        {
            "trade_id": "697e172e-ee6f-4edc-96bc-6348ab702786",
            "ticker": "KXHIGHMIA-25MAR31-B82.5",
            "count": 1,
            "created_time": "2025-03-31T13:58:41.293144Z",
            "yes_price": 18,
            "no_price": 82,
            "taker_side": "yes"
        },
        {
            "trade_id": "2f701729-d41d-4c47-be52-d538ef5aed3c",
            "ticker": "KXHIGHMIA-25MAR31-B82.5",
            "count": 2,
            "created_time": "2025-03-31T13:58:41.293144Z",
            "yes_price": 17,
            "no_price": 83,
            "taker_side": "yes"
        },
        {
            "trade_id": "8adbd285-01f1-4f19-b0d4-d5ab983714f6",
            "ticker": "KXHIGHMIA-25MAR31-B82.5",
            "count": 2,
            "created_time": "2025-03-31T13:33:23.163804Z",
            "yes_price": 13,
            "no_price": 87,
            "taker_side": "no"
        },
        {
            "trade_id": "b8d1854d-214c-4c42-b4c1-84c2cc05beee",
            "ticker": "KXHIGHMIA-25MAR31-B82.5",
            "count": 2,
            "created_time": "2025-03-31T13:30:25.51687Z",
            "yes_price": 14,
            "no_price": 86,
            "taker_side": "no"
        },
        {
            "trade_id": "6723312c-9468-4313-b97e-33490fe308b2",
            "ticker": "KXHIGHMIA-25MAR31-B82.5",
            "count": 1,
            "created_time": "2025-03-31T13:22:15.902721Z",
            "yes_price": 16,
            "no_price": 84,
            "taker_side": "no"
        },
        {
            "trade_id": "43a4d910-a9fd-4432-ba42-4a9e40181e99",
            "ticker": "KXHIGHMIA-25MAR31-B82.5",
            "count": 1,
            "created_time": "2025-03-31T13:22:15.902721Z",
            "yes_price": 15,
            "no_price": 85,
            "taker_side": "no"
        },
        {
            "trade_id": "238ce46c-a247-49c4-bb58-253e099ae64e",
            "ticker": "KXHIGHMIA-25MAR31-B82.5",
            "count": 2,
            "created_time": "2025-03-31T13:15:06.945945Z",
            "yes_price": 13,
            "no_price": 87,
            "taker_side": "no"
        },
        {
            "trade_id": "c28dd3f1-164b-49c8-83f8-2ffc8fe6df9a",
            "ticker": "KXHIGHMIA-25MAR31-B82.5",
            "count": 1,
            "created_time": "2025-03-31T13:13:43.128838Z",
            "yes_price": 15,
            "no_price": 85,
            "taker_side": "yes"
        },
        {
            "trade_id": "480c33e7-3316-4369-a3fd-38c802ec80d7",
            "ticker": "KXHIGHMIA-25MAR31-B82.5",
            "count": 1,
            "created_time": "2025-03-31T13:13:43.128838Z",
            "yes_price": 14,
            "no_price": 86,
            "taker_side": "yes"
        },
        {
            "trade_id": "b7755595-f1b2-458f-b611-1d590dffec7e",
            "ticker": "KXHIGHMIA-25MAR31-B82.5",
            "count": 2,
            "created_time": "2025-03-31T13:06:47.194374Z",
            "yes_price": 13,
            "no_price": 87,
            "taker_side": "no"
        },
        {
            "trade_id": "3a3774aa-1cfd-4187-ad3c-eb6ccabcb3bb",
            "ticker": "KXHIGHMIA-25MAR31-B82.5",
            "count": 1,
            "created_time": "2025-03-31T13:06:44.237079Z",
            "yes_price": 14,
            "no_price": 86,
            "taker_side": "no"
        },
        {
            "trade_id": "e4a6cab6-da9a-4446-978e-0ed3d8c65e15",
            "ticker": "KXHIGHMIA-25MAR31-B82.5",
            "count": 10,
            "created_time": "2025-03-31T13:04:57.944067Z",
            "yes_price": 28,
            "no_price": 72,
            "taker_side": "yes"
        },
        {
            "trade_id": "dcacbc9f-eed6-4a84-9621-238b2f459407",
            "ticker": "KXHIGHMIA-25MAR31-B82.5",
            "count": 2,
            "created_time": "2025-03-31T13:04:57.944067Z",
            "yes_price": 15,
            "no_price": 85,
            "taker_side": "yes"
        },
        {
            "trade_id": "d5d9b1bf-4fe0-474b-99f2-a47a7b89207f",
            "ticker": "KXHIGHMIA-25MAR31-B82.5",
            "count": 2,
            "created_time": "2025-03-31T13:04:57.944067Z",
            "yes_price": 13,
            "no_price": 87,
            "taker_side": "yes"
        },
        {
            "trade_id": "d5209ae0-8acd-458e-ab95-0aab7d5ec2e3",
            "ticker": "KXHIGHMIA-25MAR31-B82.5",
            "count": 1,
            "created_time": "2025-03-31T13:04:57.944067Z",
            "yes_price": 12,
            "no_price": 88,
            "taker_side": "yes"
        },
        {
            "trade_id": "90fb0738-2ca6-42fe-8cf5-4ccedd416a0e",
            "ticker": "KXHIGHMIA-25MAR31-B82.5",
            "count": 2,
            "created_time": "2025-03-31T13:04:57.944067Z",
            "yes_price": 9,
            "no_price": 91,
            "taker_side": "yes"
        },
        {
            "trade_id": "6f62f632-a4f1-417e-86c6-201ddd1bd606",
            "ticker": "KXHIGHMIA-25MAR31-B82.5",
            "count": 1,
            "created_time": "2025-03-31T13:04:57.944067Z",
            "yes_price": 14,
            "no_price": 86,
            "taker_side": "yes"
        },
        {
            "trade_id": "68e1bc4a-980e-419c-b634-72ca47eec34c",
            "ticker": "KXHIGHMIA-25MAR31-B82.5",
            "count": 19,
            "created_time": "2025-03-31T13:04:57.944067Z",
            "yes_price": 27,
            "no_price": 73,
            "taker_side": "yes"
        },
        {
            "trade_id": "3d3aaa8c-8890-48b4-8c0e-462b6a88653a",
            "ticker": "KXHIGHMIA-25MAR31-B82.5",
            "count": 1,
            "created_time": "2025-03-31T13:04:57.944067Z",
            "yes_price": 10,
            "no_price": 90,
            "taker_side": "yes"
        },
        {
            "trade_id": "33f460ea-d421-42d2-8230-f534eb75184f",
            "ticker": "KXHIGHMIA-25MAR31-B82.5",
            "count": 1,
            "created_time": "2025-03-31T13:04:57.944067Z",
            "yes_price": 8,
            "no_price": 92,
            "taker_side": "yes"
        },
        {
            "trade_id": "2b62ba6c-69b7-44f2-8918-efd17607fb1d",
            "ticker": "KXHIGHMIA-25MAR31-B82.5",
            "count": 2,
            "created_time": "2025-03-31T13:04:57.944067Z",
            "yes_price": 11,
            "no_price": 89,
            "taker_side": "yes"
        },
        {
            "trade_id": "fe1cd935-951e-45a7-8780-6b35676d8cd5",
            "ticker": "KXHIGHMIA-25MAR31-B82.5",
            "count": 10,
            "created_time": "2025-03-31T12:58:38.50931Z",
            "yes_price": 5,
            "no_price": 95,
            "taker_side": "no"
        },
        {
            "trade_id": "efd8ad91-01b7-4113-bd98-ce91c931b55c",
            "ticker": "KXHIGHMIA-25MAR31-B82.5",
            "count": 4,
            "created_time": "2025-03-31T12:58:38.50931Z",
            "yes_price": 7,
            "no_price": 93,
            "taker_side": "no"
        },
        {
            "trade_id": "c8133c37-14c3-4bad-8d8b-9a06ee4dbe11",
            "ticker": "KXHIGHMIA-25MAR31-B82.5",
            "count": 200,
            "created_time": "2025-03-31T12:58:38.50931Z",
            "yes_price": 7,
            "no_price": 93,
            "taker_side": "no"
        },
        {
            "trade_id": "abfaf393-8dc4-4820-b5f8-fe20391cd6c7",
            "ticker": "KXHIGHMIA-25MAR31-B82.5",
            "count": 280,
            "created_time": "2025-03-31T12:58:38.50931Z",
            "yes_price": 4,
            "no_price": 96,
            "taker_side": "no"
        },
        {
            "trade_id": "9df9a28f-7b70-4444-bb8c-c1230f8460a8",
            "ticker": "KXHIGHMIA-25MAR31-B82.5",
            "count": 2,
            "created_time": "2025-03-31T12:58:38.50931Z",
            "yes_price": 9,
            "no_price": 91,
            "taker_side": "no"
        },
        {
            "trade_id": "8f5492cd-9638-4768-ac80-ba17bf58f4c1",
            "ticker": "KXHIGHMIA-25MAR31-B82.5",
            "count": 1,
            "created_time": "2025-03-31T12:58:38.50931Z",
            "yes_price": 10,
            "no_price": 90,
            "taker_side": "no"
        },
        {
            "trade_id": "0bc6c6fd-1895-41e7-89be-f8fccdbb158d",
            "ticker": "KXHIGHMIA-25MAR31-B82.5",
            "count": 3,
            "created_time": "2025-03-31T12:58:38.50931Z",
            "yes_price": 8,
            "no_price": 92,
            "taker_side": "no"
        },
        {
            "trade_id": "773e6d6b-48d3-44ba-a99c-321adcc392c3",
            "ticker": "KXHIGHMIA-25MAR31-B82.5",
            "count": 4,
            "created_time": "2025-03-31T12:05:05.001695Z",
            "yes_price": 10,
            "no_price": 90,
            "taker_side": "yes"
        },
        {
            "trade_id": "f66ab034-9669-48c1-86c1-378eb58b5d68",
            "ticker": "KXHIGHMIA-25MAR31-B82.5",
            "count": 6,
            "created_time": "2025-03-31T12:05:04.800657Z",
            "yes_price": 10,
            "no_price": 90,
            "taker_side": "yes"
        },
        {
            "trade_id": "83cebcef-fa1a-4dab-8acc-be7aaf64d968",
            "ticker": "KXHIGHMIA-25MAR31-B82.5",
            "count": 3,
            "created_time": "2025-03-31T12:05:04.600036Z",
            "yes_price": 9,
            "no_price": 91,
            "taker_side": "yes"
        },
        {
            "trade_id": "7c1d3d9b-8666-4e33-9360-22ecdd6d6b20",
            "ticker": "KXHIGHMIA-25MAR31-B82.5",
            "count": 2,
            "created_time": "2025-03-31T12:04:52.536416Z",
            "yes_price": 15,
            "no_price": 85,
            "taker_side": "no"
        },
        {
            "trade_id": "13590390-bb4a-43c4-8820-dfe81c957584",
            "ticker": "KXHIGHMIA-25MAR31-B82.5",
            "count": 2,
            "created_time": "2025-03-31T12:04:52.536416Z",
            "yes_price": 15,
            "no_price": 85,
            "taker_side": "no"
        },
        {
            "trade_id": "8d8e0f93-37ee-4d39-80ed-7d79e3ad05c9",
            "ticker": "KXHIGHMIA-25MAR31-B82.5",
            "count": 2,
            "created_time": "2025-03-31T12:04:51.672445Z",
            "yes_price": 16,
            "no_price": 84,
            "taker_side": "no"
        },
        {
            "trade_id": "565f3907-1b04-46e2-b47e-d3d42e3b1cb7",
            "ticker": "KXHIGHMIA-25MAR31-B82.5",
            "count": 1,
            "created_time": "2025-03-31T12:04:50.787561Z",
            "yes_price": 17,
            "no_price": 83,
            "taker_side": "no"
        },
        {
            "trade_id": "78be8f15-1fd3-4066-95a8-9dc87657ed96",
            "ticker": "KXHIGHMIA-25MAR31-B82.5",
            "count": 2,
            "created_time": "2025-03-31T12:02:28.409777Z",
            "yes_price": 17,
            "no_price": 83,
            "taker_side": "yes"
        },
        {
            "trade_id": "6a2035d3-5bcd-4ca6-923f-647e45217476",
            "ticker": "KXHIGHMIA-25MAR31-B82.5",
            "count": 1,
            "created_time": "2025-03-31T12:02:28.210119Z",
            "yes_price": 17,
            "no_price": 83,
            "taker_side": "yes"
        },
        {
            "trade_id": "6b156301-b00b-4cf0-aade-149527a87bb6",
            "ticker": "KXHIGHMIA-25MAR31-B82.5",
            "count": 2,
            "created_time": "2025-03-31T12:02:28.005226Z",
            "yes_price": 17,
            "no_price": 83,
            "taker_side": "yes"
        },
        {
            "trade_id": "c3348818-251d-4d55-aa4a-d0b2432441d0",
            "ticker": "KXHIGHMIA-25MAR31-B82.5",
            "count": 198,
            "created_time": "2025-03-31T12:01:35.431052Z",
            "yes_price": 15,
            "no_price": 85,
            "taker_side": "no"
        },
        {
            "trade_id": "bbac1f2a-041b-4891-8064-a319f1ba538f",
            "ticker": "KXHIGHMIA-25MAR31-B82.5",
            "count": 1,
            "created_time": "2025-03-31T12:01:35.431052Z",
            "yes_price": 21,
            "no_price": 79,
            "taker_side": "no"
        },
        {
            "trade_id": "5ce4f9e4-ff72-444d-a2c0-46ffc7083b3f",
            "ticker": "KXHIGHMIA-25MAR31-B82.5",
            "count": 10,
            "created_time": "2025-03-31T12:01:35.431052Z",
            "yes_price": 16,
            "no_price": 84,
            "taker_side": "no"
        },
        {
            "trade_id": "124500bc-f541-4acc-9412-6e12d7af9c3b",
            "ticker": "KXHIGHMIA-25MAR31-B82.5",
            "count": 26,
            "created_time": "2025-03-31T12:01:35.431052Z",
            "yes_price": 20,
            "no_price": 80,
            "taker_side": "no"
        },
        {
            "trade_id": "999e3747-3739-473b-afb0-576adc1d96ab",
            "ticker": "KXHIGHMIA-25MAR31-B82.5",
            "count": 1,
            "created_time": "2025-03-31T12:00:52.859937Z",
            "yes_price": 21,
            "no_price": 79,
            "taker_side": "no"
        },
        {
            "trade_id": "dc1a1faf-2a70-4c17-883a-aa664d735eca",
            "ticker": "KXHIGHMIA-25MAR31-B82.5",
            "count": 1,
            "created_time": "2025-03-31T12:00:52.154369Z",
            "yes_price": 21,
            "no_price": 79,
            "taker_side": "no"
        },
        {
            "trade_id": "174bcf2b-d2df-4f06-b4be-95a1220b53d7",
            "ticker": "KXHIGHMIA-25MAR31-B82.5",
            "count": 1,
            "created_time": "2025-03-31T12:00:52.013774Z",
            "yes_price": 21,
            "no_price": 79,
            "taker_side": "no"
        },
        {
            "trade_id": "d4da1f32-72c8-436b-8481-9dbb5912fdf5",
            "ticker": "KXHIGHMIA-25MAR31-B82.5",
            "count": 1,
            "created_time": "2025-03-31T12:00:51.170286Z",
            "yes_price": 21,
            "no_price": 79,
            "taker_side": "no"
        },
        {
            "trade_id": "e018f25d-2bce-4c7c-aef2-610bda321afe",
            "ticker": "KXHIGHMIA-25MAR31-B82.5",
            "count": 1,
            "created_time": "2025-03-31T12:00:50.313811Z",
            "yes_price": 21,
            "no_price": 79,
            "taker_side": "no"
        },
        {
            "trade_id": "6386f20d-8f61-4c76-a438-8587c77b7415",
            "ticker": "KXHIGHMIA-25MAR31-B82.5",
            "count": 1,
            "created_time": "2025-03-31T06:45:15.547824Z",
            "yes_price": 26,
            "no_price": 74,
            "taker_side": "no"
        },
        {
            "trade_id": "f0c7a39e-bca0-4e21-8a8a-752be77a4ea8",
            "ticker": "KXHIGHMIA-25MAR31-B82.5",
            "count": 12,
            "created_time": "2025-03-31T06:42:18.559321Z",
            "yes_price": 26,
            "no_price": 74,
            "taker_side": "no"
        },
        {
            "trade_id": "b0c13b3f-891c-448e-98dc-923163b77f9e",
            "ticker": "KXHIGHMIA-25MAR31-B82.5",
            "count": 28,
            "created_time": "2025-03-31T06:42:18.256651Z",
            "yes_price": 26,
            "no_price": 74,
            "taker_side": "no"
        },
        {
            "trade_id": "9e29ab30-efa7-47c7-9eca-f4c1fff45bc8",
            "ticker": "KXHIGHMIA-25MAR31-B82.5",
            "count": 47,
            "created_time": "2025-03-31T06:35:14.454019Z",
            "yes_price": 26,
            "no_price": 74,
            "taker_side": "no"
        },
        {
            "trade_id": "f15f5932-d89a-4de8-beb6-6661c3bdcd10",
            "ticker": "KXHIGHMIA-25MAR31-B82.5",
            "count": 1,
            "created_time": "2025-03-31T06:35:01.540972Z",
            "yes_price": 29,
            "no_price": 71,
            "taker_side": "no"
        },
        {
            "trade_id": "9c67f5c6-8f10-441d-ba5d-6969910e7b6b",
            "ticker": "KXHIGHMIA-25MAR31-B82.5",
            "count": 1,
            "created_time": "2025-03-31T06:35:01.540972Z",
            "yes_price": 27,
            "no_price": 73,
            "taker_side": "no"
        },
        {
            "trade_id": "271e1e6c-59da-487e-b05f-9273eeacfd37",
            "ticker": "KXHIGHMIA-25MAR31-B82.5",
            "count": 1,
            "created_time": "2025-03-31T06:35:01.540972Z",
            "yes_price": 30,
            "no_price": 70,
            "taker_side": "no"
        },
        {
            "trade_id": "08a5af9a-0aee-4ac7-a61a-1a408727b449",
            "ticker": "KXHIGHMIA-25MAR31-B82.5",
            "count": 1,
            "created_time": "2025-03-31T06:35:01.540972Z",
            "yes_price": 28,
            "no_price": 72,
            "taker_side": "no"
        },
        {
            "trade_id": "e01994ef-1ac8-493a-8174-ea0d19952fe8",
            "ticker": "KXHIGHMIA-25MAR31-B82.5",
            "count": 1,
            "created_time": "2025-03-31T05:55:58.965937Z",
            "yes_price": 29,
            "no_price": 71,
            "taker_side": "yes"
        },
        {
            "trade_id": "81c15f11-4cb0-47d6-a37a-7ed499eaf0eb",
            "ticker": "KXHIGHMIA-25MAR31-B82.5",
            "count": 11,
            "created_time": "2025-03-31T05:55:58.965937Z",
            "yes_price": 29,
            "no_price": 71,
            "taker_side": "yes"
        },
        {
            "trade_id": "72859d83-d42c-46b5-8ddd-25a2172e97a0",
            "ticker": "KXHIGHMIA-25MAR31-B82.5",
            "count": 2,
            "created_time": "2025-03-31T05:55:58.965937Z",
            "yes_price": 28,
            "no_price": 72,
            "taker_side": "yes"
        },
        {
            "trade_id": "51b33b5d-2ebb-4401-a594-42030abfdfc3",
            "ticker": "KXHIGHMIA-25MAR31-B82.5",
            "count": 2,
            "created_time": "2025-03-31T05:55:58.965937Z",
            "yes_price": 27,
            "no_price": 73,
            "taker_side": "yes"
        },
        {
            "trade_id": "41b0f296-b909-4023-b582-bdcb080a8b39",
            "ticker": "KXHIGHMIA-25MAR31-B82.5",
            "count": 10,
            "created_time": "2025-03-31T05:45:15.678114Z",
            "yes_price": 26,
            "no_price": 74,
            "taker_side": "no"
        },
        {
            "trade_id": "89b8ed04-6ecc-460a-aa33-defd10476723",
            "ticker": "KXHIGHMIA-25MAR31-B82.5",
            "count": 1,
            "created_time": "2025-03-31T05:42:56.46424Z",
            "yes_price": 26,
            "no_price": 74,
            "taker_side": "no"
        },
        {
            "trade_id": "a41c42c7-e877-487f-8985-96b1e9a98019",
            "ticker": "KXHIGHMIA-25MAR31-B82.5",
            "count": 63,
            "created_time": "2025-03-31T05:42:20.607817Z",
            "yes_price": 26,
            "no_price": 74,
            "taker_side": "no"
        },
        {
            "trade_id": "3367ef55-863c-469b-b852-5ecaa5d1daa5",
            "ticker": "KXHIGHMIA-25MAR31-B82.5",
            "count": 4,
            "created_time": "2025-03-31T05:02:55.964981Z",
            "yes_price": 26,
            "no_price": 74,
            "taker_side": "no"
        },
        {
            "trade_id": "86754939-8bd7-48b0-8e7a-8e207c34401e",
            "ticker": "KXHIGHMIA-25MAR31-B82.5",
            "count": 2,
            "created_time": "2025-03-31T04:54:20.74773Z",
            "yes_price": 25,
            "no_price": 75,
            "taker_side": "yes"
        },
        {
            "trade_id": "3113552f-0585-4faa-bc78-37d11524659d",
            "ticker": "KXHIGHMIA-25MAR31-B82.5",
            "count": 1,
            "created_time": "2025-03-31T04:54:20.74773Z",
            "yes_price": 26,
            "no_price": 74,
            "taker_side": "yes"
        },
        {
            "trade_id": "283e91ec-48c5-45b2-a089-6631c5241198",
            "ticker": "KXHIGHMIA-25MAR31-B82.5",
            "count": 10,
            "created_time": "2025-03-31T04:54:20.74773Z",
            "yes_price": 26,
            "no_price": 74,
            "taker_side": "yes"
        },
        {
            "trade_id": "991c5548-8aba-4973-88b4-553554a7db3a",
            "ticker": "KXHIGHMIA-25MAR31-B82.5",
            "count": 1,
            "created_time": "2025-03-31T04:54:20.687405Z",
            "yes_price": 23,
            "no_price": 77,
            "taker_side": "yes"
        },
        {
            "trade_id": "898169a7-145d-4333-8471-acd72bdc7840",
            "ticker": "KXHIGHMIA-25MAR31-B82.5",
            "count": 1,
            "created_time": "2025-03-31T04:54:20.687405Z",
            "yes_price": 24,
            "no_price": 76,
            "taker_side": "yes"
        },
        {
            "trade_id": "93c061b9-032b-4d65-8dbd-0c33e6b77a55",
            "ticker": "KXHIGHMIA-25MAR31-B82.5",
            "count": 1,
            "created_time": "2025-03-31T04:51:14.437628Z",
            "yes_price": 22,
            "no_price": 78,
            "taker_side": "yes"
        },
        {
            "trade_id": "357870b5-39d9-43c5-928d-502d1907e73a",
            "ticker": "KXHIGHMIA-25MAR31-B82.5",
            "count": 2,
            "created_time": "2025-03-31T04:34:40.966425Z",
            "yes_price": 21,
            "no_price": 79,
            "taker_side": "no"
        },
        {
            "trade_id": "e2c22d43-4ed5-49bb-b079-cfb51ea061cf",
            "ticker": "KXHIGHMIA-25MAR31-B82.5",
            "count": 1,
            "created_time": "2025-03-31T04:34:32.705344Z",
            "yes_price": 22,
            "no_price": 78,
            "taker_side": "no"
        },
        {
            "trade_id": "e376b6f7-5ea1-4a81-aff5-da0386dc3895",
            "ticker": "KXHIGHMIA-25MAR31-B82.5",
            "count": 1,
            "created_time": "2025-03-31T04:34:23.084821Z",
            "yes_price": 23,
            "no_price": 77,
            "taker_side": "no"
        },
        {
            "trade_id": "b7fecfd7-8d21-4508-a6f4-c556721557d6",
            "ticker": "KXHIGHMIA-25MAR31-B82.5",
            "count": 1,
            "created_time": "2025-03-31T04:34:13.590025Z",
            "yes_price": 24,
            "no_price": 76,
            "taker_side": "no"
        },
        {
            "trade_id": "9f53affb-2149-404e-801a-b6cdcb243d3a",
            "ticker": "KXHIGHMIA-25MAR31-B82.5",
            "count": 13,
            "created_time": "2025-03-31T04:29:34.362011Z",
            "yes_price": 22,
            "no_price": 78,
            "taker_side": "yes"
        },
        {
            "trade_id": "a37ae0a7-cd6c-4455-bcbd-9408a402bf84",
            "ticker": "KXHIGHMIA-25MAR31-B82.5",
            "count": 14,
            "created_time": "2025-03-31T03:32:33.33915Z",
            "yes_price": 25,
            "no_price": 75,
            "taker_side": "yes"
        },
        {
            "trade_id": "f9e87f43-f0e6-46a6-b64a-a4a64e2dca44",
            "ticker": "KXHIGHMIA-25MAR31-B82.5",
            "count": 7,
            "created_time": "2025-03-31T03:12:19.663943Z",
            "yes_price": 31,
            "no_price": 69,
            "taker_side": "no"
        },
        {
            "trade_id": "8ccfc877-3d90-4c9e-bd51-83ed4a36ae96",
            "ticker": "KXHIGHMIA-25MAR31-B82.5",
            "count": 41,
            "created_time": "2025-03-31T03:12:19.547962Z",
            "yes_price": 31,
            "no_price": 69,
            "taker_side": "yes"
        },
        {
            "trade_id": "9a554864-3add-4700-88e0-3c4a69f72c47",
            "ticker": "KXHIGHMIA-25MAR31-B82.5",
            "count": 91,
            "created_time": "2025-03-31T02:18:49.489973Z",
            "yes_price": 32,
            "no_price": 68,
            "taker_side": "yes"
        },
        {
            "trade_id": "2d48be8f-bc9f-45a4-a8d6-8aee2957315e",
            "ticker": "KXHIGHMIA-25MAR31-B82.5",
            "count": 13,
            "created_time": "2025-03-31T02:08:31.911653Z",
            "yes_price": 35,
            "no_price": 65,
            "taker_side": "yes"
        },
        {
            "trade_id": "68fc6752-b5fd-477f-8be5-50a826979cc8",
            "ticker": "KXHIGHMIA-25MAR31-B82.5",
            "count": 41,
            "created_time": "2025-03-31T01:12:21.066085Z",
            "yes_price": 30,
            "no_price": 70,
            "taker_side": "yes"
        },
        {
            "trade_id": "59688e33-2bdf-4c11-ae8b-7b23037609af",
            "ticker": "KXHIGHMIA-25MAR31-B82.5",
            "count": 48,
            "created_time": "2025-03-30T23:03:18.25944Z",
            "yes_price": 24,
            "no_price": 76,
            "taker_side": "yes"
        },
        {
            "trade_id": "5701fc25-c93d-4c3f-94a8-55c79938cc20",
            "ticker": "KXHIGHMIA-25MAR31-B82.5",
            "count": 22,
            "created_time": "2025-03-30T23:03:18.25944Z",
            "yes_price": 22,
            "no_price": 78,
            "taker_side": "yes"
        },
        {
            "trade_id": "bb7d7cb2-0d2e-4173-bbb0-879a806fb791",
            "ticker": "KXHIGHMIA-25MAR31-B82.5",
            "count": 18,
            "created_time": "2025-03-30T22:07:36.062165Z",
            "yes_price": 17,
            "no_price": 83,
            "taker_side": "no"
        },
        {
            "trade_id": "3f52c759-e356-4174-a8a9-ebd39d0bf806",
            "ticker": "KXHIGHMIA-25MAR31-B82.5",
            "count": 7,
            "created_time": "2025-03-30T22:07:36.062165Z",
            "yes_price": 19,
            "no_price": 81,
            "taker_side": "no"
        },
        {
            "trade_id": "e3d72f23-e7c4-44bc-94b2-04aebaf03d1c",
            "ticker": "KXHIGHMIA-25MAR31-B82.5",
            "count": 120,
            "created_time": "2025-03-30T20:10:57.408467Z",
            "yes_price": 27,
            "no_price": 73,
            "taker_side": "yes"
        },
        {
            "trade_id": "c7e08c15-d6d5-419d-aaf6-d21b0a5d396c",
            "ticker": "KXHIGHMIA-25MAR31-B82.5",
            "count": 18,
            "created_time": "2025-03-30T20:10:57.408467Z",
            "yes_price": 26,
            "no_price": 74,
            "taker_side": "yes"
        },
        {
            "trade_id": "4ef6daae-5da8-4d60-bec3-d82a1db831f2",
            "ticker": "KXHIGHMIA-25MAR31-B82.5",
            "count": 12,
            "created_time": "2025-03-30T20:10:57.408467Z",
            "yes_price": 27,
            "no_price": 73,
            "taker_side": "yes"
        },
        {
            "trade_id": "205b028b-605b-4e68-934f-b92213bf0289",
            "ticker": "KXHIGHMIA-25MAR31-B82.5",
            "count": 29,
            "created_time": "2025-03-30T20:10:57.408467Z",
            "yes_price": 25,
            "no_price": 75,
            "taker_side": "yes"
        },
        {
            "trade_id": "68bcb328-3fb7-4b4b-8818-be57914edf45",
            "ticker": "KXHIGHMIA-25MAR31-B82.5",
            "count": 13,
            "created_time": "2025-03-30T19:41:28.402264Z",
            "yes_price": 20,
            "no_price": 80,
            "taker_side": "yes"
        },
        {
            "trade_id": "3cbb93e1-bc89-47a4-a490-bdd84833a08b",
            "ticker": "KXHIGHMIA-25MAR31-B82.5",
            "count": 12,
            "created_time": "2025-03-30T19:41:28.402264Z",
            "yes_price": 20,
            "no_price": 80,
            "taker_side": "yes"
        },
        {
            "trade_id": "a81bb5bb-1a4e-49df-b3fd-d4a5fe5f5b7e",
            "ticker": "KXHIGHMIA-25MAR31-B82.5",
            "count": 12,
            "created_time": "2025-03-30T18:51:21.153609Z",
            "yes_price": 24,
            "no_price": 76,
            "taker_side": "yes"
        },
        {
            "trade_id": "e4cc9be4-765e-4937-a225-a368286dcabd",
            "ticker": "KXHIGHMIA-25MAR31-B82.5",
            "count": 56,
            "created_time": "2025-03-30T17:56:12.570198Z",
            "yes_price": 19,
            "no_price": 81,
            "taker_side": "yes"
        },
        {
            "trade_id": "bfb09533-3e0b-4ab0-aba9-ea57dfa698d2",
            "ticker": "KXHIGHMIA-25MAR31-B82.5",
            "count": 11,
            "created_time": "2025-03-30T17:56:12.570198Z",
            "yes_price": 21,
            "no_price": 79,
            "taker_side": "yes"
        },
        {
            "trade_id": "a7e20a3a-5477-40db-89f9-ae0a476d7810",
            "ticker": "KXHIGHMIA-25MAR31-B82.5",
            "count": 81,
            "created_time": "2025-03-30T17:56:12.570198Z",
            "yes_price": 21,
            "no_price": 79,
            "taker_side": "yes"
        },
        {
            "trade_id": "a273d891-d685-4961-8c7f-29f24670c732",
            "ticker": "KXHIGHMIA-25MAR31-B82.5",
            "count": 47,
            "created_time": "2025-03-30T17:56:12.570198Z",
            "yes_price": 21,
            "no_price": 79,
            "taker_side": "yes"
        },
        {
            "trade_id": "629e4560-38aa-4578-bfde-3c2110918b8e",
            "ticker": "KXHIGHMIA-25MAR31-B82.5",
            "count": 184,
            "created_time": "2025-03-30T17:56:12.570198Z",
            "yes_price": 19,
            "no_price": 81,
            "taker_side": "yes"
        },
        {
            "trade_id": "0acf30d1-4f26-44ac-8fb5-7f93b8e06af7",
            "ticker": "KXHIGHMIA-25MAR31-B82.5",
            "count": 5,
            "created_time": "2025-03-30T17:56:12.570198Z",
            "yes_price": 18,
            "no_price": 82,
            "taker_side": "yes"
        },
        {
            "trade_id": "04826196-adde-44b8-b374-124d99ef71ed",
            "ticker": "KXHIGHMIA-25MAR31-B82.5",
            "count": 116,
            "created_time": "2025-03-30T17:56:12.570198Z",
            "yes_price": 17,
            "no_price": 83,
            "taker_side": "yes"
        },
        {
            "trade_id": "44b8a96b-5aa8-4c40-9b3d-07d988fd5199",
            "ticker": "KXHIGHMIA-25MAR31-B82.5",
            "count": 10,
            "created_time": "2025-03-30T15:42:18.11904Z",
            "yes_price": 19,
            "no_price": 81,
            "taker_side": "yes"
        },
        {
            "trade_id": "6242f158-9977-464a-919a-e593490a7ee5",
            "ticker": "KXHIGHMIA-25MAR31-B82.5",
            "count": 6,
            "created_time": "2025-03-30T15:00:33.363284Z",
            "yes_price": 26,
            "no_price": 74,
            "taker_side": "yes"
        },
        {
            "trade_id": "28f74a5f-ab86-4bc4-917d-0d884398109a",
            "ticker": "KXHIGHMIA-25MAR31-B82.5",
            "count": 5,
            "created_time": "2025-03-30T15:00:33.363284Z",
            "yes_price": 26,
            "no_price": 74,
            "taker_side": "yes"
        },
        {
            "trade_id": "2a488f2d-6c6c-4882-a142-4992becaca2b",
            "ticker": "KXHIGHMIA-25MAR31-B82.5",
            "count": 10,
            "created_time": "2025-03-30T14:57:16.778557Z",
            "yes_price": 17,
            "no_price": 83,
            "taker_side": "yes"
        },
        {
            "trade_id": "578d5640-8a07-4640-b7fd-1c8dcdf44b63",
            "ticker": "KXHIGHMIA-25MAR31-B82.5",
            "count": 10,
            "created_time": "2025-03-30T14:12:23.758771Z",
            "yes_price": 15,
            "no_price": 85,
            "taker_side": "yes"
        }
    ],
    "KXHIGHMIA-25MAR31-B84.5": [
        {
            "trade_id": "b0e734f9-4056-4a24-9b90-6ce2d5beb3b6",
            "ticker": "KXHIGHMIA-25MAR31-B84.5",
            "count": 4,
            "created_time": "2025-03-31T19:06:25.092829Z",
            "yes_price": 1,
            "no_price": 99,
            "taker_side": "yes"
        },
        {
            "trade_id": "b04d9c67-6004-4672-b236-8f0513fe870a",
            "ticker": "KXHIGHMIA-25MAR31-B84.5",
            "count": 50,
            "created_time": "2025-03-31T19:05:52.295997Z",
            "yes_price": 1,
            "no_price": 99,
            "taker_side": "yes"
        },
        {
            "trade_id": "9ecf7c41-0f13-4b1e-a920-550a717a0b56",
            "ticker": "KXHIGHMIA-25MAR31-B84.5",
            "count": 483,
            "created_time": "2025-03-31T18:00:33.690982Z",
            "yes_price": 1,
            "no_price": 99,
            "taker_side": "yes"
        },
        {
            "trade_id": "53ad9751-fc79-4a04-9985-e19a851eaa15",
            "ticker": "KXHIGHMIA-25MAR31-B84.5",
            "count": 1499,
            "created_time": "2025-03-31T17:52:16.42746Z",
            "yes_price": 1,
            "no_price": 99,
            "taker_side": "yes"
        },
        {
            "trade_id": "c9281464-9d7e-4b57-a05d-1baaf325d6b1",
            "ticker": "KXHIGHMIA-25MAR31-B84.5",
            "count": 139,
            "created_time": "2025-03-31T17:38:01.389542Z",
            "yes_price": 1,
            "no_price": 99,
            "taker_side": "yes"
        },
        {
            "trade_id": "3ff8d1ee-9375-4e30-95b0-8bb097676dce",
            "ticker": "KXHIGHMIA-25MAR31-B84.5",
            "count": 16,
            "created_time": "2025-03-31T17:28:12.115501Z",
            "yes_price": 1,
            "no_price": 99,
            "taker_side": "yes"
        },
        {
            "trade_id": "e552c8d2-9036-4972-a3aa-75ba592f2d85",
            "ticker": "KXHIGHMIA-25MAR31-B84.5",
            "count": 42,
            "created_time": "2025-03-31T17:05:41.550201Z",
            "yes_price": 1,
            "no_price": 99,
            "taker_side": "yes"
        },
        {
            "trade_id": "3514a51d-2292-4f05-ad6d-ed3df10adb12",
            "ticker": "KXHIGHMIA-25MAR31-B84.5",
            "count": 50,
            "created_time": "2025-03-31T17:00:51.328504Z",
            "yes_price": 1,
            "no_price": 99,
            "taker_side": "yes"
        },
        {
            "trade_id": "9edfe242-53e3-406d-bc46-53a8c51e22a3",
            "ticker": "KXHIGHMIA-25MAR31-B84.5",
            "count": 193,
            "created_time": "2025-03-31T16:57:07.800221Z",
            "yes_price": 1,
            "no_price": 99,
            "taker_side": "yes"
        },
        {
            "trade_id": "e7810514-4711-45ac-bed6-447a79967462",
            "ticker": "KXHIGHMIA-25MAR31-B84.5",
            "count": 50,
            "created_time": "2025-03-31T16:55:37.48155Z",
            "yes_price": 1,
            "no_price": 99,
            "taker_side": "yes"
        },
        {
            "trade_id": "aecff2c1-ff51-466c-afe8-b630d90ca79a",
            "ticker": "KXHIGHMIA-25MAR31-B84.5",
            "count": 100,
            "created_time": "2025-03-31T16:55:36.811489Z",
            "yes_price": 1,
            "no_price": 99,
            "taker_side": "yes"
        },
        {
            "trade_id": "658ed7b4-e05b-435c-856a-51aa5a877d46",
            "ticker": "KXHIGHMIA-25MAR31-B84.5",
            "count": 36,
            "created_time": "2025-03-31T16:55:36.483859Z",
            "yes_price": 1,
            "no_price": 99,
            "taker_side": "yes"
        },
        {
            "trade_id": "3cc47459-5d17-4fe7-88e4-e3885de07312",
            "ticker": "KXHIGHMIA-25MAR31-B84.5",
            "count": 428,
            "created_time": "2025-03-31T16:52:05.242469Z",
            "yes_price": 1,
            "no_price": 99,
            "taker_side": "yes"
        },
        {
            "trade_id": "fad2bfdf-7798-47d0-bf6a-8cba2119489d",
            "ticker": "KXHIGHMIA-25MAR31-B84.5",
            "count": 50,
            "created_time": "2025-03-31T16:52:05.166009Z",
            "yes_price": 8,
            "no_price": 92,
            "taker_side": "no"
        },
        {
            "trade_id": "f09ea596-2e0b-47b4-b51a-dd1cb9b917cd",
            "ticker": "KXHIGHMIA-25MAR31-B84.5",
            "count": 10,
            "created_time": "2025-03-31T16:52:05.166009Z",
            "yes_price": 11,
            "no_price": 89,
            "taker_side": "no"
        },
        {
            "trade_id": "eeaf0989-1ebd-42f6-9003-bc2733fb719e",
            "ticker": "KXHIGHMIA-25MAR31-B84.5",
            "count": 2,
            "created_time": "2025-03-31T16:52:05.166009Z",
            "yes_price": 9,
            "no_price": 91,
            "taker_side": "no"
        },
        {
            "trade_id": "d98b1a1e-c243-4574-8105-6df096eda0bd",
            "ticker": "KXHIGHMIA-25MAR31-B84.5",
            "count": 19,
            "created_time": "2025-03-31T16:52:05.166009Z",
            "yes_price": 10,
            "no_price": 90,
            "taker_side": "no"
        },
        {
            "trade_id": "b85fa475-84cb-4ab4-9547-c0a1517bc028",
            "ticker": "KXHIGHMIA-25MAR31-B84.5",
            "count": 15,
            "created_time": "2025-03-31T16:52:05.166009Z",
            "yes_price": 5,
            "no_price": 95,
            "taker_side": "no"
        },
        {
            "trade_id": "a395dbdd-b8a5-4fdd-a090-f1f20c5f4d04",
            "ticker": "KXHIGHMIA-25MAR31-B84.5",
            "count": 19,
            "created_time": "2025-03-31T16:52:05.166009Z",
            "yes_price": 12,
            "no_price": 88,
            "taker_side": "no"
        },
        {
            "trade_id": "8bcf2cea-7efe-4bca-a3a1-afb324e9f44a",
            "ticker": "KXHIGHMIA-25MAR31-B84.5",
            "count": 20,
            "created_time": "2025-03-31T16:52:05.166009Z",
            "yes_price": 11,
            "no_price": 89,
            "taker_side": "no"
        },
        {
            "trade_id": "7a02871f-cc9a-4716-8372-ca2a8fd107e9",
            "ticker": "KXHIGHMIA-25MAR31-B84.5",
            "count": 400,
            "created_time": "2025-03-31T16:52:05.166009Z",
            "yes_price": 9,
            "no_price": 91,
            "taker_side": "no"
        },
        {
            "trade_id": "62d4f630-92c5-4402-877a-27a7ec3f5a0c",
            "ticker": "KXHIGHMIA-25MAR31-B84.5",
            "count": 200,
            "created_time": "2025-03-31T16:52:05.166009Z",
            "yes_price": 20,
            "no_price": 80,
            "taker_side": "no"
        },
        {
            "trade_id": "5b337b6c-a40c-4174-ab31-46dce8a18f11",
            "ticker": "KXHIGHMIA-25MAR31-B84.5",
            "count": 50,
            "created_time": "2025-03-31T16:52:05.166009Z",
            "yes_price": 23,
            "no_price": 77,
            "taker_side": "no"
        },
        {
            "trade_id": "4cdfa0a4-7277-4655-9003-ffa994afe30c",
            "ticker": "KXHIGHMIA-25MAR31-B84.5",
            "count": 150,
            "created_time": "2025-03-31T16:52:05.166009Z",
            "yes_price": 1,
            "no_price": 99,
            "taker_side": "no"
        },
        {
            "trade_id": "49c373da-42b3-4cd4-917f-a50c8dcf4b4a",
            "ticker": "KXHIGHMIA-25MAR31-B84.5",
            "count": 50,
            "created_time": "2025-03-31T16:52:05.166009Z",
            "yes_price": 8,
            "no_price": 92,
            "taker_side": "no"
        },
        {
            "trade_id": "44758766-e6f6-46d8-b99b-20c5fbc3ea50",
            "ticker": "KXHIGHMIA-25MAR31-B84.5",
            "count": 80,
            "created_time": "2025-03-31T16:52:05.166009Z",
            "yes_price": 9,
            "no_price": 91,
            "taker_side": "no"
        },
        {
            "trade_id": "d77ced9b-d7e4-4fe8-ba27-84420f3f9c67",
            "ticker": "KXHIGHMIA-25MAR31-B84.5",
            "count": 1,
            "created_time": "2025-03-31T16:50:44.950177Z",
            "yes_price": 39,
            "no_price": 61,
            "taker_side": "yes"
        },
        {
            "trade_id": "d5b0afd2-4d84-4205-96d5-da3560fa10bc",
            "ticker": "KXHIGHMIA-25MAR31-B84.5",
            "count": 12,
            "created_time": "2025-03-31T16:50:44.950177Z",
            "yes_price": 37,
            "no_price": 63,
            "taker_side": "yes"
        },
        {
            "trade_id": "52a26cf5-1e4b-40d3-9747-97cb1f61209a",
            "ticker": "KXHIGHMIA-25MAR31-B84.5",
            "count": 50,
            "created_time": "2025-03-31T16:50:38.661352Z",
            "yes_price": 24,
            "no_price": 76,
            "taker_side": "no"
        },
        {
            "trade_id": "19a3275f-d4e2-4eff-a48f-a778003de01e",
            "ticker": "KXHIGHMIA-25MAR31-B84.5",
            "count": 75,
            "created_time": "2025-03-31T16:50:19.063192Z",
            "yes_price": 26,
            "no_price": 74,
            "taker_side": "no"
        },
        {
            "trade_id": "7e3d2d3a-fb65-47bc-94ca-c089f6a5a8c1",
            "ticker": "KXHIGHMIA-25MAR31-B84.5",
            "count": 299,
            "created_time": "2025-03-31T16:49:28.630668Z",
            "yes_price": 27,
            "no_price": 73,
            "taker_side": "no"
        },
        {
            "trade_id": "05af3710-58ca-4a07-9177-7d0c6b61ff18",
            "ticker": "KXHIGHMIA-25MAR31-B84.5",
            "count": 2,
            "created_time": "2025-03-31T16:49:28.630668Z",
            "yes_price": 24,
            "no_price": 76,
            "taker_side": "no"
        },
        {
            "trade_id": "02a13c39-98f3-4eea-a23c-2bd1d1156e6d",
            "ticker": "KXHIGHMIA-25MAR31-B84.5",
            "count": 47,
            "created_time": "2025-03-31T16:49:28.630668Z",
            "yes_price": 27,
            "no_price": 73,
            "taker_side": "no"
        },
        {
            "trade_id": "77e4d9dc-0b4e-471f-bdbc-ada3238c9f38",
            "ticker": "KXHIGHMIA-25MAR31-B84.5",
            "count": 63,
            "created_time": "2025-03-31T16:49:16.609928Z",
            "yes_price": 29,
            "no_price": 71,
            "taker_side": "no"
        },
        {
            "trade_id": "67efcbc2-b5da-4bbd-8781-fc09f06d9fb1",
            "ticker": "KXHIGHMIA-25MAR31-B84.5",
            "count": 236,
            "created_time": "2025-03-31T16:49:16.609928Z",
            "yes_price": 28,
            "no_price": 72,
            "taker_side": "no"
        },
        {
            "trade_id": "29a0f6e3-bb4b-4421-af9c-c66864a0225d",
            "ticker": "KXHIGHMIA-25MAR31-B84.5",
            "count": 299,
            "created_time": "2025-03-31T16:49:05.060568Z",
            "yes_price": 30,
            "no_price": 70,
            "taker_side": "no"
        },
        {
            "trade_id": "dd4042ae-f27d-4b0b-a6a1-3a9403895336",
            "ticker": "KXHIGHMIA-25MAR31-B84.5",
            "count": 44,
            "created_time": "2025-03-31T16:44:01.705067Z",
            "yes_price": 30,
            "no_price": 70,
            "taker_side": "no"
        },
        {
            "trade_id": "f60040ea-8c8c-4e02-91fd-3f8a50aa6f92",
            "ticker": "KXHIGHMIA-25MAR31-B84.5",
            "count": 38,
            "created_time": "2025-03-31T16:39:18.360518Z",
            "yes_price": 39,
            "no_price": 61,
            "taker_side": "no"
        },
        {
            "trade_id": "8881d3ea-74cd-4f50-93d1-f30ddd44d1d7",
            "ticker": "KXHIGHMIA-25MAR31-B84.5",
            "count": 291,
            "created_time": "2025-03-31T16:39:18.360518Z",
            "yes_price": 34,
            "no_price": 66,
            "taker_side": "no"
        },
        {
            "trade_id": "1af20eb7-0d04-41cd-bbe8-4e51c9adad0f",
            "ticker": "KXHIGHMIA-25MAR31-B84.5",
            "count": 10,
            "created_time": "2025-03-31T16:39:18.360518Z",
            "yes_price": 35,
            "no_price": 65,
            "taker_side": "no"
        },
        {
            "trade_id": "e075d407-bc4c-492a-ad03-a75cbe834cb6",
            "ticker": "KXHIGHMIA-25MAR31-B84.5",
            "count": 22,
            "created_time": "2025-03-31T16:37:40.149113Z",
            "yes_price": 49,
            "no_price": 51,
            "taker_side": "yes"
        },
        {
            "trade_id": "a3eaeac6-e799-488e-965b-3830f0bc6cf1",
            "ticker": "KXHIGHMIA-25MAR31-B84.5",
            "count": 28,
            "created_time": "2025-03-31T16:37:40.149113Z",
            "yes_price": 48,
            "no_price": 52,
            "taker_side": "yes"
        },
        {
            "trade_id": "ae306758-4554-453f-9eaa-85a723a1c8d7",
            "ticker": "KXHIGHMIA-25MAR31-B84.5",
            "count": 4,
            "created_time": "2025-03-31T16:35:39.086404Z",
            "yes_price": 48,
            "no_price": 52,
            "taker_side": "yes"
        },
        {
            "trade_id": "3a15c40f-915e-48fa-b8a6-f330515b3fb0",
            "ticker": "KXHIGHMIA-25MAR31-B84.5",
            "count": 10,
            "created_time": "2025-03-31T16:34:50.81369Z",
            "yes_price": 48,
            "no_price": 52,
            "taker_side": "yes"
        },
        {
            "trade_id": "789e8b10-d1a1-4e14-acd9-0dc15d180089",
            "ticker": "KXHIGHMIA-25MAR31-B84.5",
            "count": 12,
            "created_time": "2025-03-31T16:28:20.260237Z",
            "yes_price": 40,
            "no_price": 60,
            "taker_side": "yes"
        },
        {
            "trade_id": "2e9f30c5-99c5-4490-8374-586d1c12973d",
            "ticker": "KXHIGHMIA-25MAR31-B84.5",
            "count": 11,
            "created_time": "2025-03-31T16:25:54.958767Z",
            "yes_price": 41,
            "no_price": 59,
            "taker_side": "yes"
        },
        {
            "trade_id": "605b4449-44ce-4874-ae09-9ce611311da8",
            "ticker": "KXHIGHMIA-25MAR31-B84.5",
            "count": 11,
            "created_time": "2025-03-31T16:15:47.293691Z",
            "yes_price": 26,
            "no_price": 74,
            "taker_side": "no"
        },
        {
            "trade_id": "1b1a5064-2453-4730-9c60-eb703de503ac",
            "ticker": "KXHIGHMIA-25MAR31-B84.5",
            "count": 50,
            "created_time": "2025-03-31T16:09:14.829289Z",
            "yes_price": 41,
            "no_price": 59,
            "taker_side": "yes"
        },
        {
            "trade_id": "91659aac-4153-4940-97dd-36c830e1f557",
            "ticker": "KXHIGHMIA-25MAR31-B84.5",
            "count": 50,
            "created_time": "2025-03-31T16:08:51.423103Z",
            "yes_price": 41,
            "no_price": 59,
            "taker_side": "yes"
        },
        {
            "trade_id": "6f2201f3-dabd-4d16-841e-ce702fbc5fbf",
            "ticker": "KXHIGHMIA-25MAR31-B84.5",
            "count": 50,
            "created_time": "2025-03-31T16:08:31.594559Z",
            "yes_price": 41,
            "no_price": 59,
            "taker_side": "yes"
        },
        {
            "trade_id": "c81eadcd-2f34-41c5-b765-5e090142d73a",
            "ticker": "KXHIGHMIA-25MAR31-B84.5",
            "count": 48,
            "created_time": "2025-03-31T16:07:12.170331Z",
            "yes_price": 40,
            "no_price": 60,
            "taker_side": "yes"
        },
        {
            "trade_id": "dd1b53b8-faaf-4076-907e-18c5a506fe47",
            "ticker": "KXHIGHMIA-25MAR31-B84.5",
            "count": 48,
            "created_time": "2025-03-31T16:06:42.480631Z",
            "yes_price": 40,
            "no_price": 60,
            "taker_side": "yes"
        },
        {
            "trade_id": "26a544fb-0515-4984-88f1-1336b200347f",
            "ticker": "KXHIGHMIA-25MAR31-B84.5",
            "count": 48,
            "created_time": "2025-03-31T16:05:46.985466Z",
            "yes_price": 40,
            "no_price": 60,
            "taker_side": "yes"
        },
        {
            "trade_id": "be937632-daf9-4c85-a812-5e863f9c633d",
            "ticker": "KXHIGHMIA-25MAR31-B84.5",
            "count": 1,
            "created_time": "2025-03-31T16:03:55.34656Z",
            "yes_price": 38,
            "no_price": 62,
            "taker_side": "no"
        },
        {
            "trade_id": "b9e8e7c1-124e-4292-b749-e266f72a477b",
            "ticker": "KXHIGHMIA-25MAR31-B84.5",
            "count": 1,
            "created_time": "2025-03-31T16:03:55.34656Z",
            "yes_price": 38,
            "no_price": 62,
            "taker_side": "no"
        },
        {
            "trade_id": "9d8a532f-b98a-4523-bfca-5aaffa021f1f",
            "ticker": "KXHIGHMIA-25MAR31-B84.5",
            "count": 13,
            "created_time": "2025-03-31T16:03:55.34656Z",
            "yes_price": 30,
            "no_price": 70,
            "taker_side": "no"
        },
        {
            "trade_id": "8a5c7e66-d435-4a49-afd1-f954e7b768df",
            "ticker": "KXHIGHMIA-25MAR31-B84.5",
            "count": 1,
            "created_time": "2025-03-31T16:03:55.34656Z",
            "yes_price": 40,
            "no_price": 60,
            "taker_side": "no"
        },
        {
            "trade_id": "89a96edb-617e-4f28-94bf-d5abebecb8b6",
            "ticker": "KXHIGHMIA-25MAR31-B84.5",
            "count": 17,
            "created_time": "2025-03-31T16:03:55.34656Z",
            "yes_price": 29,
            "no_price": 71,
            "taker_side": "no"
        },
        {
            "trade_id": "7f704364-7922-4aa9-b7af-0a5b936f67cb",
            "ticker": "KXHIGHMIA-25MAR31-B84.5",
            "count": 1,
            "created_time": "2025-03-31T16:03:55.34656Z",
            "yes_price": 39,
            "no_price": 61,
            "taker_side": "no"
        },
        {
            "trade_id": "1d1011af-7e0e-40f1-b9df-1b6b90a2bbfb",
            "ticker": "KXHIGHMIA-25MAR31-B84.5",
            "count": 1,
            "created_time": "2025-03-31T16:03:55.34656Z",
            "yes_price": 41,
            "no_price": 59,
            "taker_side": "no"
        },
        {
            "trade_id": "92031566-a8c1-4bb8-aa7a-28d39fc2f10b",
            "ticker": "KXHIGHMIA-25MAR31-B84.5",
            "count": 1,
            "created_time": "2025-03-31T16:02:49.434808Z",
            "yes_price": 44,
            "no_price": 56,
            "taker_side": "yes"
        },
        {
            "trade_id": "e0570fff-fc38-431b-9d91-40038d798d45",
            "ticker": "KXHIGHMIA-25MAR31-B84.5",
            "count": 1,
            "created_time": "2025-03-31T15:59:31.248387Z",
            "yes_price": 43,
            "no_price": 57,
            "taker_side": "yes"
        },
        {
            "trade_id": "e6ef9077-e59a-4b8c-9642-e1197eb97169",
            "ticker": "KXHIGHMIA-25MAR31-B84.5",
            "count": 1,
            "created_time": "2025-03-31T15:51:50.827493Z",
            "yes_price": 47,
            "no_price": 53,
            "taker_side": "no"
        },
        {
            "trade_id": "c2432c63-a0e1-46da-ab5d-0a4e57cd4715",
            "ticker": "KXHIGHMIA-25MAR31-B84.5",
            "count": 1,
            "created_time": "2025-03-31T15:51:50.827493Z",
            "yes_price": 43,
            "no_price": 57,
            "taker_side": "no"
        },
        {
            "trade_id": "b64bd57b-58a2-48b0-9572-f25583b71032",
            "ticker": "KXHIGHMIA-25MAR31-B84.5",
            "count": 1,
            "created_time": "2025-03-31T15:51:50.827493Z",
            "yes_price": 42,
            "no_price": 58,
            "taker_side": "no"
        },
        {
            "trade_id": "9c50ab57-99ef-4832-816f-63f903bc8ea9",
            "ticker": "KXHIGHMIA-25MAR31-B84.5",
            "count": 1,
            "created_time": "2025-03-31T15:51:50.827493Z",
            "yes_price": 49,
            "no_price": 51,
            "taker_side": "no"
        },
        {
            "trade_id": "8ddc5783-2e96-413b-a2d5-6557219f6869",
            "ticker": "KXHIGHMIA-25MAR31-B84.5",
            "count": 1,
            "created_time": "2025-03-31T15:51:50.827493Z",
            "yes_price": 44,
            "no_price": 56,
            "taker_side": "no"
        },
        {
            "trade_id": "666b5de6-a1ad-44d9-845e-dd55c3978138",
            "ticker": "KXHIGHMIA-25MAR31-B84.5",
            "count": 1,
            "created_time": "2025-03-31T15:51:50.827493Z",
            "yes_price": 53,
            "no_price": 47,
            "taker_side": "no"
        },
        {
            "trade_id": "40ce5a39-6cc0-4908-a18c-b6d5ccb3abea",
            "ticker": "KXHIGHMIA-25MAR31-B84.5",
            "count": 1,
            "created_time": "2025-03-31T15:51:50.827493Z",
            "yes_price": 41,
            "no_price": 59,
            "taker_side": "no"
        },
        {
            "trade_id": "10ec9796-e642-4f2f-87ce-ba84ff2d9348",
            "ticker": "KXHIGHMIA-25MAR31-B84.5",
            "count": 1,
            "created_time": "2025-03-31T15:51:50.827493Z",
            "yes_price": 50,
            "no_price": 50,
            "taker_side": "no"
        },
        {
            "trade_id": "0f452a48-efff-4b8a-b9b8-5450c9308be0",
            "ticker": "KXHIGHMIA-25MAR31-B84.5",
            "count": 1,
            "created_time": "2025-03-31T15:51:50.827493Z",
            "yes_price": 46,
            "no_price": 54,
            "taker_side": "no"
        },
        {
            "trade_id": "035aa3f4-dcb2-4a11-b510-3a12ec3108ce",
            "ticker": "KXHIGHMIA-25MAR31-B84.5",
            "count": 1,
            "created_time": "2025-03-31T15:51:50.827493Z",
            "yes_price": 52,
            "no_price": 48,
            "taker_side": "no"
        },
        {
            "trade_id": "87a2bf42-9ad7-480c-b123-d7a84994913f",
            "ticker": "KXHIGHMIA-25MAR31-B84.5",
            "count": 13,
            "created_time": "2025-03-31T15:50:57.485981Z",
            "yes_price": 63,
            "no_price": 37,
            "taker_side": "yes"
        },
        {
            "trade_id": "1878f3e6-9f45-46e4-a88d-8cdc5c8d227a",
            "ticker": "KXHIGHMIA-25MAR31-B84.5",
            "count": 20,
            "created_time": "2025-03-31T15:50:57.485981Z",
            "yes_price": 56,
            "no_price": 44,
            "taker_side": "yes"
        },
        {
            "trade_id": "35f893be-cc80-4a3e-a181-31f59281afe2",
            "ticker": "KXHIGHMIA-25MAR31-B84.5",
            "count": 16,
            "created_time": "2025-03-31T15:50:40.699769Z",
            "yes_price": 56,
            "no_price": 44,
            "taker_side": "yes"
        },
        {
            "trade_id": "2c1ea652-9457-48e2-bdbd-46ec1d0fe482",
            "ticker": "KXHIGHMIA-25MAR31-B84.5",
            "count": 19,
            "created_time": "2025-03-31T15:50:40.699769Z",
            "yes_price": 55,
            "no_price": 45,
            "taker_side": "yes"
        },
        {
            "trade_id": "7ee79521-18a6-4cd7-a356-9a1ba1c777f0",
            "ticker": "KXHIGHMIA-25MAR31-B84.5",
            "count": 1,
            "created_time": "2025-03-31T15:50:24.393031Z",
            "yes_price": 55,
            "no_price": 45,
            "taker_side": "yes"
        },
        {
            "trade_id": "3a9f3039-417e-4a3e-858e-a24da0ed0171",
            "ticker": "KXHIGHMIA-25MAR31-B84.5",
            "count": 1,
            "created_time": "2025-03-31T15:50:24.067066Z",
            "yes_price": 53,
            "no_price": 47,
            "taker_side": "no"
        },
        {
            "trade_id": "b9c23417-fabe-457c-8716-b3a85e99c6d0",
            "ticker": "KXHIGHMIA-25MAR31-B84.5",
            "count": 1,
            "created_time": "2025-03-31T15:49:51.647694Z",
            "yes_price": 54,
            "no_price": 46,
            "taker_side": "yes"
        },
        {
            "trade_id": "b4806c36-ddd4-4025-b0ca-d95fa25eee68",
            "ticker": "KXHIGHMIA-25MAR31-B84.5",
            "count": 1,
            "created_time": "2025-03-31T15:49:51.647694Z",
            "yes_price": 52,
            "no_price": 48,
            "taker_side": "yes"
        },
        {
            "trade_id": "67aaa987-59df-484b-b0bb-3df041f7a855",
            "ticker": "KXHIGHMIA-25MAR31-B84.5",
            "count": 1,
            "created_time": "2025-03-31T15:49:51.647694Z",
            "yes_price": 53,
            "no_price": 47,
            "taker_side": "yes"
        },
        {
            "trade_id": "621b6bdc-bea6-45c0-8ecd-db9ddfea197b",
            "ticker": "KXHIGHMIA-25MAR31-B84.5",
            "count": 1,
            "created_time": "2025-03-31T15:49:51.647694Z",
            "yes_price": 55,
            "no_price": 45,
            "taker_side": "yes"
        },
        {
            "trade_id": "258debee-3c5e-4687-8a0e-6fbb1641bb80",
            "ticker": "KXHIGHMIA-25MAR31-B84.5",
            "count": 1,
            "created_time": "2025-03-31T15:49:51.647694Z",
            "yes_price": 51,
            "no_price": 49,
            "taker_side": "yes"
        },
        {
            "trade_id": "fd2b184a-ba0e-4596-ae0b-0b593409fe39",
            "ticker": "KXHIGHMIA-25MAR31-B84.5",
            "count": 1,
            "created_time": "2025-03-31T15:49:28.505674Z",
            "yes_price": 47,
            "no_price": 53,
            "taker_side": "yes"
        },
        {
            "trade_id": "e9195a32-a647-4bd6-9821-165b99fcf855",
            "ticker": "KXHIGHMIA-25MAR31-B84.5",
            "count": 1,
            "created_time": "2025-03-31T15:49:28.505674Z",
            "yes_price": 48,
            "no_price": 52,
            "taker_side": "yes"
        },
        {
            "trade_id": "e406467a-6af9-4ff3-82e7-a45dda55f866",
            "ticker": "KXHIGHMIA-25MAR31-B84.5",
            "count": 1,
            "created_time": "2025-03-31T15:49:28.505674Z",
            "yes_price": 44,
            "no_price": 56,
            "taker_side": "yes"
        },
        {
            "trade_id": "da0f37b1-f101-4890-ae29-0f7447b8424b",
            "ticker": "KXHIGHMIA-25MAR31-B84.5",
            "count": 1,
            "created_time": "2025-03-31T15:49:28.505674Z",
            "yes_price": 45,
            "no_price": 55,
            "taker_side": "yes"
        },
        {
            "trade_id": "c6b141d5-f697-4a7d-9c6d-c36f7a9cebc5",
            "ticker": "KXHIGHMIA-25MAR31-B84.5",
            "count": 1,
            "created_time": "2025-03-31T15:49:28.505674Z",
            "yes_price": 42,
            "no_price": 58,
            "taker_side": "yes"
        },
        {
            "trade_id": "be8065cb-2485-46ac-907f-c47a79fc2f9c",
            "ticker": "KXHIGHMIA-25MAR31-B84.5",
            "count": 1,
            "created_time": "2025-03-31T15:49:28.505674Z",
            "yes_price": 49,
            "no_price": 51,
            "taker_side": "yes"
        },
        {
            "trade_id": "9bac8ce9-9e5e-4146-ba00-17d25c7be82f",
            "ticker": "KXHIGHMIA-25MAR31-B84.5",
            "count": 1,
            "created_time": "2025-03-31T15:49:28.505674Z",
            "yes_price": 46,
            "no_price": 54,
            "taker_side": "yes"
        },
        {
            "trade_id": "66446b21-4b24-4d34-8a61-ccd60893ad68",
            "ticker": "KXHIGHMIA-25MAR31-B84.5",
            "count": 1,
            "created_time": "2025-03-31T15:49:28.505674Z",
            "yes_price": 51,
            "no_price": 49,
            "taker_side": "yes"
        },
        {
            "trade_id": "6577b6b7-f27a-4c24-8a1a-74d4231a4878",
            "ticker": "KXHIGHMIA-25MAR31-B84.5",
            "count": 1,
            "created_time": "2025-03-31T15:49:28.505674Z",
            "yes_price": 43,
            "no_price": 57,
            "taker_side": "yes"
        },
        {
            "trade_id": "4c69d801-6881-4600-9c06-4aeb42037462",
            "ticker": "KXHIGHMIA-25MAR31-B84.5",
            "count": 1,
            "created_time": "2025-03-31T15:49:28.505674Z",
            "yes_price": 41,
            "no_price": 59,
            "taker_side": "yes"
        },
        {
            "trade_id": "5987b672-3044-4d25-8b7c-b1c3730059b5",
            "ticker": "KXHIGHMIA-25MAR31-B84.5",
            "count": 1,
            "created_time": "2025-03-31T15:48:54.152017Z",
            "yes_price": 40,
            "no_price": 60,
            "taker_side": "yes"
        },
        {
            "trade_id": "78d30928-a15b-4be2-8a61-3639e3995846",
            "ticker": "KXHIGHMIA-25MAR31-B84.5",
            "count": 1,
            "created_time": "2025-03-31T15:48:53.512149Z",
            "yes_price": 39,
            "no_price": 61,
            "taker_side": "yes"
        },
        {
            "trade_id": "632f8e4a-bc14-47c4-93c5-ddc1988ca603",
            "ticker": "KXHIGHMIA-25MAR31-B84.5",
            "count": 1,
            "created_time": "2025-03-31T15:48:53.509846Z",
            "yes_price": 38,
            "no_price": 62,
            "taker_side": "yes"
        },
        {
            "trade_id": "c3a272cc-4fcc-4abc-bf15-9a1de2af167c",
            "ticker": "KXHIGHMIA-25MAR31-B84.5",
            "count": 1,
            "created_time": "2025-03-31T15:48:52.885242Z",
            "yes_price": 37,
            "no_price": 63,
            "taker_side": "yes"
        },
        {
            "trade_id": "d7e10b4c-6b0b-474a-b89f-6c80ad52479c",
            "ticker": "KXHIGHMIA-25MAR31-B84.5",
            "count": 1,
            "created_time": "2025-03-31T15:48:52.88105Z",
            "yes_price": 36,
            "no_price": 64,
            "taker_side": "yes"
        },
        {
            "trade_id": "fb146724-be7e-420e-a272-06bb49bf821d",
            "ticker": "KXHIGHMIA-25MAR31-B84.5",
            "count": 1,
            "created_time": "2025-03-31T15:47:40.693155Z",
            "yes_price": 42,
            "no_price": 58,
            "taker_side": "no"
        },
        {
            "trade_id": "f9be0550-15bb-41e9-bfe7-b551a4dea362",
            "ticker": "KXHIGHMIA-25MAR31-B84.5",
            "count": 1,
            "created_time": "2025-03-31T15:47:40.693155Z",
            "yes_price": 36,
            "no_price": 64,
            "taker_side": "no"
        },
        {
            "trade_id": "f41f3a1f-e8d0-4de9-9a18-134da48b6251",
            "ticker": "KXHIGHMIA-25MAR31-B84.5",
            "count": 1,
            "created_time": "2025-03-31T15:47:40.693155Z",
            "yes_price": 48,
            "no_price": 52,
            "taker_side": "no"
        },
        {
            "trade_id": "f3dcc926-134c-4d7a-951f-50e377d866bf",
            "ticker": "KXHIGHMIA-25MAR31-B84.5",
            "count": 1,
            "created_time": "2025-03-31T15:47:40.693155Z",
            "yes_price": 41,
            "no_price": 59,
            "taker_side": "no"
        },
        {
            "trade_id": "eede51b7-2425-43a6-921c-b43297858816",
            "ticker": "KXHIGHMIA-25MAR31-B84.5",
            "count": 1,
            "created_time": "2025-03-31T15:47:40.693155Z",
            "yes_price": 52,
            "no_price": 48,
            "taker_side": "no"
        },
        {
            "trade_id": "e1a33fb2-cd5b-47c4-842c-ad7581a5cf89",
            "ticker": "KXHIGHMIA-25MAR31-B84.5",
            "count": 1,
            "created_time": "2025-03-31T15:47:40.693155Z",
            "yes_price": 43,
            "no_price": 57,
            "taker_side": "no"
        },
        {
            "trade_id": "d606d678-0dd1-41ff-9c7f-b85b32f64b42",
            "ticker": "KXHIGHMIA-25MAR31-B84.5",
            "count": 1,
            "created_time": "2025-03-31T15:47:40.693155Z",
            "yes_price": 51,
            "no_price": 49,
            "taker_side": "no"
        },
        {
            "trade_id": "bf4eb96e-b91a-40db-b9ef-220956577590",
            "ticker": "KXHIGHMIA-25MAR31-B84.5",
            "count": 1,
            "created_time": "2025-03-31T15:47:40.693155Z",
            "yes_price": 46,
            "no_price": 54,
            "taker_side": "no"
        },
        {
            "trade_id": "98b4744f-8906-49e5-a08b-3c23d3433cff",
            "ticker": "KXHIGHMIA-25MAR31-B84.5",
            "count": 58,
            "created_time": "2025-03-31T15:47:40.693155Z",
            "yes_price": 21,
            "no_price": 79,
            "taker_side": "no"
        },
        {
            "trade_id": "8ea36c67-ea4d-4cdb-8a72-a494cabd54a3",
            "ticker": "KXHIGHMIA-25MAR31-B84.5",
            "count": 1,
            "created_time": "2025-03-31T15:47:40.693155Z",
            "yes_price": 44,
            "no_price": 56,
            "taker_side": "no"
        },
        {
            "trade_id": "8771129d-c5ae-4287-83d6-db3d85880104",
            "ticker": "KXHIGHMIA-25MAR31-B84.5",
            "count": 1,
            "created_time": "2025-03-31T15:47:40.693155Z",
            "yes_price": 40,
            "no_price": 60,
            "taker_side": "no"
        },
        {
            "trade_id": "799e96d8-480d-4442-b15a-4e72dc8af7b0",
            "ticker": "KXHIGHMIA-25MAR31-B84.5",
            "count": 2,
            "created_time": "2025-03-31T15:47:40.693155Z",
            "yes_price": 35,
            "no_price": 65,
