{
    "KXHIGHMIA-25FEB18-T75": [
        {
            "trade_id": "0d9f5538-0dc3-49dd-84c3-71fc0d1a6e10",
            "ticker": "KXHIGHMIA-25FEB18-T75",
            "count": 1,
            "created_time": "2025-02-18T16:01:34.303335Z",
            "yes_price": 1,
            "no_price": 99,
            "taker_side": "yes"
        },
        {
            "trade_id": "e92927dd-e68b-405e-b811-5487b946d17f",
            "ticker": "KXHIGHMIA-25FEB18-T75",
            "count": 1,
            "created_time": "2025-02-18T16:01:32.507111Z",
            "yes_price": 1,
            "no_price": 99,
            "taker_side": "yes"
        },
        {
            "trade_id": "e946d498-ee7f-4226-8345-89dd698bb124",
            "ticker": "KXHIGHMIA-25FEB18-T75",
            "count": 1,
            "created_time": "2025-02-18T16:01:30.650962Z",
            "yes_price": 1,
            "no_price": 99,
            "taker_side": "yes"
        },
        {
            "trade_id": "0d9ec02e-b769-46f1-9061-3523fc719021",
            "ticker": "KXHIGHMIA-25FEB18-T75",
            "count": 1,
            "created_time": "2025-02-18T16:01:29.307381Z",
            "yes_price": 1,
            "no_price": 99,
            "taker_side": "yes"
        },
        {
            "trade_id": "a73be41e-3156-4cb3-a472-8cb36ddea008",
            "ticker": "KXHIGHMIA-25FEB18-T75",
            "count": 1,
            "created_time": "2025-02-18T16:01:28.066558Z",
            "yes_price": 1,
            "no_price": 99,
            "taker_side": "yes"
        },
        {
            "trade_id": "1e03fe21-6bb3-4dd6-a771-8cedcf0cc0b2",
            "ticker": "KXHIGHMIA-25FEB18-T75",
            "count": 1,
            "created_time": "2025-02-18T16:01:27.14285Z",
            "yes_price": 1,
            "no_price": 99,
            "taker_side": "yes"
        },
        {
            "trade_id": "b6cabf6a-8287-4a47-b980-9370e59ebc2b",
            "ticker": "KXHIGHMIA-25FEB18-T75",
            "count": 1,
            "created_time": "2025-02-18T16:01:25.915872Z",
            "yes_price": 1,
            "no_price": 99,
            "taker_side": "yes"
        },
        {
            "trade_id": "55eb89f6-d4b3-4f8f-bc91-fce97cb3fcb8",
            "ticker": "KXHIGHMIA-25FEB18-T75",
            "count": 1,
            "created_time": "2025-02-18T16:01:25.047935Z",
            "yes_price": 1,
            "no_price": 99,
            "taker_side": "yes"
        },
        {
            "trade_id": "6809b446-3479-462a-87b8-64ed41dbc184",
            "ticker": "KXHIGHMIA-25FEB18-T75",
            "count": 1,
            "created_time": "2025-02-18T16:01:23.753577Z",
            "yes_price": 1,
            "no_price": 99,
            "taker_side": "yes"
        },
        {
            "trade_id": "2cd7711d-ad2f-462a-a3a5-27df935fb723",
            "ticker": "KXHIGHMIA-25FEB18-T75",
            "count": 1,
            "created_time": "2025-02-18T16:01:22.853846Z",
            "yes_price": 1,
            "no_price": 99,
            "taker_side": "yes"
        },
        {
            "trade_id": "80fbdb16-d74b-41d3-aa81-669c6a7a02de",
            "ticker": "KXHIGHMIA-25FEB18-T75",
            "count": 1,
            "created_time": "2025-02-18T16:01:21.539943Z",
            "yes_price": 1,
            "no_price": 99,
            "taker_side": "yes"
        },
        {
            "trade_id": "c3b84338-8d04-4beb-9ae6-7bb00d88e7f5",
            "ticker": "KXHIGHMIA-25FEB18-T75",
            "count": 1,
            "created_time": "2025-02-18T16:01:20.624155Z",
            "yes_price": 1,
            "no_price": 99,
            "taker_side": "yes"
        },
        {
            "trade_id": "bf497638-82cc-4933-868c-082660d3a5ef",
            "ticker": "KXHIGHMIA-25FEB18-T75",
            "count": 1,
            "created_time": "2025-02-18T16:01:19.322055Z",
            "yes_price": 1,
            "no_price": 99,
            "taker_side": "yes"
        },
        {
            "trade_id": "8955d4f1-9864-412e-bfea-2315b0b7e273",
            "ticker": "KXHIGHMIA-25FEB18-T75",
            "count": 1,
            "created_time": "2025-02-18T16:01:18.394758Z",
            "yes_price": 1,
            "no_price": 99,
            "taker_side": "yes"
        },
        {
            "trade_id": "fe312148-fe66-40f8-b9f0-4c5a1a1b78c1",
            "ticker": "KXHIGHMIA-25FEB18-T75",
            "count": 1,
            "created_time": "2025-02-18T16:01:17.022572Z",
            "yes_price": 1,
            "no_price": 99,
            "taker_side": "yes"
        },
        {
            "trade_id": "0a2c0617-5224-4df9-993a-510715f7b4fb",
            "ticker": "KXHIGHMIA-25FEB18-T75",
            "count": 1,
            "created_time": "2025-02-18T16:01:16.087564Z",
            "yes_price": 1,
            "no_price": 99,
            "taker_side": "yes"
        },
        {
            "trade_id": "6a7cf77a-1ec7-4c3d-8974-aff7162be4c9",
            "ticker": "KXHIGHMIA-25FEB18-T75",
            "count": 1,
            "created_time": "2025-02-18T15:49:28.579557Z",
            "yes_price": 1,
            "no_price": 99,
            "taker_side": "yes"
        },
        {
            "trade_id": "8406ad87-91ee-4110-95aa-f7d27b585690",
            "ticker": "KXHIGHMIA-25FEB18-T75",
            "count": 1,
            "created_time": "2025-02-18T15:49:27.144239Z",
            "yes_price": 1,
            "no_price": 99,
            "taker_side": "yes"
        },
        {
            "trade_id": "94437179-4e9f-49b1-97a9-44af886a396f",
            "ticker": "KXHIGHMIA-25FEB18-T75",
            "count": 1,
            "created_time": "2025-02-18T15:49:25.858691Z",
            "yes_price": 1,
            "no_price": 99,
            "taker_side": "yes"
        },
        {
            "trade_id": "f45ab655-485d-4f10-a7d2-be64f7bb7e19",
            "ticker": "KXHIGHMIA-25FEB18-T75",
            "count": 1,
            "created_time": "2025-02-18T15:49:24.555851Z",
            "yes_price": 1,
            "no_price": 99,
            "taker_side": "yes"
        },
        {
            "trade_id": "7a2ce2d7-96c3-40ce-9195-97b0acb0bf29",
            "ticker": "KXHIGHMIA-25FEB18-T75",
            "count": 1,
            "created_time": "2025-02-18T15:49:23.097937Z",
            "yes_price": 1,
            "no_price": 99,
            "taker_side": "yes"
        },
        {
            "trade_id": "7d9836a1-f447-4c6d-915d-6ed232607dbe",
            "ticker": "KXHIGHMIA-25FEB18-T75",
            "count": 1,
            "created_time": "2025-02-18T15:49:21.756058Z",
            "yes_price": 1,
            "no_price": 99,
            "taker_side": "yes"
        },
        {
            "trade_id": "fad85c13-d058-4bcf-a768-8ffda1203ef4",
            "ticker": "KXHIGHMIA-25FEB18-T75",
            "count": 1,
            "created_time": "2025-02-18T15:49:20.233486Z",
            "yes_price": 1,
            "no_price": 99,
            "taker_side": "yes"
        },
        {
            "trade_id": "741d7a5b-a110-4b7e-b774-c835f5bc1579",
            "ticker": "KXHIGHMIA-25FEB18-T75",
            "count": 1,
            "created_time": "2025-02-18T15:49:18.985401Z",
            "yes_price": 1,
            "no_price": 99,
            "taker_side": "yes"
        },
        {
            "trade_id": "fee21bab-6dff-4909-9481-926310d9202b",
            "ticker": "KXHIGHMIA-25FEB18-T75",
            "count": 1,
            "created_time": "2025-02-18T15:48:50.650972Z",
            "yes_price": 1,
            "no_price": 99,
            "taker_side": "yes"
        },
        {
            "trade_id": "ef17658c-bbca-43f1-9ad1-4f152b182917",
            "ticker": "KXHIGHMIA-25FEB18-T75",
            "count": 1,
            "created_time": "2025-02-18T15:48:49.157545Z",
            "yes_price": 1,
            "no_price": 99,
            "taker_side": "yes"
        },
        {
            "trade_id": "e839c94d-1c74-4c4d-8398-3e3f5138502f",
            "ticker": "KXHIGHMIA-25FEB18-T75",
            "count": 1,
            "created_time": "2025-02-18T15:48:47.912993Z",
            "yes_price": 1,
            "no_price": 99,
            "taker_side": "yes"
        },
        {
            "trade_id": "958cd2f4-ad87-4873-8c3f-83807d752f4d",
            "ticker": "KXHIGHMIA-25FEB18-T75",
            "count": 1,
            "created_time": "2025-02-18T15:48:46.559581Z",
            "yes_price": 1,
            "no_price": 99,
            "taker_side": "yes"
        },
        {
            "trade_id": "865c9994-06f1-4ac1-aee8-0989d597602e",
            "ticker": "KXHIGHMIA-25FEB18-T75",
            "count": 1,
            "created_time": "2025-02-18T15:48:45.118391Z",
            "yes_price": 1,
            "no_price": 99,
            "taker_side": "yes"
        },
        {
            "trade_id": "1f0bf497-3340-4000-ab9a-f1c4c6925a58",
            "ticker": "KXHIGHMIA-25FEB18-T75",
            "count": 1,
            "created_time": "2025-02-18T15:48:43.743231Z",
            "yes_price": 1,
            "no_price": 99,
            "taker_side": "yes"
        },
        {
            "trade_id": "458433c0-2755-4c24-912c-93bc90505466",
            "ticker": "KXHIGHMIA-25FEB18-T75",
            "count": 1,
            "created_time": "2025-02-18T15:48:42.48676Z",
            "yes_price": 1,
            "no_price": 99,
            "taker_side": "yes"
        },
        {
            "trade_id": "2eb55b51-cf01-4431-bd51-aa9e68429b1d",
            "ticker": "KXHIGHMIA-25FEB18-T75",
            "count": 1,
            "created_time": "2025-02-18T15:48:40.994635Z",
            "yes_price": 1,
            "no_price": 99,
            "taker_side": "yes"
        },
        {
            "trade_id": "f6864cd3-ae1e-4dca-82d6-3ca0f53723d4",
            "ticker": "KXHIGHMIA-25FEB18-T75",
            "count": 1,
            "created_time": "2025-02-18T15:48:39.684895Z",
            "yes_price": 1,
            "no_price": 99,
            "taker_side": "yes"
        },
        {
            "trade_id": "5e8d8e66-c528-497e-8498-0d224fc8e168",
            "ticker": "KXHIGHMIA-25FEB18-T75",
            "count": 1,
            "created_time": "2025-02-18T15:48:38.22442Z",
            "yes_price": 1,
            "no_price": 99,
            "taker_side": "yes"
        },
        {
            "trade_id": "f69e7ccd-15fc-43eb-9aaf-008f03ccebd8",
            "ticker": "KXHIGHMIA-25FEB18-T75",
            "count": 1,
            "created_time": "2025-02-18T15:48:36.907528Z",
            "yes_price": 1,
            "no_price": 99,
            "taker_side": "yes"
        },
        {
            "trade_id": "1a1180ea-f02e-4cb6-9e11-18528467378c",
            "ticker": "KXHIGHMIA-25FEB18-T75",
            "count": 1,
            "created_time": "2025-02-18T15:48:35.49294Z",
            "yes_price": 1,
            "no_price": 99,
            "taker_side": "yes"
        },
        {
            "trade_id": "957ad408-e73a-40c3-aa9a-5c139a11aea1",
            "ticker": "KXHIGHMIA-25FEB18-T75",
            "count": 1,
            "created_time": "2025-02-18T15:48:34.152908Z",
            "yes_price": 1,
            "no_price": 99,
            "taker_side": "yes"
        },
        {
            "trade_id": "1d8d9d94-e679-4f78-9e9d-4866a9b28d07",
            "ticker": "KXHIGHMIA-25FEB18-T75",
            "count": 1,
            "created_time": "2025-02-18T15:48:32.747717Z",
            "yes_price": 1,
            "no_price": 99,
            "taker_side": "yes"
        },
        {
            "trade_id": "5881ac07-1e64-4fae-9375-1ee934a656c2",
            "ticker": "KXHIGHMIA-25FEB18-T75",
            "count": 1,
            "created_time": "2025-02-18T15:48:31.387236Z",
            "yes_price": 1,
            "no_price": 99,
            "taker_side": "yes"
        },
        {
            "trade_id": "c6120919-6725-40c6-89e7-57d1950c20d2",
            "ticker": "KXHIGHMIA-25FEB18-T75",
            "count": 1,
            "created_time": "2025-02-18T15:48:29.303137Z",
            "yes_price": 1,
            "no_price": 99,
            "taker_side": "yes"
        },
        {
            "trade_id": "988d1405-194a-47f1-85c0-d2b13e4dc887",
            "ticker": "KXHIGHMIA-25FEB18-T75",
            "count": 1,
            "created_time": "2025-02-18T15:48:27.573325Z",
            "yes_price": 1,
            "no_price": 99,
            "taker_side": "yes"
        },
        {
            "trade_id": "35ab0ef6-4ce2-4c70-9d3f-9e1e85531dbc",
            "ticker": "KXHIGHMIA-25FEB18-T75",
            "count": 1,
            "created_time": "2025-02-18T15:48:25.804051Z",
            "yes_price": 1,
            "no_price": 99,
            "taker_side": "yes"
        },
        {
            "trade_id": "bf0ef749-e866-4307-a188-7511e874c837",
            "ticker": "KXHIGHMIA-25FEB18-T75",
            "count": 1,
            "created_time": "2025-02-18T15:48:24.127116Z",
            "yes_price": 1,
            "no_price": 99,
            "taker_side": "yes"
        },
        {
            "trade_id": "ae5b6c0b-8063-4f1b-9149-b267d51c92c2",
            "ticker": "KXHIGHMIA-25FEB18-T75",
            "count": 1,
            "created_time": "2025-02-18T15:48:22.777216Z",
            "yes_price": 1,
            "no_price": 99,
            "taker_side": "yes"
        },
        {
            "trade_id": "96693455-954a-4129-b424-f277e6ed2554",
            "ticker": "KXHIGHMIA-25FEB18-T75",
            "count": 1,
            "created_time": "2025-02-18T15:48:21.238229Z",
            "yes_price": 1,
            "no_price": 99,
            "taker_side": "yes"
        },
        {
            "trade_id": "c56edd0d-33dd-47b3-b1f5-5100c2278ef1",
            "ticker": "KXHIGHMIA-25FEB18-T75",
            "count": 1,
            "created_time": "2025-02-18T15:48:19.816528Z",
            "yes_price": 1,
            "no_price": 99,
            "taker_side": "yes"
        },
        {
            "trade_id": "a2299953-d2da-40d8-8410-85e9b610ec8b",
            "ticker": "KXHIGHMIA-25FEB18-T75",
            "count": 1,
            "created_time": "2025-02-18T15:48:18.367903Z",
            "yes_price": 1,
            "no_price": 99,
            "taker_side": "yes"
        },
        {
            "trade_id": "fd303be0-aece-492b-a34a-764db44b2241",
            "ticker": "KXHIGHMIA-25FEB18-T75",
            "count": 1,
            "created_time": "2025-02-18T15:48:16.971966Z",
            "yes_price": 1,
            "no_price": 99,
            "taker_side": "yes"
        },
        {
            "trade_id": "2eca2410-f181-45f1-9856-be7f196a3a8d",
            "ticker": "KXHIGHMIA-25FEB18-T75",
            "count": 1,
            "created_time": "2025-02-18T15:48:15.599912Z",
            "yes_price": 1,
            "no_price": 99,
            "taker_side": "yes"
        },
        {
            "trade_id": "74c0270a-4f6e-49f8-984a-f0536a198920",
            "ticker": "KXHIGHMIA-25FEB18-T75",
            "count": 1,
            "created_time": "2025-02-18T15:48:14.153971Z",
            "yes_price": 1,
            "no_price": 99,
            "taker_side": "yes"
        },
        {
            "trade_id": "42f4de84-51c6-4104-b012-ae6bd4044641",
            "ticker": "KXHIGHMIA-25FEB18-T75",
            "count": 1,
            "created_time": "2025-02-18T15:48:12.825174Z",
            "yes_price": 1,
            "no_price": 99,
            "taker_side": "yes"
        },
        {
            "trade_id": "2349a4c5-3b23-40bd-900e-aae518f17904",
            "ticker": "KXHIGHMIA-25FEB18-T75",
            "count": 1,
            "created_time": "2025-02-18T15:48:11.470489Z",
            "yes_price": 1,
            "no_price": 99,
            "taker_side": "yes"
        },
        {
            "trade_id": "e0ac4106-fc9d-481b-ba84-35baef78cfa5",
            "ticker": "KXHIGHMIA-25FEB18-T75",
            "count": 1,
            "created_time": "2025-02-18T15:48:10.216119Z",
            "yes_price": 1,
            "no_price": 99,
            "taker_side": "yes"
        },
        {
            "trade_id": "072971f7-66b8-46d0-8a8e-062382d824ea",
            "ticker": "KXHIGHMIA-25FEB18-T75",
            "count": 1,
            "created_time": "2025-02-18T15:48:08.822842Z",
            "yes_price": 1,
            "no_price": 99,
            "taker_side": "yes"
        },
        {
            "trade_id": "50e3a44f-d7d9-4f74-b844-44db2e98d10a",
            "ticker": "KXHIGHMIA-25FEB18-T75",
            "count": 1,
            "created_time": "2025-02-18T15:48:07.442689Z",
            "yes_price": 1,
            "no_price": 99,
            "taker_side": "yes"
        },
        {
            "trade_id": "2baf2a26-264e-4a7e-88d8-b37ce8725635",
            "ticker": "KXHIGHMIA-25FEB18-T75",
            "count": 1,
            "created_time": "2025-02-18T15:48:06.124509Z",
            "yes_price": 1,
            "no_price": 99,
            "taker_side": "yes"
        },
        {
            "trade_id": "f03b75f3-e81b-49d3-9db5-1bbcd49c95cd",
            "ticker": "KXHIGHMIA-25FEB18-T75",
            "count": 1,
            "created_time": "2025-02-18T15:48:04.751563Z",
            "yes_price": 1,
            "no_price": 99,
            "taker_side": "yes"
        },
        {
            "trade_id": "7ebc97c4-6f84-4338-9443-35f98e0b0a58",
            "ticker": "KXHIGHMIA-25FEB18-T75",
            "count": 1,
            "created_time": "2025-02-18T15:48:03.295682Z",
            "yes_price": 1,
            "no_price": 99,
            "taker_side": "yes"
        },
        {
            "trade_id": "5b9c02c6-f06f-4f6b-ad84-f0576f951f9c",
            "ticker": "KXHIGHMIA-25FEB18-T75",
            "count": 1,
            "created_time": "2025-02-18T15:48:01.991372Z",
            "yes_price": 1,
            "no_price": 99,
            "taker_side": "yes"
        },
        {
            "trade_id": "cc106eff-ba93-40f7-9e79-6d8b7efb57b7",
            "ticker": "KXHIGHMIA-25FEB18-T75",
            "count": 1,
            "created_time": "2025-02-18T15:48:00.438445Z",
            "yes_price": 1,
            "no_price": 99,
            "taker_side": "yes"
        },
        {
            "trade_id": "aeb0b9d6-9816-46fb-abd7-689512e3c2b8",
            "ticker": "KXHIGHMIA-25FEB18-T75",
            "count": 1,
            "created_time": "2025-02-18T15:47:59.104392Z",
            "yes_price": 1,
            "no_price": 99,
            "taker_side": "yes"
        },
        {
            "trade_id": "cf61b0db-173d-4b5d-af42-9915127955ff",
            "ticker": "KXHIGHMIA-25FEB18-T75",
            "count": 1,
            "created_time": "2025-02-18T15:47:57.628176Z",
            "yes_price": 1,
            "no_price": 99,
            "taker_side": "yes"
        },
        {
            "trade_id": "1a27a61d-59ed-4817-8eca-4e65f8b61e90",
            "ticker": "KXHIGHMIA-25FEB18-T75",
            "count": 1,
            "created_time": "2025-02-18T15:47:56.281556Z",
            "yes_price": 1,
            "no_price": 99,
            "taker_side": "yes"
        },
        {
            "trade_id": "20aaea72-1c0f-4582-8c02-ba0f992d71d8",
            "ticker": "KXHIGHMIA-25FEB18-T75",
            "count": 1,
            "created_time": "2025-02-18T15:47:54.717046Z",
            "yes_price": 1,
            "no_price": 99,
            "taker_side": "yes"
        },
        {
            "trade_id": "071fc9fd-68c8-41dc-8be3-4c02e05ebcd3",
            "ticker": "KXHIGHMIA-25FEB18-T75",
            "count": 1,
            "created_time": "2025-02-18T15:47:53.341503Z",
            "yes_price": 1,
            "no_price": 99,
            "taker_side": "yes"
        },
        {
            "trade_id": "a23f0186-27fa-479b-a253-7ba7205e6099",
            "ticker": "KXHIGHMIA-25FEB18-T75",
            "count": 1,
            "created_time": "2025-02-18T15:46:45.334105Z",
            "yes_price": 1,
            "no_price": 99,
            "taker_side": "yes"
        },
        {
            "trade_id": "de25778a-fd1b-40c6-b68a-3e894c60840b",
            "ticker": "KXHIGHMIA-25FEB18-T75",
            "count": 1,
            "created_time": "2025-02-18T15:46:43.907308Z",
            "yes_price": 1,
            "no_price": 99,
            "taker_side": "yes"
        },
        {
            "trade_id": "21e149de-7154-4141-a87c-f3976459b85c",
            "ticker": "KXHIGHMIA-25FEB18-T75",
            "count": 1,
            "created_time": "2025-02-18T15:46:42.180549Z",
            "yes_price": 1,
            "no_price": 99,
            "taker_side": "yes"
        },
        {
            "trade_id": "8634ef71-c3ee-4483-a618-6bd07eb52836",
            "ticker": "KXHIGHMIA-25FEB18-T75",
            "count": 1,
            "created_time": "2025-02-18T15:46:03.511998Z",
            "yes_price": 1,
            "no_price": 99,
            "taker_side": "yes"
        },
        {
            "trade_id": "363ccb72-60a7-4bf2-b2c2-affe7a379ab5",
            "ticker": "KXHIGHMIA-25FEB18-T75",
            "count": 1,
            "created_time": "2025-02-18T15:45:45.964771Z",
            "yes_price": 1,
            "no_price": 99,
            "taker_side": "yes"
        },
        {
            "trade_id": "811da10e-d4e8-4fff-ad18-903d3174b9e8",
            "ticker": "KXHIGHMIA-25FEB18-T75",
            "count": 1,
            "created_time": "2025-02-18T15:45:44.492158Z",
            "yes_price": 1,
            "no_price": 99,
            "taker_side": "yes"
        },
        {
            "trade_id": "8c759b3d-06e4-41b1-ab48-f1e5eb6fa6be",
            "ticker": "KXHIGHMIA-25FEB18-T75",
            "count": 1,
            "created_time": "2025-02-18T15:45:42.49723Z",
            "yes_price": 1,
            "no_price": 99,
            "taker_side": "yes"
        },
        {
            "trade_id": "4b44d620-fc5b-47c7-8090-e2d5fbb941ea",
            "ticker": "KXHIGHMIA-25FEB18-T75",
            "count": 1,
            "created_time": "2025-02-18T15:45:40.556419Z",
            "yes_price": 1,
            "no_price": 99,
            "taker_side": "yes"
        },
        {
            "trade_id": "ccff8e38-a63b-48a1-af4c-72526ef1cbce",
            "ticker": "KXHIGHMIA-25FEB18-T75",
            "count": 1,
            "created_time": "2025-02-18T15:45:38.774359Z",
            "yes_price": 1,
            "no_price": 99,
            "taker_side": "yes"
        },
        {
            "trade_id": "aef76559-6b60-4dd6-afd0-6e24ff131a8b",
            "ticker": "KXHIGHMIA-25FEB18-T75",
            "count": 1,
            "created_time": "2025-02-18T15:45:37.224399Z",
            "yes_price": 1,
            "no_price": 99,
            "taker_side": "yes"
        },
        {
            "trade_id": "0edcdd89-582b-46f4-98f6-96d5975d8e6d",
            "ticker": "KXHIGHMIA-25FEB18-T75",
            "count": 1,
            "created_time": "2025-02-18T15:45:35.878952Z",
            "yes_price": 1,
            "no_price": 99,
            "taker_side": "yes"
        },
        {
            "trade_id": "3c91c843-ceb4-40bc-9454-9faa6121cf9d",
            "ticker": "KXHIGHMIA-25FEB18-T75",
            "count": 1,
            "created_time": "2025-02-18T15:45:34.530666Z",
            "yes_price": 1,
            "no_price": 99,
            "taker_side": "yes"
        },
        {
            "trade_id": "db8301fb-639a-491e-be25-a677c9d087c8",
            "ticker": "KXHIGHMIA-25FEB18-T75",
            "count": 1,
            "created_time": "2025-02-18T15:45:33.029504Z",
            "yes_price": 1,
            "no_price": 99,
            "taker_side": "yes"
        },
        {
            "trade_id": "5a72d856-debd-42d8-8212-908aed05c0b2",
            "ticker": "KXHIGHMIA-25FEB18-T75",
            "count": 1,
            "created_time": "2025-02-18T14:16:24.356914Z",
            "yes_price": 1,
            "no_price": 99,
            "taker_side": "yes"
        },
        {
            "trade_id": "575cd692-b104-43a2-baa3-2f6fb7d7ce54",
            "ticker": "KXHIGHMIA-25FEB18-T75",
            "count": 1,
            "created_time": "2025-02-18T14:16:23.029632Z",
            "yes_price": 1,
            "no_price": 99,
            "taker_side": "yes"
        },
        {
            "trade_id": "ae3bdfef-3f0a-41ec-8107-3745284e902b",
            "ticker": "KXHIGHMIA-25FEB18-T75",
            "count": 1,
            "created_time": "2025-02-18T14:16:21.542053Z",
            "yes_price": 1,
            "no_price": 99,
            "taker_side": "yes"
        },
        {
            "trade_id": "2558f42c-0a84-46af-8582-16e220a0b54b",
            "ticker": "KXHIGHMIA-25FEB18-T75",
            "count": 1,
            "created_time": "2025-02-18T14:15:06.385922Z",
            "yes_price": 1,
            "no_price": 99,
            "taker_side": "yes"
        },
        {
            "trade_id": "b6eedaad-89bf-4991-b6f1-41654d45a23d",
            "ticker": "KXHIGHMIA-25FEB18-T75",
            "count": 1,
            "created_time": "2025-02-18T14:15:05.076243Z",
            "yes_price": 1,
            "no_price": 99,
            "taker_side": "yes"
        },
        {
            "trade_id": "67f64022-3b2d-4f9a-acf8-820b02399af7",
            "ticker": "KXHIGHMIA-25FEB18-T75",
            "count": 1,
            "created_time": "2025-02-18T14:15:03.662768Z",
            "yes_price": 1,
            "no_price": 99,
            "taker_side": "yes"
        },
        {
            "trade_id": "719dcb0a-727d-4df2-9058-88572fd2abd6",
            "ticker": "KXHIGHMIA-25FEB18-T75",
            "count": 1,
            "created_time": "2025-02-18T14:13:45.247956Z",
            "yes_price": 1,
            "no_price": 99,
            "taker_side": "yes"
        },
        {
            "trade_id": "fd685125-e98c-49cd-8f5e-e0f060c24e27",
            "ticker": "KXHIGHMIA-25FEB18-T75",
            "count": 1,
            "created_time": "2025-02-18T14:13:43.869339Z",
            "yes_price": 1,
            "no_price": 99,
            "taker_side": "yes"
        },
        {
            "trade_id": "3f80790c-34ae-4dfb-9ed3-9e3427b501cd",
            "ticker": "KXHIGHMIA-25FEB18-T75",
            "count": 1,
            "created_time": "2025-02-18T14:13:42.559142Z",
            "yes_price": 1,
            "no_price": 99,
            "taker_side": "yes"
        },
        {
            "trade_id": "a6c9e7a4-b07d-472f-9f4e-f974ec574f90",
            "ticker": "KXHIGHMIA-25FEB18-T75",
            "count": 1,
            "created_time": "2025-02-18T14:13:41.239068Z",
            "yes_price": 1,
            "no_price": 99,
            "taker_side": "yes"
        },
        {
            "trade_id": "3abff81a-b112-4daf-84b7-b0bd1a60abb9",
            "ticker": "KXHIGHMIA-25FEB18-T75",
            "count": 1,
            "created_time": "2025-02-18T14:13:39.904178Z",
            "yes_price": 1,
            "no_price": 99,
            "taker_side": "yes"
        },
        {
            "trade_id": "a228ac73-7623-4161-901f-add23a726394",
            "ticker": "KXHIGHMIA-25FEB18-T75",
            "count": 1,
            "created_time": "2025-02-18T14:13:38.46935Z",
            "yes_price": 1,
            "no_price": 99,
            "taker_side": "yes"
        },
        {
            "trade_id": "5db62147-d88f-4f89-998f-19143a060729",
            "ticker": "KXHIGHMIA-25FEB18-T75",
            "count": 1,
            "created_time": "2025-02-18T14:13:37.045273Z",
            "yes_price": 1,
            "no_price": 99,
            "taker_side": "yes"
        },
        {
            "trade_id": "dde2c787-3e18-460f-8846-a5c130663d8f",
            "ticker": "KXHIGHMIA-25FEB18-T75",
            "count": 1,
            "created_time": "2025-02-18T14:13:35.643775Z",
            "yes_price": 1,
            "no_price": 99,
            "taker_side": "yes"
        },
        {
            "trade_id": "57eee8e3-435c-47bb-9e07-504da3fddf95",
            "ticker": "KXHIGHMIA-25FEB18-T75",
            "count": 1,
            "created_time": "2025-02-18T14:13:34.29623Z",
            "yes_price": 1,
            "no_price": 99,
            "taker_side": "yes"
        },
        {
            "trade_id": "74d46398-d76a-4cb5-8482-00b8adee9836",
            "ticker": "KXHIGHMIA-25FEB18-T75",
            "count": 1,
            "created_time": "2025-02-18T14:13:32.861367Z",
            "yes_price": 1,
            "no_price": 99,
            "taker_side": "yes"
        },
        {
            "trade_id": "1d71e859-fd5f-4a5d-bea6-273d47d3b0ca",
            "ticker": "KXHIGHMIA-25FEB18-T75",
            "count": 1,
            "created_time": "2025-02-18T14:13:31.436865Z",
            "yes_price": 1,
            "no_price": 99,
            "taker_side": "yes"
        },
        {
            "trade_id": "7ce6abf0-a774-4a01-a248-98cff69a5d80",
            "ticker": "KXHIGHMIA-25FEB18-T75",
            "count": 1,
            "created_time": "2025-02-18T14:13:29.99123Z",
            "yes_price": 1,
            "no_price": 99,
            "taker_side": "yes"
        },
        {
            "trade_id": "22891892-3126-4270-aa49-56657d956d68",
            "ticker": "KXHIGHMIA-25FEB18-T75",
            "count": 1,
            "created_time": "2025-02-18T14:13:28.504323Z",
            "yes_price": 1,
            "no_price": 99,
            "taker_side": "yes"
        },
        {
            "trade_id": "274674f0-7006-4793-8d89-3990050b0299",
            "ticker": "KXHIGHMIA-25FEB18-T75",
            "count": 7,
            "created_time": "2025-02-17T23:42:43.133881Z",
            "yes_price": 1,
            "no_price": 99,
            "taker_side": "no"
        },
        {
            "trade_id": "8bf7dd4b-938f-47fb-aba5-5fb897187c33",
            "ticker": "KXHIGHMIA-25FEB18-T75",
            "count": 18,
            "created_time": "2025-02-17T15:29:13.099304Z",
            "yes_price": 5,
            "no_price": 95,
            "taker_side": "yes"
        }
    ],
    "KXHIGHMIA-25FEB18-B75.5": [
        {
            "trade_id": "0928846c-09c4-4efc-8c47-05f4089803bd",
            "ticker": "KXHIGHMIA-25FEB18-B75.5",
            "count": 93,
            "created_time": "2025-02-19T02:29:07.066212Z",
            "yes_price": 1,
            "no_price": 99,
            "taker_side": "yes"
        },
        {
            "trade_id": "9f7b3f72-490e-4a3e-abb7-30443537fb2b",
            "ticker": "KXHIGHMIA-25FEB18-B75.5",
            "count": 1,
            "created_time": "2025-02-18T16:01:34.573039Z",
            "yes_price": 1,
            "no_price": 99,
            "taker_side": "yes"
        },
        {
            "trade_id": "f39e394d-c906-4b7a-94c7-2d283f032230",
            "ticker": "KXHIGHMIA-25FEB18-B75.5",
            "count": 1,
            "created_time": "2025-02-18T16:01:32.777236Z",
            "yes_price": 1,
            "no_price": 99,
            "taker_side": "yes"
        },
        {
            "trade_id": "3c4a7878-ad86-42ad-bda3-b5700becd7f0",
            "ticker": "KXHIGHMIA-25FEB18-B75.5",
            "count": 1,
            "created_time": "2025-02-18T16:01:30.914451Z",
            "yes_price": 1,
            "no_price": 99,
            "taker_side": "yes"
        },
        {
            "trade_id": "b3d198f3-3d19-4854-add8-022f64413feb",
            "ticker": "KXHIGHMIA-25FEB18-B75.5",
            "count": 1,
            "created_time": "2025-02-18T16:01:29.471268Z",
            "yes_price": 1,
            "no_price": 99,
            "taker_side": "yes"
        },
        {
            "trade_id": "826f74b4-bed7-4bc7-ae6f-225815851851",
            "ticker": "KXHIGHMIA-25FEB18-B75.5",
            "count": 1,
            "created_time": "2025-02-18T16:01:28.226291Z",
            "yes_price": 1,
            "no_price": 99,
            "taker_side": "yes"
        },
        {
            "trade_id": "6472e811-8c49-4e07-bb96-125ff1d85c77",
            "ticker": "KXHIGHMIA-25FEB18-B75.5",
            "count": 1,
            "created_time": "2025-02-18T16:01:27.29374Z",
            "yes_price": 1,
            "no_price": 99,
            "taker_side": "yes"
        },
        {
            "trade_id": "ee7acb72-92f3-4cf4-a9e0-cf773e97a712",
            "ticker": "KXHIGHMIA-25FEB18-B75.5",
            "count": 1,
            "created_time": "2025-02-18T16:01:26.050221Z",
            "yes_price": 1,
            "no_price": 99,
            "taker_side": "yes"
        },
        {
            "trade_id": "8e7e7f76-4f9e-46f5-9a8e-fecff5e59a51",
            "ticker": "KXHIGHMIA-25FEB18-B75.5",
            "count": 1,
            "created_time": "2025-02-18T16:01:25.199145Z",
            "yes_price": 1,
            "no_price": 99,
            "taker_side": "yes"
        },
        {
            "trade_id": "9a92dc3e-6f90-4270-8b12-90f42099d908",
            "ticker": "KXHIGHMIA-25FEB18-B75.5",
            "count": 1,
            "created_time": "2025-02-18T16:01:23.907249Z",
            "yes_price": 1,
            "no_price": 99,
            "taker_side": "yes"
        },
        {
            "trade_id": "07037bb4-d47a-4714-956b-cace8fecd55f",
            "ticker": "KXHIGHMIA-25FEB18-B75.5",
            "count": 1,
            "created_time": "2025-02-18T16:01:23.023518Z",
            "yes_price": 1,
            "no_price": 99,
            "taker_side": "yes"
        },
        {
            "trade_id": "b4e54ae4-6407-490a-ba6e-11c81939a227",
            "ticker": "KXHIGHMIA-25FEB18-B75.5",
            "count": 1,
            "created_time": "2025-02-18T16:01:21.720199Z",
            "yes_price": 1,
            "no_price": 99,
            "taker_side": "yes"
        },
        {
            "trade_id": "9bd1b46c-fbf2-4712-8a78-fd528543583e",
            "ticker": "KXHIGHMIA-25FEB18-B75.5",
            "count": 1,
            "created_time": "2025-02-18T16:01:20.792943Z",
            "yes_price": 1,
            "no_price": 99,
            "taker_side": "yes"
        },
        {
            "trade_id": "2ebb6464-45c2-4148-a0ab-f3e93ee8c0c6",
            "ticker": "KXHIGHMIA-25FEB18-B75.5",
            "count": 1,
            "created_time": "2025-02-18T16:01:19.456453Z",
            "yes_price": 1,
            "no_price": 99,
            "taker_side": "yes"
        },
        {
            "trade_id": "fc663fbf-31b1-4736-bf14-952b2a501c1a",
            "ticker": "KXHIGHMIA-25FEB18-B75.5",
            "count": 1,
            "created_time": "2025-02-18T16:01:18.592525Z",
            "yes_price": 1,
            "no_price": 99,
            "taker_side": "yes"
        },
        {
            "trade_id": "77b96383-f4fb-4f5a-b092-dc8e78b24cfb",
            "ticker": "KXHIGHMIA-25FEB18-B75.5",
            "count": 1,
            "created_time": "2025-02-18T16:01:17.167651Z",
            "yes_price": 1,
            "no_price": 99,
            "taker_side": "yes"
        },
        {
            "trade_id": "32712d8d-a4c6-475c-8ae0-ee046f582dd5",
            "ticker": "KXHIGHMIA-25FEB18-B75.5",
            "count": 1,
            "created_time": "2025-02-18T16:01:16.22136Z",
            "yes_price": 1,
            "no_price": 99,
            "taker_side": "yes"
        },
        {
            "trade_id": "7a05f607-56ff-4981-8204-636955838725",
            "ticker": "KXHIGHMIA-25FEB18-B75.5",
            "count": 1,
            "created_time": "2025-02-18T15:49:28.718686Z",
            "yes_price": 1,
            "no_price": 99,
            "taker_side": "yes"
        },
        {
            "trade_id": "6139305e-e3d8-4250-8f2d-9c3fbdfa56ac",
            "ticker": "KXHIGHMIA-25FEB18-B75.5",
            "count": 1,
            "created_time": "2025-02-18T15:49:27.282701Z",
            "yes_price": 1,
            "no_price": 99,
            "taker_side": "yes"
        },
        {
            "trade_id": "ef33a332-41f6-49b4-9e81-00e218cd3f7b",
            "ticker": "KXHIGHMIA-25FEB18-B75.5",
            "count": 1,
            "created_time": "2025-02-18T15:49:26.032088Z",
            "yes_price": 1,
            "no_price": 99,
            "taker_side": "yes"
        },
        {
            "trade_id": "d5070de2-5a28-4d70-b0cb-76e9dc43f8e4",
            "ticker": "KXHIGHMIA-25FEB18-B75.5",
            "count": 1,
            "created_time": "2025-02-18T15:49:24.688212Z",
            "yes_price": 1,
            "no_price": 99,
            "taker_side": "yes"
        },
        {
            "trade_id": "ae912f25-0c2e-4a85-9aea-cbe888fc48e3",
            "ticker": "KXHIGHMIA-25FEB18-B75.5",
            "count": 1,
            "created_time": "2025-02-18T15:49:23.221253Z",
            "yes_price": 1,
            "no_price": 99,
            "taker_side": "yes"
        },
        {
            "trade_id": "0e0dcf1c-4c68-421b-88b8-cc947094185a",
            "ticker": "KXHIGHMIA-25FEB18-B75.5",
            "count": 1,
            "created_time": "2025-02-18T15:49:21.948153Z",
            "yes_price": 1,
            "no_price": 99,
            "taker_side": "yes"
        },
        {
            "trade_id": "a0e50229-543a-4f7e-94b6-0c7a0e2624e9",
            "ticker": "KXHIGHMIA-25FEB18-B75.5",
            "count": 1,
            "created_time": "2025-02-18T15:49:20.402345Z",
            "yes_price": 1,
            "no_price": 99,
            "taker_side": "yes"
        },
        {
            "trade_id": "0a11f6cb-64e1-4f8c-8184-933d65aeefe2",
            "ticker": "KXHIGHMIA-25FEB18-B75.5",
            "count": 1,
            "created_time": "2025-02-18T15:49:19.123302Z",
            "yes_price": 1,
            "no_price": 99,
            "taker_side": "yes"
        },
        {
            "trade_id": "1025abb9-2ec1-4ea3-b65f-e2e373c4bbc0",
            "ticker": "KXHIGHMIA-25FEB18-B75.5",
            "count": 1,
            "created_time": "2025-02-18T15:48:50.815902Z",
            "yes_price": 1,
            "no_price": 99,
            "taker_side": "yes"
        },
        {
            "trade_id": "8e1c7beb-5b85-4a44-ad8d-e38c316a8c6f",
            "ticker": "KXHIGHMIA-25FEB18-B75.5",
            "count": 1,
            "created_time": "2025-02-18T15:48:49.358902Z",
            "yes_price": 1,
            "no_price": 99,
            "taker_side": "yes"
        },
        {
            "trade_id": "581f1c3f-5b1c-4800-928c-45a857cb8c0d",
            "ticker": "KXHIGHMIA-25FEB18-B75.5",
            "count": 1,
            "created_time": "2025-02-18T15:48:48.068021Z",
            "yes_price": 1,
            "no_price": 99,
            "taker_side": "yes"
        },
        {
            "trade_id": "9956e2a3-5ee4-4be1-9d4b-21b7b33576ab",
            "ticker": "KXHIGHMIA-25FEB18-B75.5",
            "count": 1,
            "created_time": "2025-02-18T15:48:46.71728Z",
            "yes_price": 1,
            "no_price": 99,
            "taker_side": "yes"
        },
        {
            "trade_id": "9f865d2d-ce92-4417-bf17-b4dc801d0851",
            "ticker": "KXHIGHMIA-25FEB18-B75.5",
            "count": 1,
            "created_time": "2025-02-18T15:48:45.269454Z",
            "yes_price": 1,
            "no_price": 99,
            "taker_side": "yes"
        },
        {
            "trade_id": "d9ac7adb-b0b8-4e26-8521-7ccbb06df5a8",
            "ticker": "KXHIGHMIA-25FEB18-B75.5",
            "count": 1,
            "created_time": "2025-02-18T15:48:43.872903Z",
            "yes_price": 1,
            "no_price": 99,
            "taker_side": "yes"
        },
        {
            "trade_id": "729c58d4-3e0f-4deb-b655-0b3995c2a022",
            "ticker": "KXHIGHMIA-25FEB18-B75.5",
            "count": 1,
            "created_time": "2025-02-18T15:48:42.636221Z",
            "yes_price": 1,
            "no_price": 99,
            "taker_side": "yes"
        },
        {
            "trade_id": "36e83932-64a7-4ac8-ae80-9dc31f9f1eb1",
            "ticker": "KXHIGHMIA-25FEB18-B75.5",
            "count": 1,
            "created_time": "2025-02-18T15:48:41.175974Z",
            "yes_price": 1,
            "no_price": 99,
            "taker_side": "yes"
        },
        {
            "trade_id": "18a14fbc-dc1b-47d4-bc82-e7d3537fb594",
            "ticker": "KXHIGHMIA-25FEB18-B75.5",
            "count": 1,
            "created_time": "2025-02-18T15:48:39.81274Z",
            "yes_price": 1,
            "no_price": 99,
            "taker_side": "yes"
        },
        {
            "trade_id": "d7fa13f7-faa4-4181-9945-1e99b9ca781b",
            "ticker": "KXHIGHMIA-25FEB18-B75.5",
            "count": 1,
            "created_time": "2025-02-18T15:48:38.415198Z",
            "yes_price": 1,
            "no_price": 99,
            "taker_side": "yes"
        },
        {
            "trade_id": "50057eee-9076-4283-96ea-103f3c7914ed",
            "ticker": "KXHIGHMIA-25FEB18-B75.5",
            "count": 1,
            "created_time": "2025-02-18T15:48:37.070976Z",
            "yes_price": 1,
            "no_price": 99,
            "taker_side": "yes"
        },
        {
            "trade_id": "8c36ca26-577a-47d1-921c-6e010cfe9bfe",
            "ticker": "KXHIGHMIA-25FEB18-B75.5",
            "count": 1,
            "created_time": "2025-02-18T15:48:35.664161Z",
            "yes_price": 1,
            "no_price": 99,
            "taker_side": "yes"
        },
        {
            "trade_id": "8645c93b-95da-4619-9889-ad516eb46bac",
            "ticker": "KXHIGHMIA-25FEB18-B75.5",
            "count": 1,
            "created_time": "2025-02-18T15:48:34.302908Z",
            "yes_price": 1,
            "no_price": 99,
            "taker_side": "yes"
        },
        {
            "trade_id": "d0dff879-97ec-4486-aee5-78e353045855",
            "ticker": "KXHIGHMIA-25FEB18-B75.5",
            "count": 1,
            "created_time": "2025-02-18T15:48:32.900271Z",
            "yes_price": 1,
            "no_price": 99,
            "taker_side": "yes"
        },
        {
            "trade_id": "ac94c913-c964-49bf-aa8b-0ed44eee1ab2",
            "ticker": "KXHIGHMIA-25FEB18-B75.5",
            "count": 1,
            "created_time": "2025-02-18T15:48:31.538658Z",
            "yes_price": 1,
            "no_price": 99,
            "taker_side": "yes"
        },
        {
            "trade_id": "3fc55b33-468b-45be-8d19-26c0caef0f29",
            "ticker": "KXHIGHMIA-25FEB18-B75.5",
            "count": 1,
            "created_time": "2025-02-18T15:48:29.559553Z",
            "yes_price": 1,
            "no_price": 99,
            "taker_side": "yes"
        },
        {
            "trade_id": "6f0fe333-2338-4c08-9b82-765ab5475068",
            "ticker": "KXHIGHMIA-25FEB18-B75.5",
            "count": 1,
            "created_time": "2025-02-18T15:48:27.754213Z",
            "yes_price": 1,
            "no_price": 99,
            "taker_side": "yes"
        },
        {
            "trade_id": "ccf98236-15ad-46a9-bc43-f96510b225c6",
            "ticker": "KXHIGHMIA-25FEB18-B75.5",
            "count": 1,
            "created_time": "2025-02-18T15:48:26.026535Z",
            "yes_price": 1,
            "no_price": 99,
            "taker_side": "yes"
        },
        {
            "trade_id": "de6ff326-6584-44e9-ab03-9880b53d9e38",
            "ticker": "KXHIGHMIA-25FEB18-B75.5",
            "count": 1,
            "created_time": "2025-02-18T15:48:24.269096Z",
            "yes_price": 1,
            "no_price": 99,
            "taker_side": "yes"
        },
        {
            "trade_id": "c8c766e0-f567-4a37-aa1a-8e0815df129e",
            "ticker": "KXHIGHMIA-25FEB18-B75.5",
            "count": 1,
            "created_time": "2025-02-18T15:48:22.929213Z",
            "yes_price": 1,
            "no_price": 99,
            "taker_side": "yes"
        },
        {
            "trade_id": "65873792-01cd-4164-a669-43244bb32f5f",
            "ticker": "KXHIGHMIA-25FEB18-B75.5",
            "count": 1,
            "created_time": "2025-02-18T15:48:21.405996Z",
            "yes_price": 1,
            "no_price": 99,
            "taker_side": "yes"
        },
        {
            "trade_id": "990131a6-044b-408d-8b23-59650dbad049",
            "ticker": "KXHIGHMIA-25FEB18-B75.5",
            "count": 1,
            "created_time": "2025-02-18T15:48:19.99863Z",
            "yes_price": 1,
            "no_price": 99,
            "taker_side": "yes"
        },
        {
            "trade_id": "b16c5fd0-3ea8-422a-ae3e-b10b12bb0208",
            "ticker": "KXHIGHMIA-25FEB18-B75.5",
            "count": 1,
            "created_time": "2025-02-18T15:48:18.49893Z",
            "yes_price": 1,
            "no_price": 99,
            "taker_side": "yes"
        },
        {
            "trade_id": "0c35c284-4e57-4409-9e83-4e0ed49f774c",
            "ticker": "KXHIGHMIA-25FEB18-B75.5",
            "count": 1,
            "created_time": "2025-02-18T15:48:17.101088Z",
            "yes_price": 1,
            "no_price": 99,
            "taker_side": "yes"
        },
        {
            "trade_id": "bf7bb9e6-73d3-491e-a393-82fd9c18d2bb",
            "ticker": "KXHIGHMIA-25FEB18-B75.5",
            "count": 1,
            "created_time": "2025-02-18T15:48:15.757555Z",
            "yes_price": 1,
            "no_price": 99,
            "taker_side": "yes"
        },
        {
            "trade_id": "5c789171-7e1a-43f1-bbf7-b304fdec1769",
            "ticker": "KXHIGHMIA-25FEB18-B75.5",
            "count": 1,
            "created_time": "2025-02-18T15:48:14.294954Z",
            "yes_price": 1,
            "no_price": 99,
            "taker_side": "yes"
        },
        {
            "trade_id": "5950ad0b-983d-4201-ab35-295113892868",
            "ticker": "KXHIGHMIA-25FEB18-B75.5",
            "count": 1,
            "created_time": "2025-02-18T15:48:12.973015Z",
            "yes_price": 1,
            "no_price": 99,
            "taker_side": "yes"
        },
        {
            "trade_id": "f57ad638-42f9-4cd8-8eb0-0f1f74a50fd2",
            "ticker": "KXHIGHMIA-25FEB18-B75.5",
            "count": 1,
            "created_time": "2025-02-18T15:48:11.687619Z",
            "yes_price": 1,
            "no_price": 99,
            "taker_side": "yes"
        },
        {
            "trade_id": "f3e524d6-5224-4107-89bb-d0b7ebbfe2d4",
            "ticker": "KXHIGHMIA-25FEB18-B75.5",
            "count": 1,
            "created_time": "2025-02-18T15:48:10.386854Z",
            "yes_price": 1,
            "no_price": 99,
            "taker_side": "yes"
        },
        {
            "trade_id": "66381067-d320-4437-9234-9ad22ef5cb5d",
            "ticker": "KXHIGHMIA-25FEB18-B75.5",
            "count": 1,
            "created_time": "2025-02-18T15:48:09.058796Z",
            "yes_price": 1,
            "no_price": 99,
            "taker_side": "yes"
        },
        {
            "trade_id": "7d1b2ba7-41f8-412a-a1c6-ce25e5a1326e",
            "ticker": "KXHIGHMIA-25FEB18-B75.5",
            "count": 1,
            "created_time": "2025-02-18T15:48:07.576784Z",
            "yes_price": 1,
            "no_price": 99,
            "taker_side": "yes"
        },
        {
            "trade_id": "ea832cfb-0ae0-46da-a380-f16ba76d7023",
            "ticker": "KXHIGHMIA-25FEB18-B75.5",
            "count": 1,
            "created_time": "2025-02-18T15:48:06.273589Z",
            "yes_price": 1,
            "no_price": 99,
            "taker_side": "yes"
        },
        {
            "trade_id": "ce149499-82a9-4ff2-8198-61959de27967",
            "ticker": "KXHIGHMIA-25FEB18-B75.5",
            "count": 1,
            "created_time": "2025-02-18T15:48:04.94325Z",
            "yes_price": 1,
            "no_price": 99,
            "taker_side": "yes"
        },
        {
            "trade_id": "c3041377-7541-4ea4-b202-e64d619a58e4",
            "ticker": "KXHIGHMIA-25FEB18-B75.5",
            "count": 1,
            "created_time": "2025-02-18T15:48:03.481798Z",
            "yes_price": 1,
            "no_price": 99,
            "taker_side": "yes"
        },
        {
            "trade_id": "cd7ac285-05b0-46dd-872e-eab4e5bb5d9c",
            "ticker": "KXHIGHMIA-25FEB18-B75.5",
            "count": 1,
            "created_time": "2025-02-18T15:48:02.135428Z",
            "yes_price": 1,
            "no_price": 99,
            "taker_side": "yes"
        },
        {
            "trade_id": "e647bdd8-1975-480a-a014-ef4de0fe4ded",
            "ticker": "KXHIGHMIA-25FEB18-B75.5",
            "count": 1,
            "created_time": "2025-02-18T15:48:00.623033Z",
            "yes_price": 1,
            "no_price": 99,
            "taker_side": "yes"
        },
        {
            "trade_id": "c0100686-73f1-4140-a382-ccc1e8fdd032",
            "ticker": "KXHIGHMIA-25FEB18-B75.5",
            "count": 1,
            "created_time": "2025-02-18T15:47:59.24816Z",
            "yes_price": 1,
            "no_price": 99,
            "taker_side": "yes"
        },
        {
            "trade_id": "e5099726-93e5-4ce5-aaf4-b3bbc6a02061",
            "ticker": "KXHIGHMIA-25FEB18-B75.5",
            "count": 1,
            "created_time": "2025-02-18T15:47:57.844204Z",
            "yes_price": 1,
            "no_price": 99,
            "taker_side": "yes"
        },
        {
            "trade_id": "d611c4d6-613d-457d-8fa0-d87dc62013db",
            "ticker": "KXHIGHMIA-25FEB18-B75.5",
            "count": 1,
            "created_time": "2025-02-18T15:47:56.434152Z",
            "yes_price": 1,
            "no_price": 99,
            "taker_side": "yes"
        },
        {
            "trade_id": "86886b56-a685-4caa-8592-d8fcd1ec9474",
            "ticker": "KXHIGHMIA-25FEB18-B75.5",
            "count": 1,
            "created_time": "2025-02-18T15:47:54.864353Z",
            "yes_price": 1,
            "no_price": 99,
            "taker_side": "yes"
        },
        {
            "trade_id": "42f3aede-36cd-423a-b252-909e6da01aaa",
            "ticker": "KXHIGHMIA-25FEB18-B75.5",
            "count": 1,
            "created_time": "2025-02-18T15:47:53.624672Z",
            "yes_price": 1,
            "no_price": 99,
            "taker_side": "yes"
        },
        {
            "trade_id": "78c96bd7-afac-4e0c-a14b-e25d70f22663",
            "ticker": "KXHIGHMIA-25FEB18-B75.5",
            "count": 1,
            "created_time": "2025-02-18T15:46:45.501501Z",
            "yes_price": 1,
            "no_price": 99,
            "taker_side": "yes"
        },
        {
            "trade_id": "b1fab283-04c1-4513-9149-b322a9f91afc",
            "ticker": "KXHIGHMIA-25FEB18-B75.5",
            "count": 1,
            "created_time": "2025-02-18T15:46:44.114677Z",
            "yes_price": 1,
            "no_price": 99,
            "taker_side": "yes"
        },
        {
            "trade_id": "6fa0498d-ab91-4b89-b93f-8475eaaa8510",
            "ticker": "KXHIGHMIA-25FEB18-B75.5",
            "count": 1,
            "created_time": "2025-02-18T15:46:42.520289Z",
            "yes_price": 1,
            "no_price": 99,
            "taker_side": "yes"
        },
        {
            "trade_id": "96a6fb4e-b100-4037-8c8b-ad6ae978641b",
            "ticker": "KXHIGHMIA-25FEB18-B75.5",
            "count": 1,
            "created_time": "2025-02-18T15:46:03.64389Z",
            "yes_price": 1,
            "no_price": 99,
            "taker_side": "yes"
        },
        {
            "trade_id": "28777f2e-255f-462a-a963-40c88bcdb88f",
            "ticker": "KXHIGHMIA-25FEB18-B75.5",
            "count": 1,
            "created_time": "2025-02-18T15:45:46.163358Z",
            "yes_price": 1,
            "no_price": 99,
            "taker_side": "yes"
        },
        {
            "trade_id": "417c4865-4a8b-4aad-8875-d9988c0857f1",
            "ticker": "KXHIGHMIA-25FEB18-B75.5",
            "count": 1,
            "created_time": "2025-02-18T15:45:44.697003Z",
            "yes_price": 1,
            "no_price": 99,
            "taker_side": "yes"
        },
        {
            "trade_id": "3f875eaf-e637-4e09-afad-2a354d0d47bf",
            "ticker": "KXHIGHMIA-25FEB18-B75.5",
            "count": 1,
            "created_time": "2025-02-18T15:45:42.710125Z",
            "yes_price": 1,
            "no_price": 99,
            "taker_side": "yes"
        },
        {
            "trade_id": "ac0fee99-8603-485e-9e77-31751a911359",
            "ticker": "KXHIGHMIA-25FEB18-B75.5",
            "count": 1,
            "created_time": "2025-02-18T15:45:40.695395Z",
            "yes_price": 1,
            "no_price": 99,
            "taker_side": "yes"
        },
        {
            "trade_id": "d5f95b09-3fb1-4084-a986-10170f04eabd",
            "ticker": "KXHIGHMIA-25FEB18-B75.5",
            "count": 1,
            "created_time": "2025-02-18T15:45:38.965343Z",
            "yes_price": 1,
            "no_price": 99,
            "taker_side": "yes"
        },
        {
            "trade_id": "7d8c6a51-43d2-44d5-aa65-59c977076242",
            "ticker": "KXHIGHMIA-25FEB18-B75.5",
            "count": 1,
            "created_time": "2025-02-18T15:45:37.406112Z",
            "yes_price": 1,
            "no_price": 99,
            "taker_side": "yes"
        },
        {
            "trade_id": "6a4abe6d-feda-4df4-8761-e928f23e5d6c",
            "ticker": "KXHIGHMIA-25FEB18-B75.5",
            "count": 1,
            "created_time": "2025-02-18T15:45:36.075541Z",
            "yes_price": 1,
            "no_price": 99,
            "taker_side": "yes"
        },
        {
            "trade_id": "dfb2501a-b3d6-426c-aab9-ff4481ae1b3c",
            "ticker": "KXHIGHMIA-25FEB18-B75.5",
            "count": 1,
            "created_time": "2025-02-18T15:45:34.655352Z",
            "yes_price": 1,
            "no_price": 99,
            "taker_side": "yes"
        },
        {
            "trade_id": "9d919ef6-3937-4844-aee5-a7a54a86978c",
            "ticker": "KXHIGHMIA-25FEB18-B75.5",
            "count": 1,
            "created_time": "2025-02-18T15:45:33.275462Z",
            "yes_price": 1,
            "no_price": 99,
            "taker_side": "yes"
        },
        {
            "trade_id": "671104f6-5dd7-491e-9a4f-f2edb79566c6",
            "ticker": "KXHIGHMIA-25FEB18-B75.5",
            "count": 1,
            "created_time": "2025-02-18T15:41:04.884171Z",
            "yes_price": 1,
            "no_price": 99,
            "taker_side": "yes"
        },
        {
            "trade_id": "594a00a6-2a40-4848-b9a5-3b12cc1bc254",
            "ticker": "KXHIGHMIA-25FEB18-B75.5",
            "count": 1,
            "created_time": "2025-02-18T14:16:24.501317Z",
            "yes_price": 1,
            "no_price": 99,
            "taker_side": "yes"
        },
        {
            "trade_id": "f26f9d7f-1517-4977-b210-5bc864090100",
            "ticker": "KXHIGHMIA-25FEB18-B75.5",
            "count": 1,
            "created_time": "2025-02-18T14:16:23.199119Z",
            "yes_price": 1,
            "no_price": 99,
            "taker_side": "yes"
        },
        {
            "trade_id": "58b11c6c-38d4-4d3c-bd52-c4a2603d38be",
            "ticker": "KXHIGHMIA-25FEB18-B75.5",
            "count": 1,
            "created_time": "2025-02-18T14:16:21.681689Z",
            "yes_price": 1,
            "no_price": 99,
            "taker_side": "yes"
        },
        {
            "trade_id": "67b42c8d-c4ce-4965-b5b2-409eb24022f8",
            "ticker": "KXHIGHMIA-25FEB18-B75.5",
            "count": 1,
            "created_time": "2025-02-18T14:15:06.515391Z",
            "yes_price": 1,
            "no_price": 99,
            "taker_side": "yes"
        },
        {
            "trade_id": "c7f41c3c-a49a-4e55-85f6-96ae22901ea2",
            "ticker": "KXHIGHMIA-25FEB18-B75.5",
            "count": 1,
            "created_time": "2025-02-18T14:15:05.195366Z",
            "yes_price": 1,
            "no_price": 99,
            "taker_side": "yes"
        },
        {
            "trade_id": "5ca5e27c-ceb4-4256-bf2f-80d62e88251b",
            "ticker": "KXHIGHMIA-25FEB18-B75.5",
            "count": 1,
            "created_time": "2025-02-18T14:15:03.796739Z",
            "yes_price": 1,
            "no_price": 99,
            "taker_side": "yes"
        },
        {
            "trade_id": "c2c1b859-d2ba-4394-b5c8-f44e9bd3248b",
            "ticker": "KXHIGHMIA-25FEB18-B75.5",
            "count": 1,
            "created_time": "2025-02-18T14:13:45.381909Z",
            "yes_price": 1,
            "no_price": 99,
            "taker_side": "yes"
        },
        {
            "trade_id": "5b5dab86-75ca-4d7d-87fe-178859ff0041",
            "ticker": "KXHIGHMIA-25FEB18-B75.5",
            "count": 1,
            "created_time": "2025-02-18T14:13:44.012437Z",
            "yes_price": 1,
            "no_price": 99,
            "taker_side": "yes"
        },
        {
            "trade_id": "3ce25f10-d09a-4a08-b376-78c075a0f0a4",
            "ticker": "KXHIGHMIA-25FEB18-B75.5",
            "count": 1,
            "created_time": "2025-02-18T14:13:42.683065Z",
            "yes_price": 1,
            "no_price": 99,
            "taker_side": "yes"
        },
        {
            "trade_id": "b9bc0c8d-aa92-4363-8e2c-95313a58e810",
            "ticker": "KXHIGHMIA-25FEB18-B75.5",
            "count": 1,
            "created_time": "2025-02-18T14:13:41.381752Z",
            "yes_price": 1,
            "no_price": 99,
            "taker_side": "yes"
        },
        {
            "trade_id": "14f1e9ae-53a7-449a-9e54-0c3e34af8586",
            "ticker": "KXHIGHMIA-25FEB18-B75.5",
            "count": 1,
            "created_time": "2025-02-18T14:13:40.056879Z",
            "yes_price": 1,
            "no_price": 99,
            "taker_side": "yes"
        },
        {
            "trade_id": "8d268697-1338-4ee2-8e30-79bf5c733c15",
            "ticker": "KXHIGHMIA-25FEB18-B75.5",
            "count": 1,
            "created_time": "2025-02-18T14:13:38.604405Z",
            "yes_price": 1,
            "no_price": 99,
            "taker_side": "yes"
        },
        {
            "trade_id": "6a10531b-b798-469b-b5f2-2961438cbe00",
            "ticker": "KXHIGHMIA-25FEB18-B75.5",
            "count": 1,
            "created_time": "2025-02-18T14:13:37.182681Z",
            "yes_price": 1,
            "no_price": 99,
            "taker_side": "yes"
        },
        {
            "trade_id": "59a3edda-0102-46e1-b2b0-4cc8af41be9e",
            "ticker": "KXHIGHMIA-25FEB18-B75.5",
            "count": 1,
            "created_time": "2025-02-18T14:13:35.786958Z",
            "yes_price": 1,
            "no_price": 99,
            "taker_side": "yes"
        },
        {
            "trade_id": "e7bd9253-982c-458f-adf4-0fed7b4c7a2f",
            "ticker": "KXHIGHMIA-25FEB18-B75.5",
            "count": 1,
            "created_time": "2025-02-18T14:13:34.442945Z",
            "yes_price": 1,
            "no_price": 99,
            "taker_side": "yes"
        },
        {
            "trade_id": "0b15b78f-9a31-4d75-b502-abbc3ef49759",
            "ticker": "KXHIGHMIA-25FEB18-B75.5",
            "count": 1,
            "created_time": "2025-02-18T14:13:33.027587Z",
            "yes_price": 1,
            "no_price": 99,
            "taker_side": "yes"
        },
        {
            "trade_id": "88aa33e4-f02e-46dc-a066-c51e9dd278e0",
            "ticker": "KXHIGHMIA-25FEB18-B75.5",
            "count": 1,
            "created_time": "2025-02-18T14:13:31.619885Z",
            "yes_price": 1,
            "no_price": 99,
            "taker_side": "yes"
        },
        {
            "trade_id": "d56bffa6-9129-4176-b424-a9e7b5828b8b",
            "ticker": "KXHIGHMIA-25FEB18-B75.5",
            "count": 1,
            "created_time": "2025-02-18T14:13:30.143851Z",
            "yes_price": 1,
            "no_price": 99,
            "taker_side": "yes"
        },
        {
            "trade_id": "8c3303aa-697c-4704-a7a6-ac485a3864bb",
            "ticker": "KXHIGHMIA-25FEB18-B75.5",
            "count": 1,
            "created_time": "2025-02-18T14:13:28.657128Z",
            "yes_price": 1,
            "no_price": 99,
            "taker_side": "yes"
        },
        {
            "trade_id": "9bf27a16-3391-40f2-b5ed-1de3e581727e",
            "ticker": "KXHIGHMIA-25FEB18-B75.5",
            "count": 100,
            "created_time": "2025-02-18T01:54:32.15108Z",
            "yes_price": 2,
            "no_price": 98,
            "taker_side": "no"
        },
        {
            "trade_id": "80385e08-1c4f-4af3-8277-52b8fe85ac94",
            "ticker": "KXHIGHMIA-25FEB18-B75.5",
            "count": 2,
            "created_time": "2025-02-18T01:54:32.15108Z",
            "yes_price": 3,
            "no_price": 97,
            "taker_side": "no"
        },
        {
            "trade_id": "15451f14-3b74-4417-988b-2135ad106718",
            "ticker": "KXHIGHMIA-25FEB18-B75.5",
            "count": 7,
            "created_time": "2025-02-18T01:54:32.15108Z",
            "yes_price": 2,
            "no_price": 98,
            "taker_side": "no"
        },
        {
            "trade_id": "ca862daf-8174-4420-8719-30345446d0f7",
            "ticker": "KXHIGHMIA-25FEB18-B75.5",
            "count": 1,
            "created_time": "2025-02-18T00:33:22.639843Z",
            "yes_price": 3,
            "no_price": 97,
            "taker_side": "no"
        },
        {
            "trade_id": "903e124f-b948-45f9-9f85-feba905f7433",
            "ticker": "KXHIGHMIA-25FEB18-B75.5",
            "count": 1,
            "created_time": "2025-02-17T22:54:52.664386Z",
            "yes_price": 2,
            "no_price": 98,
            "taker_side": "no"
        },
        {
            "trade_id": "86e84d11-12c4-40c6-9392-0ec1ec768999",
            "ticker": "KXHIGHMIA-25FEB18-B75.5",
            "count": 187,
            "created_time": "2025-02-17T21:27:38.802671Z",
            "yes_price": 7,
            "no_price": 93,
            "taker_side": "yes"
        },
        {
            "trade_id": "8042565c-24d7-48c8-bb7e-1807cf4c1b30",
            "ticker": "KXHIGHMIA-25FEB18-B75.5",
            "count": 27,
            "created_time": "2025-02-17T21:27:38.802671Z",
            "yes_price": 5,
            "no_price": 95,
            "taker_side": "yes"
        },
        {
            "trade_id": "6de8b403-6942-4e51-8029-41d85ac6d7df",
            "ticker": "KXHIGHMIA-25FEB18-B75.5",
            "count": 50,
            "created_time": "2025-02-17T21:27:38.802671Z",
            "yes_price": 5,
            "no_price": 95,
            "taker_side": "yes"
        },
        {
            "trade_id": "280d9bb7-a1b9-430a-b219-5657b33b985c",
            "ticker": "KXHIGHMIA-25FEB18-B75.5",
            "count": 4,
            "created_time": "2025-02-17T21:27:38.802671Z",
            "yes_price": 4,
            "no_price": 96,
            "taker_side": "yes"
        },
        {
            "trade_id": "1a429b6d-bde1-4e74-a294-dd1970576aa3",
            "ticker": "KXHIGHMIA-25FEB18-B75.5",
            "count": 33,
            "created_time": "2025-02-17T21:27:38.802671Z",
            "yes_price": 5,
            "no_price": 95,
            "taker_side": "yes"
        },
        {
            "trade_id": "a3168e97-a5d0-4264-bba5-f647073ef493",
            "ticker": "KXHIGHMIA-25FEB18-B75.5",
            "count": 18,
            "created_time": "2025-02-17T15:29:22.007262Z",
            "yes_price": 5,
            "no_price": 95,
            "taker_side": "yes"
        }
    ],
    "KXHIGHMIA-25FEB18-B77.5": [
        {
            "trade_id": "532f656a-2d8d-48f2-90c0-bcedb3fd5b52",
            "ticker": "KXHIGHMIA-25FEB18-B77.5",
            "count": 233,
            "created_time": "2025-02-19T02:30:34.744548Z",
            "yes_price": 1,
            "no_price": 99,
            "taker_side": "yes"
        },
        {
            "trade_id": "571d16aa-50f3-47c0-8a32-60be2660c04b",
            "ticker": "KXHIGHMIA-25FEB18-B77.5",
            "count": 93,
            "created_time": "2025-02-18T21:05:31.050958Z",
            "yes_price": 1,
            "no_price": 99,
            "taker_side": "yes"
        },
        {
            "trade_id": "7fd00794-d1c3-4f56-9564-898079ed0b2e",
            "ticker": "KXHIGHMIA-25FEB18-B77.5",
            "count": 1,
            "created_time": "2025-02-18T16:01:34.788206Z",
            "yes_price": 1,
            "no_price": 99,
            "taker_side": "yes"
        },
        {
            "trade_id": "ac9cc110-d7c0-4dff-877c-a7e3d8ff2687",
            "ticker": "KXHIGHMIA-25FEB18-B77.5",
            "count": 1,
            "created_time": "2025-02-18T16:01:33.015285Z",
            "yes_price": 1,
            "no_price": 99,
            "taker_side": "yes"
        },
        {
            "trade_id": "0610db5e-10ae-4f7d-9d72-b3ba765ac7e8",
            "ticker": "KXHIGHMIA-25FEB18-B77.5",
            "count": 1,
            "created_time": "2025-02-18T16:01:31.150035Z",
            "yes_price": 1,
            "no_price": 99,
            "taker_side": "yes"
        },
        {
            "trade_id": "fbe56b30-6f39-431d-81d2-6cd20c1c7a09",
            "ticker": "KXHIGHMIA-25FEB18-B77.5",
            "count": 1,
            "created_time": "2025-02-18T16:01:29.647514Z",
            "yes_price": 1,
            "no_price": 99,
            "taker_side": "yes"
        },
        {
            "trade_id": "4d581249-9f12-48f0-8310-0a5334b367e4",
            "ticker": "KXHIGHMIA-25FEB18-B77.5",
            "count": 1,
            "created_time": "2025-02-18T16:01:28.371797Z",
            "yes_price": 1,
            "no_price": 99,
            "taker_side": "yes"
        },
        {
            "trade_id": "c324ba9f-8c07-4770-ad22-ae9625990d8a",
            "ticker": "KXHIGHMIA-25FEB18-B77.5",
            "count": 1,
            "created_time": "2025-02-18T16:01:27.432182Z",
            "yes_price": 1,
            "no_price": 99,
            "taker_side": "yes"
        },
        {
            "trade_id": "3198790e-f16a-4847-be40-44cd3f60e51f",
            "ticker": "KXHIGHMIA-25FEB18-B77.5",
            "count": 1,
            "created_time": "2025-02-18T16:01:26.217955Z",
            "yes_price": 1,
            "no_price": 99,
            "taker_side": "yes"
        },
        {
            "trade_id": "d724b479-588d-4816-9e47-e56901e72b52",
            "ticker": "KXHIGHMIA-25FEB18-B77.5",
            "count": 1,
            "created_time": "2025-02-18T16:01:25.342808Z",
            "yes_price": 1,
            "no_price": 99,
            "taker_side": "yes"
        },
        {
            "trade_id": "c22e8e5b-bae2-45eb-8909-f95483735197",
            "ticker": "KXHIGHMIA-25FEB18-B77.5",
            "count": 1,
            "created_time": "2025-02-18T16:01:24.025839Z",
            "yes_price": 1,
            "no_price": 99,
            "taker_side": "yes"
        },
        {
            "trade_id": "5a53b2df-c3f4-42b4-b972-119f818258a3",
            "ticker": "KXHIGHMIA-25FEB18-B77.5",
            "count": 1,
            "created_time": "2025-02-18T16:01:23.18179Z",
            "yes_price": 1,
            "no_price": 99,
            "taker_side": "yes"
        },
        {
            "trade_id": "8f5443ee-1973-483a-91dc-0cf0721e5f23",
            "ticker": "KXHIGHMIA-25FEB18-B77.5",
            "count": 1,
            "created_time": "2025-02-18T16:01:21.867303Z",
            "yes_price": 1,
            "no_price": 99,
            "taker_side": "yes"
        },
        {
            "trade_id": "deb9fad9-8b2e-402c-8a92-9264fd4842bc",
            "ticker": "KXHIGHMIA-25FEB18-B77.5",
            "count": 1,
            "created_time": "2025-02-18T16:01:20.941745Z",
            "yes_price": 1,
            "no_price": 99,
            "taker_side": "yes"
        },
        {
            "trade_id": "6e4ae907-656e-44d2-9bff-f26afa8b9a3e",
            "ticker": "KXHIGHMIA-25FEB18-B77.5",
            "count": 1,
            "created_time": "2025-02-18T16:01:19.604091Z",
            "yes_price": 1,
            "no_price": 99,
            "taker_side": "yes"
        },
        {
            "trade_id": "93330904-6862-4571-a37c-9273d6e4c35e",
            "ticker": "KXHIGHMIA-25FEB18-B77.5",
            "count": 1,
            "created_time": "2025-02-18T16:01:18.72589Z",
            "yes_price": 1,
            "no_price": 99,
            "taker_side": "yes"
        },
        {
            "trade_id": "354a22d4-c1ba-410a-8494-7b34a801a662",
            "ticker": "KXHIGHMIA-25FEB18-B77.5",
            "count": 1,
            "created_time": "2025-02-18T16:01:17.329089Z",
            "yes_price": 1,
            "no_price": 99,
            "taker_side": "yes"
        },
        {
            "trade_id": "80a62fb1-4308-43f7-b4d0-467b454a05b7",
            "ticker": "KXHIGHMIA-25FEB18-B77.5",
            "count": 1,
            "created_time": "2025-02-18T16:01:16.39806Z",
            "yes_price": 1,
            "no_price": 99,
            "taker_side": "yes"
        },
        {
            "trade_id": "cfc6f6a4-7d9f-45ef-baed-44949d5ff17b",
            "ticker": "KXHIGHMIA-25FEB18-B77.5",
            "count": 1,
            "created_time": "2025-02-18T15:49:28.873307Z",
            "yes_price": 1,
            "no_price": 99,
            "taker_side": "yes"
        },
        {
            "trade_id": "96b9e5f3-7902-4999-8355-e50fd9e24184",
            "ticker": "KXHIGHMIA-25FEB18-B77.5",
            "count": 1,
            "created_time": "2025-02-18T15:49:27.474097Z",
            "yes_price": 1,
            "no_price": 99,
            "taker_side": "yes"
        },
        {
            "trade_id": "85f353ae-ea5f-4400-a924-96ab23b788ee",
            "ticker": "KXHIGHMIA-25FEB18-B77.5",
            "count": 1,
            "created_time": "2025-02-18T15:49:26.155032Z",
            "yes_price": 1,
            "no_price": 99,
            "taker_side": "yes"
        },
        {
            "trade_id": "311697b9-7c1a-490e-9c54-712e61d4ea88",
            "ticker": "KXHIGHMIA-25FEB18-B77.5",
            "count": 1,
            "created_time": "2025-02-18T15:49:24.843145Z",
            "yes_price": 1,
            "no_price": 99,
            "taker_side": "yes"
        },
        {
            "trade_id": "f62623fc-4492-458d-9042-4e9562acbfac",
            "ticker": "KXHIGHMIA-25FEB18-B77.5",
            "count": 1,
            "created_time": "2025-02-18T15:49:23.360061Z",
            "yes_price": 1,
            "no_price": 99,
            "taker_side": "yes"
        },
        {
            "trade_id": "ddb7aab2-9c1e-418d-9e65-c24effffaada",
            "ticker": "KXHIGHMIA-25FEB18-B77.5",
            "count": 1,
            "created_time": "2025-02-18T15:49:22.107533Z",
            "yes_price": 1,
            "no_price": 99,
            "taker_side": "yes"
        },
        {
            "trade_id": "d55312ec-be99-4ab0-8484-fe58c129bf66",
            "ticker": "KXHIGHMIA-25FEB18-B77.5",
            "count": 1,
            "created_time": "2025-02-18T15:49:20.570724Z",
            "yes_price": 1,
            "no_price": 99,
            "taker_side": "yes"
        },
        {
            "trade_id": "33c4f322-15f3-4040-bcf9-4d8a70bd8a48",
            "ticker": "KXHIGHMIA-25FEB18-B77.5",
            "count": 1,
            "created_time": "2025-02-18T15:49:19.274225Z",
            "yes_price": 1,
            "no_price": 99,
            "taker_side": "yes"
        },
        {
            "trade_id": "c924c2ae-62a3-4729-aa8d-25f6cd8a8195",
            "ticker": "KXHIGHMIA-25FEB18-B77.5",
            "count": 1,
            "created_time": "2025-02-18T15:48:50.981897Z",
            "yes_price": 1,
            "no_price": 99,
            "taker_side": "yes"
        },
        {
            "trade_id": "c60219d9-cf6e-4b4d-b2d8-a50a5b097dfb",
            "ticker": "KXHIGHMIA-25FEB18-B77.5",
            "count": 1,
            "created_time": "2025-02-18T15:48:49.497694Z",
            "yes_price": 1,
            "no_price": 99,
            "taker_side": "yes"
        },
        {
            "trade_id": "b9296d97-8491-4130-b9bf-7c0d11ef7d7a",
            "ticker": "KXHIGHMIA-25FEB18-B77.5",
            "count": 1,
            "created_time": "2025-02-18T15:48:48.208134Z",
            "yes_price": 1,
            "no_price": 99,
            "taker_side": "yes"
        },
        {
            "trade_id": "fff30ec1-d0df-48f0-bae0-b8f53ede258b",
            "ticker": "KXHIGHMIA-25FEB18-B77.5",
            "count": 1,
            "created_time": "2025-02-18T15:48:46.845965Z",
            "yes_price": 1,
            "no_price": 99,
            "taker_side": "yes"
        },
        {
            "trade_id": "fe0c22bf-caec-4f8e-9a70-62e9c4ad72e7",
            "ticker": "KXHIGHMIA-25FEB18-B77.5",
            "count": 1,
            "created_time": "2025-02-18T15:48:45.457194Z",
            "yes_price": 1,
            "no_price": 99,
            "taker_side": "yes"
        },
        {
            "trade_id": "8e2f103c-8737-4ccd-95b5-fab12f94b45a",
            "ticker": "KXHIGHMIA-25FEB18-B77.5",
            "count": 1,
            "created_time": "2025-02-18T15:48:44.020415Z",
            "yes_price": 1,
            "no_price": 99,
            "taker_side": "yes"
        },
        {
            "trade_id": "d0069fb2-007e-4ebf-b9cd-308602a946a2",
            "ticker": "KXHIGHMIA-25FEB18-B77.5",
            "count": 1,
            "created_time": "2025-02-18T15:48:42.766756Z",
            "yes_price": 1,
            "no_price": 99,
            "taker_side": "yes"
        },
        {
            "trade_id": "9af3150a-4f8d-44b2-9e26-ea81a1808a69",
            "ticker": "KXHIGHMIA-25FEB18-B77.5",
            "count": 1,
            "created_time": "2025-02-18T15:48:41.338453Z",
            "yes_price": 1,
            "no_price": 99,
            "taker_side": "yes"
        },
        {
            "trade_id": "c71723ce-c1e7-42cc-97b0-72ddaf15ddfd",
            "ticker": "KXHIGHMIA-25FEB18-B77.5",
            "count": 1,
            "created_time": "2025-02-18T15:48:39.961612Z",
            "yes_price": 1,
            "no_price": 99,
            "taker_side": "yes"
        },
        {
            "trade_id": "df2830be-3fda-4ae8-80eb-2ed82685b9b0",
            "ticker": "KXHIGHMIA-25FEB18-B77.5",
            "count": 1,
            "created_time": "2025-02-18T15:48:38.62752Z",
            "yes_price": 1,
            "no_price": 99,
            "taker_side": "yes"
        },
        {
            "trade_id": "d7950404-e4f2-41b2-b2c5-c6684cae1833",
            "ticker": "KXHIGHMIA-25FEB18-B77.5",
            "count": 1,
            "created_time": "2025-02-18T15:48:37.222195Z",
            "yes_price": 1,
            "no_price": 99,
            "taker_side": "yes"
        },
        {
            "trade_id": "179fa954-4dc8-47b6-971b-27a5448b99d4",
            "ticker": "KXHIGHMIA-25FEB18-B77.5",
            "count": 1,
            "created_time": "2025-02-18T15:48:35.88682Z",
            "yes_price": 1,
            "no_price": 99,
            "taker_side": "yes"
        },
        {
            "trade_id": "515d2f8b-cfe3-4119-a238-3faf8c6899e7",
            "ticker": "KXHIGHMIA-25FEB18-B77.5",
            "count": 1,
            "created_time": "2025-02-18T15:48:34.455698Z",
            "yes_price": 1,
            "no_price": 99,
            "taker_side": "yes"
        },
        {
            "trade_id": "40d1c068-096e-4c1d-b1c6-677c9621c2fe",
            "ticker": "KXHIGHMIA-25FEB18-B77.5",
            "count": 1,
            "created_time": "2025-02-18T15:48:33.065208Z",
            "yes_price": 1,
            "no_price": 99,
            "taker_side": "yes"
        },
        {
            "trade_id": "af11c5be-060e-43e4-8a32-0624106f4aca",
            "ticker": "KXHIGHMIA-25FEB18-B77.5",
            "count": 1,
            "created_time": "2025-02-18T15:48:31.715367Z",
            "yes_price": 1,
            "no_price": 99,
            "taker_side": "yes"
        },
        {
            "trade_id": "17226fdd-b53d-4fe5-ba21-efe65efbc293",
            "ticker": "KXHIGHMIA-25FEB18-B77.5",
            "count": 1,
            "created_time": "2025-02-18T15:48:29.842022Z",
            "yes_price": 1,
            "no_price": 99,
            "taker_side": "yes"
        },
        {
            "trade_id": "ec449972-3f8f-44fd-a83a-6f14259fbd97",
            "ticker": "KXHIGHMIA-25FEB18-B77.5",
            "count": 1,
            "created_time": "2025-02-18T15:48:27.963131Z",
            "yes_price": 1,
            "no_price": 99,
            "taker_side": "yes"
        },
        {
            "trade_id": "e038afbc-4856-4968-9dc7-bc01690db597",
            "ticker": "KXHIGHMIA-25FEB18-B77.5",
            "count": 1,
            "created_time": "2025-02-18T15:48:26.202633Z",
            "yes_price": 1,
            "no_price": 99,
            "taker_side": "yes"
        },
        {
            "trade_id": "d71713ac-36af-43f1-9b87-6c61349b6e5b",
            "ticker": "KXHIGHMIA-25FEB18-B77.5",
            "count": 1,
            "created_time": "2025-02-18T15:48:24.432816Z",
            "yes_price": 1,
            "no_price": 99,
            "taker_side": "yes"
        },
        {
            "trade_id": "ed499c21-5ea5-49cb-90ae-930bedf6ffa7",
            "ticker": "KXHIGHMIA-25FEB18-B77.5",
            "count": 1,
            "created_time": "2025-02-18T15:48:23.084874Z",
            "yes_price": 1,
            "no_price": 99,
            "taker_side": "yes"
        },
        {
            "trade_id": "47c5b390-f154-4392-affa-327255aee4cb",
            "ticker": "KXHIGHMIA-25FEB18-B77.5",
            "count": 1,
            "created_time": "2025-02-18T15:48:21.554902Z",
            "yes_price": 1,
            "no_price": 99,
            "taker_side": "yes"
        },
        {
            "trade_id": "d85b0944-9ddf-445c-b85a-004b61e1982b",
            "ticker": "KXHIGHMIA-25FEB18-B77.5",
            "count": 1,
            "created_time": "2025-02-18T15:48:20.162383Z",
            "yes_price": 1,
            "no_price": 99,
            "taker_side": "yes"
        },
        {
            "trade_id": "48519b35-2f54-4747-8e2f-fd476bb4cb29",
            "ticker": "KXHIGHMIA-25FEB18-B77.5",
            "count": 1,
            "created_time": "2025-02-18T15:48:18.63054Z",
            "yes_price": 1,
            "no_price": 99,
            "taker_side": "yes"
        },
        {
            "trade_id": "50cd5fe0-3233-4ed8-965e-12298923ea0b",
            "ticker": "KXHIGHMIA-25FEB18-B77.5",
            "count": 1,
            "created_time": "2025-02-18T15:48:17.25969Z",
            "yes_price": 1,
            "no_price": 99,
            "taker_side": "yes"
        },
        {
            "trade_id": "157b686d-a346-4aba-96c9-c2b4d9975b53",
            "ticker": "KXHIGHMIA-25FEB18-B77.5",
            "count": 1,
            "created_time": "2025-02-18T15:48:15.874063Z",
            "yes_price": 1,
            "no_price": 99,
            "taker_side": "yes"
        },
        {
            "trade_id": "78483980-aa19-47d3-a709-f84bdf552799",
            "ticker": "KXHIGHMIA-25FEB18-B77.5",
            "count": 1,
            "created_time": "2025-02-18T15:48:14.452623Z",
            "yes_price": 1,
            "no_price": 99,
            "taker_side": "yes"
        },
        {
            "trade_id": "94e138fe-a479-40b4-9a26-b371da474657",
            "ticker": "KXHIGHMIA-25FEB18-B77.5",
            "count": 1,
            "created_time": "2025-02-18T15:48:13.115338Z",
            "yes_price": 1,
            "no_price": 99,
            "taker_side": "yes"
        },
        {
            "trade_id": "9012f149-e273-43b1-9549-f3851bec727e",
            "ticker": "KXHIGHMIA-25FEB18-B77.5",
            "count": 1,
            "created_time": "2025-02-18T15:48:11.822245Z",
            "yes_price": 1,
            "no_price": 99,
            "taker_side": "yes"
        },
        {
            "trade_id": "f573f5af-a2af-4a49-ad35-246ffddb5f39",
            "ticker": "KXHIGHMIA-25FEB18-B77.5",
            "count": 1,
            "created_time": "2025-02-18T15:48:10.524017Z",
            "yes_price": 1,
            "no_price": 99,
            "taker_side": "yes"
        },
        {
            "trade_id": "05626afb-a64e-4316-8cea-b53fba55dd41",
            "ticker": "KXHIGHMIA-25FEB18-B77.5",
            "count": 1,
            "created_time": "2025-02-18T15:48:09.22965Z",
            "yes_price": 1,
            "no_price": 99,
            "taker_side": "yes"
        },
        {
            "trade_id": "1fc423d1-705b-460a-84c8-7cf748b9a972",
            "ticker": "KXHIGHMIA-25FEB18-B77.5",
            "count": 1,
            "created_time": "2025-02-18T15:48:07.705727Z",
            "yes_price": 1,
            "no_price": 99,
            "taker_side": "yes"
        },
        {
            "trade_id": "4af50837-1410-4ae2-8701-2563ae2b932a",
            "ticker": "KXHIGHMIA-25FEB18-B77.5",
            "count": 1,
            "created_time": "2025-02-18T15:48:06.43215Z",
            "yes_price": 1,
            "no_price": 99,
            "taker_side": "yes"
        },
        {
            "trade_id": "27fb8da9-5487-4aa9-b04e-276cfed404a1",
            "ticker": "KXHIGHMIA-25FEB18-B77.5",
            "count": 1,
            "created_time": "2025-02-18T15:48:05.062612Z",
            "yes_price": 1,
            "no_price": 99,
            "taker_side": "yes"
        },
        {
            "trade_id": "17902da9-f1c8-4633-a7d0-fd70783cf730",
            "ticker": "KXHIGHMIA-25FEB18-B77.5",
            "count": 1,
            "created_time": "2025-02-18T15:48:03.622033Z",
            "yes_price": 1,
            "no_price": 99,
            "taker_side": "yes"
        },
        {
            "trade_id": "68f04bad-cd23-464b-9e77-cb420b105ede",
            "ticker": "KXHIGHMIA-25FEB18-B77.5",
            "count": 1,
            "created_time": "2025-02-18T15:48:02.291333Z",
            "yes_price": 1,
            "no_price": 99,
            "taker_side": "yes"
        },
        {
            "trade_id": "8b233f3c-4ae1-4279-86bc-94500fff17a7",
            "ticker": "KXHIGHMIA-25FEB18-B77.5",
            "count": 1,
            "created_time": "2025-02-18T15:48:00.830214Z",
            "yes_price": 1,
            "no_price": 99,
            "taker_side": "yes"
        },
        {
            "trade_id": "6e9cd171-54fd-4f08-8862-45a540784bbb",
            "ticker": "KXHIGHMIA-25FEB18-B77.5",
            "count": 1,
            "created_time": "2025-02-18T15:47:59.382197Z",
            "yes_price": 1,
            "no_price": 99,
            "taker_side": "yes"
        },
        {
            "trade_id": "7985088f-62a9-45aa-81f5-0966b76b6499",
            "ticker": "KXHIGHMIA-25FEB18-B77.5",
            "count": 1,
            "created_time": "2025-02-18T15:47:58.090315Z",
            "yes_price": 1,
            "no_price": 99,
            "taker_side": "yes"
        },
        {
            "trade_id": "62ae8968-42a9-4588-8522-35ed67ee0bb2",
            "ticker": "KXHIGHMIA-25FEB18-B77.5",
            "count": 1,
            "created_time": "2025-02-18T15:47:56.605637Z",
            "yes_price": 1,
            "no_price": 99,
            "taker_side": "yes"
        },
        {
            "trade_id": "176d2a94-aba0-4a3f-9f0d-f6b42edeceef",
            "ticker": "KXHIGHMIA-25FEB18-B77.5",
            "count": 1,
            "created_time": "2025-02-18T15:47:55.005167Z",
            "yes_price": 1,
            "no_price": 99,
            "taker_side": "yes"
        },
        {
            "trade_id": "60ba9f74-e3e3-4a06-93cf-0d70611c5d00",
            "ticker": "KXHIGHMIA-25FEB18-B77.5",
            "count": 1,
            "created_time": "2025-02-18T15:47:53.76456Z",
            "yes_price": 1,
            "no_price": 99,
            "taker_side": "yes"
        },
        {
            "trade_id": "41d52ffd-80c8-4efb-99c0-cf0be7c9cfb2",
            "ticker": "KXHIGHMIA-25FEB18-B77.5",
            "count": 1,
            "created_time": "2025-02-18T15:46:45.636111Z",
            "yes_price": 1,
            "no_price": 99,
            "taker_side": "yes"
        },
        {
            "trade_id": "f4b4331f-49fa-404d-86f3-a7b9dd79a444",
            "ticker": "KXHIGHMIA-25FEB18-B77.5",
            "count": 1,
            "created_time": "2025-02-18T15:46:44.28223Z",
            "yes_price": 1,
            "no_price": 99,
            "taker_side": "yes"
        },
        {
            "trade_id": "59ebe481-c41d-47a1-a45a-c203dc4b787f",
            "ticker": "KXHIGHMIA-25FEB18-B77.5",
            "count": 1,
            "created_time": "2025-02-18T15:46:42.736252Z",
            "yes_price": 1,
            "no_price": 99,
            "taker_side": "yes"
        },
        {
            "trade_id": "1e03e2ef-06a5-4cc2-9841-b9b689a954ff",
            "ticker": "KXHIGHMIA-25FEB18-B77.5",
            "count": 1,
            "created_time": "2025-02-18T15:46:03.803516Z",
            "yes_price": 1,
            "no_price": 99,
            "taker_side": "yes"
        },
        {
            "trade_id": "5267bc1a-475d-48e0-b1a6-ef9a9b615e9c",
            "ticker": "KXHIGHMIA-25FEB18-B77.5",
            "count": 1,
            "created_time": "2025-02-18T15:45:46.391399Z",
            "yes_price": 1,
            "no_price": 99,
            "taker_side": "yes"
        },
        {
            "trade_id": "6f3fc5a9-4426-44d0-a591-11dacb507292",
            "ticker": "KXHIGHMIA-25FEB18-B77.5",
            "count": 1,
            "created_time": "2025-02-18T15:45:44.844643Z",
            "yes_price": 1,
            "no_price": 99,
            "taker_side": "yes"
        },
        {
            "trade_id": "20064c75-0dc7-4fb0-b3bf-6de1a7957db5",
            "ticker": "KXHIGHMIA-25FEB18-B77.5",
            "count": 1,
            "created_time": "2025-02-18T15:45:42.92853Z",
            "yes_price": 1,
            "no_price": 99,
            "taker_side": "yes"
        },
        {
            "trade_id": "bb8513a5-787b-49f1-9d30-5ca333cf7ee7",
            "ticker": "KXHIGHMIA-25FEB18-B77.5",
            "count": 1,
            "created_time": "2025-02-18T15:45:40.84035Z",
            "yes_price": 1,
            "no_price": 99,
            "taker_side": "yes"
        },
        {
            "trade_id": "84033051-6c83-41d2-af74-afe0771fa85a",
            "ticker": "KXHIGHMIA-25FEB18-B77.5",
            "count": 1,
            "created_time": "2025-02-18T15:45:39.16052Z",
            "yes_price": 1,
            "no_price": 99,
            "taker_side": "yes"
        },
        {
            "trade_id": "7856ce62-6a2e-426f-ae79-e0f494f14d63",
            "ticker": "KXHIGHMIA-25FEB18-B77.5",
            "count": 1,
            "created_time": "2025-02-18T15:45:37.535939Z",
            "yes_price": 1,
            "no_price": 99,
            "taker_side": "yes"
        },
        {
            "trade_id": "3ce60d74-a590-42e5-a4f6-62cce0dd7c30",
            "ticker": "KXHIGHMIA-25FEB18-B77.5",
            "count": 1,
            "created_time": "2025-02-18T15:45:36.198084Z",
            "yes_price": 1,
            "no_price": 99,
            "taker_side": "yes"
        },
        {
            "trade_id": "83e6d62f-652a-4136-9a68-c77fc9e94c66",
            "ticker": "KXHIGHMIA-25FEB18-B77.5",
            "count": 1,
            "created_time": "2025-02-18T15:45:34.774818Z",
            "yes_price": 1,
            "no_price": 99,
            "taker_side": "yes"
        },
        {
            "trade_id": "354d8b74-8821-4702-878a-9da170f1687a",
            "ticker": "KXHIGHMIA-25FEB18-B77.5",
            "count": 1,
            "created_time": "2025-02-18T15:45:33.408812Z",
            "yes_price": 1,
            "no_price": 99,
            "taker_side": "yes"
        },
        {
            "trade_id": "c0880eb1-622b-466c-828d-ebeffad4b2a7",
            "ticker": "KXHIGHMIA-25FEB18-B77.5",
            "count": 50,
            "created_time": "2025-02-18T14:50:04.785606Z",
            "yes_price": 1,
            "no_price": 99,
            "taker_side": "no"
        },
        {
            "trade_id": "81b9b046-dc95-4fd0-9fc3-3d109e0bc668",
            "ticker": "KXHIGHMIA-25FEB18-B77.5",
            "count": 106,
            "created_time": "2025-02-18T14:50:04.785606Z",
            "yes_price": 1,
            "no_price": 99,
            "taker_side": "no"
        },
        {
            "trade_id": "7957a19e-3c72-4dd3-9736-f87f52f45b8c",
            "ticker": "KXHIGHMIA-25FEB18-B77.5",
            "count": 1,
            "created_time": "2025-02-18T14:50:04.785606Z",
            "yes_price": 1,
            "no_price": 99,
            "taker_side": "no"
        },
        {
            "trade_id": "49dfdb50-3223-4112-916f-45e9d69f4f9f",
            "ticker": "KXHIGHMIA-25FEB18-B77.5",
            "count": 50,
            "created_time": "2025-02-18T14:50:04.785606Z",
            "yes_price": 1,
            "no_price": 99,
            "taker_side": "no"
        },
        {
            "trade_id": "b327557b-dfc7-4c0e-82f1-dd539752abc6",
            "ticker": "KXHIGHMIA-25FEB18-B77.5",
            "count": 1006,
            "created_time": "2025-02-18T14:31:46.770716Z",
            "yes_price": 1,
            "no_price": 99,
            "taker_side": "no"
        },
        {
            "trade_id": "34efe4e5-c503-4dba-8e38-4507c232c458",
            "ticker": "KXHIGHMIA-25FEB18-B77.5",
            "count": 94,
            "created_time": "2025-02-18T14:31:46.770716Z",
            "yes_price": 1,
            "no_price": 99,
            "taker_side": "no"
        },
        {
            "trade_id": "0e2e2c13-6090-49e6-9804-d74b9416cfab",
            "ticker": "KXHIGHMIA-25FEB18-B77.5",
            "count": 93,
            "created_time": "2025-02-18T14:19:08.398277Z",
            "yes_price": 2,
            "no_price": 98,
            "taker_side": "yes"
        },
        {
            "trade_id": "4bc3a86f-ca8f-4848-b553-2392246921e3",
            "ticker": "KXHIGHMIA-25FEB18-B77.5",
            "count": 1,
            "created_time": "2025-02-18T14:16:24.62612Z",
            "yes_price": 2,
            "no_price": 98,
            "taker_side": "yes"
        },
        {
            "trade_id": "6bf131af-e7be-43f2-b7f4-b6aa5b263ffb",
            "ticker": "KXHIGHMIA-25FEB18-B77.5",
            "count": 1,
            "created_time": "2025-02-18T14:16:23.343988Z",
            "yes_price": 2,
            "no_price": 98,
            "taker_side": "yes"
        },
        {
            "trade_id": "ab1d448f-bc40-42ee-ac59-665965ff00c6",
            "ticker": "KXHIGHMIA-25FEB18-B77.5",
            "count": 1,
            "created_time": "2025-02-18T14:16:21.911566Z",
            "yes_price": 2,
            "no_price": 98,
            "taker_side": "yes"
        },
        {
            "trade_id": "7c96a030-4bd9-4ae3-b8dd-aef392f9834d",
            "ticker": "KXHIGHMIA-25FEB18-B77.5",
            "count": 1,
            "created_time": "2025-02-18T14:15:06.682116Z",
            "yes_price": 2,
            "no_price": 98,
            "taker_side": "yes"
        },
        {
            "trade_id": "13e8094f-a80e-4433-a42f-cd4fab7e65d0",
            "ticker": "KXHIGHMIA-25FEB18-B77.5",
            "count": 1,
            "created_time": "2025-02-18T14:15:05.328288Z",
            "yes_price": 2,
            "no_price": 98,
            "taker_side": "yes"
        },
        {
            "trade_id": "620e9f5b-8a6b-442c-a477-93d5ab8173b1",
            "ticker": "KXHIGHMIA-25FEB18-B77.5",
            "count": 1,
            "created_time": "2025-02-18T14:15:03.928695Z",
            "yes_price": 2,
            "no_price": 98,
            "taker_side": "yes"
        },
        {
            "trade_id": "035db20e-2dbb-46af-9f7c-1787d1195b87",
            "ticker": "KXHIGHMIA-25FEB18-B77.5",
            "count": 1,
            "created_time": "2025-02-18T14:13:45.525533Z",
            "yes_price": 2,
            "no_price": 98,
            "taker_side": "yes"
        },
        {
            "trade_id": "66a26d25-15e1-4455-8659-ae5337a9b081",
            "ticker": "KXHIGHMIA-25FEB18-B77.5",
            "count": 1,
            "created_time": "2025-02-18T14:13:44.161469Z",
            "yes_price": 2,
            "no_price": 98,
            "taker_side": "yes"
        },
        {
            "trade_id": "ea5253f1-93e8-469f-a333-ae5b8631cb7b",
            "ticker": "KXHIGHMIA-25FEB18-B77.5",
            "count": 1,
            "created_time": "2025-02-18T14:13:42.811246Z",
            "yes_price": 2,
            "no_price": 98,
            "taker_side": "yes"
        },
        {
            "trade_id": "3ddf8b6d-6f1c-411e-8155-09dea77e17a3",
            "ticker": "KXHIGHMIA-25FEB18-B77.5",
            "count": 1,
            "created_time": "2025-02-18T14:13:41.510888Z",
            "yes_price": 2,
            "no_price": 98,
            "taker_side": "yes"
        },
        {
            "trade_id": "bc66545a-b9a7-4a99-9ff9-47279a2fa09b",
            "ticker": "KXHIGHMIA-25FEB18-B77.5",
            "count": 1,
            "created_time": "2025-02-18T14:13:40.196313Z",
            "yes_price": 2,
            "no_price": 98,
            "taker_side": "yes"
        },
        {
            "trade_id": "017ed87f-ad35-4695-89fe-3e538a0525db",
            "ticker": "KXHIGHMIA-25FEB18-B77.5",
            "count": 1,
            "created_time": "2025-02-18T14:13:38.747183Z",
            "yes_price": 2,
            "no_price": 98,
            "taker_side": "yes"
        },
        {
            "trade_id": "57df186a-658e-4f23-947e-d130308cb624",
            "ticker": "KXHIGHMIA-25FEB18-B77.5",
            "count": 1,
            "created_time": "2025-02-18T14:13:37.330255Z",
            "yes_price": 2,
            "no_price": 98,
            "taker_side": "yes"
        },
        {
            "trade_id": "7889fecc-41a9-4fd6-93e1-1a07a46132b8",
            "ticker": "KXHIGHMIA-25FEB18-B77.5",
            "count": 1,
            "created_time": "2025-02-18T14:13:35.926861Z",
            "yes_price": 2,
            "no_price": 98,
            "taker_side": "yes"
        },
        {
            "trade_id": "c2f6a35c-b69a-400f-9501-ef1c72effaa2",
            "ticker": "KXHIGHMIA-25FEB18-B77.5",
            "count": 1,
            "created_time": "2025-02-18T14:13:34.594001Z",
            "yes_price": 2,
            "no_price": 98,
            "taker_side": "yes"
        },
        {
            "trade_id": "c2473c72-2133-4683-a96b-d6f68594d3f1",
            "ticker": "KXHIGHMIA-25FEB18-B77.5",
            "count": 1,
            "created_time": "2025-02-18T14:13:33.157255Z",
            "yes_price": 2,
            "no_price": 98,
            "taker_side": "yes"
        },
        {
            "trade_id": "fb84ecb5-d4b9-4652-bd97-249b1dce426a",
            "ticker": "KXHIGHMIA-25FEB18-B77.5",
            "count": 1,
            "created_time": "2025-02-18T14:13:31.795315Z",
            "yes_price": 2,
            "no_price": 98,
            "taker_side": "yes"
        },
        {
            "trade_id": "1701905c-2a2e-4cfa-a3da-dcff0eaf819f",
            "ticker": "KXHIGHMIA-25FEB18-B77.5",
            "count": 1,
            "created_time": "2025-02-18T14:13:30.31672Z",
            "yes_price": 2,
            "no_price": 98,
            "taker_side": "yes"
        },
        {
            "trade_id": "9b9e7a6a-181c-4c95-9c9d-c2baa0040912",
            "ticker": "KXHIGHMIA-25FEB18-B77.5",
            "count": 1,
            "created_time": "2025-02-18T14:13:28.830243Z",
            "yes_price": 2,
            "no_price": 98,
            "taker_side": "yes"
        },
        {
            "trade_id": "14b8adb2-b0f8-4d29-b019-ff50ff7c486a",
            "ticker": "KXHIGHMIA-25FEB18-B77.5",
            "count": 1,
            "created_time": "2025-02-18T14:09:31.828512Z",
            "yes_price": 1,
            "no_price": 99,
            "taker_side": "no"
        },
        {
            "trade_id": "ad64d40b-a132-47ad-8cea-145fcced9712",
            "ticker": "KXHIGHMIA-25FEB18-B77.5",
            "count": 80,
            "created_time": "2025-02-18T14:06:03.114695Z",
            "yes_price": 2,
            "no_price": 98,
            "taker_side": "yes"
        },
        {
            "trade_id": "4ee06094-2dd6-4442-864f-eaa970ffa743",
            "ticker": "KXHIGHMIA-25FEB18-B77.5",
            "count": 57,
            "created_time": "2025-02-18T14:06:03.114695Z",
            "yes_price": 2,
            "no_price": 98,
            "taker_side": "yes"
        },
        {
            "trade_id": "271d847d-08c2-4d88-be5b-d18d6ba455d3",
            "ticker": "KXHIGHMIA-25FEB18-B77.5",
            "count": 50,
            "created_time": "2025-02-18T14:06:03.114695Z",
            "yes_price": 2,
            "no_price": 98,
            "taker_side": "yes"
        },
        {
            "trade_id": "507ec6b4-468e-4294-9a30-12f53f57d227",
            "ticker": "KXHIGHMIA-25FEB18-B77.5",
            "count": 31,
            "created_time": "2025-02-18T14:04:00.586778Z",
            "yes_price": 1,
            "no_price": 99,
            "taker_side": "no"
        },
        {
            "trade_id": "bc11bd95-3d6d-4723-91cf-55f7486fd3be",
            "ticker": "KXHIGHMIA-25FEB18-B77.5",
            "count": 20,
            "created_time": "2025-02-18T13:26:48.278301Z",
            "yes_price": 2,
            "no_price": 98,
            "taker_side": "no"
        },
        {
            "trade_id": "5866a48d-6106-422b-95f1-fe6d46242baa",
            "ticker": "KXHIGHMIA-25FEB18-B77.5",
            "count": 980,
            "created_time": "2025-02-18T13:00:17.438428Z",
            "yes_price": 2,
            "no_price": 98,
            "taker_side": "no"
        },
        {
            "trade_id": "fb11c063-3690-44d8-866b-fb3e1060ba49",
            "ticker": "KXHIGHMIA-25FEB18-B77.5",
            "count": 55,
            "created_time": "2025-02-18T06:39:34.055448Z",
            "yes_price": 9,
            "no_price": 91,
            "taker_side": "yes"
        },
        {
            "trade_id": "f461aa70-d607-4b4e-84d5-7236375f6847",
            "ticker": "KXHIGHMIA-25FEB18-B77.5",
            "count": 26,
            "created_time": "2025-02-18T06:39:34.055448Z",
            "yes_price": 9,
            "no_price": 91,
            "taker_side": "yes"
        },
        {
            "trade_id": "947d767a-a57a-47dc-94ae-22c07720d164",
            "ticker": "KXHIGHMIA-25FEB18-B77.5",
            "count": 21,
            "created_time": "2025-02-18T06:39:34.055448Z",
            "yes_price": 10,
            "no_price": 90,
            "taker_side": "yes"
        },
        {
            "trade_id": "e0760646-e091-413c-9a84-a0171a03686a",
            "ticker": "KXHIGHMIA-25FEB18-B77.5",
            "count": 33,
            "created_time": "2025-02-18T05:31:31.903646Z",
            "yes_price": 10,
            "no_price": 90,
            "taker_side": "yes"
        },
        {
            "trade_id": "8701f6e1-69b9-4f2e-bd79-bb1adb9e6703",
            "ticker": "KXHIGHMIA-25FEB18-B77.5",
            "count": 420,
            "created_time": "2025-02-18T05:31:31.903646Z",
            "yes_price": 9,
            "no_price": 91,
            "taker_side": "yes"
        },
        {
            "trade_id": "5f02c3af-3ac9-4939-8bc1-669a8d674664",
            "ticker": "KXHIGHMIA-25FEB18-B77.5",
            "count": 10,
            "created_time": "2025-02-18T05:31:31.903646Z",
            "yes_price": 6,
            "no_price": 94,
            "taker_side": "yes"
        },
        {
