{
    "KXHIGHMIA-25MAR29-T76": [
        {
            "trade_id": "6e46a9ff-0364-405d-95d1-3a7a6d9e3427",
            "ticker": "KXHIGHMIA-25MAR29-T76",
            "count": 100,
            "created_time": "2025-03-28T23:29:52.285217Z",
            "yes_price": 1,
            "no_price": 99,
            "taker_side": "no"
        }
    ],
    "KXHIGHMIA-25MAR29-B76.5": [
        {
            "trade_id": "7e1120e1-e038-498e-ab54-7dc8537e4c47",
            "ticker": "KXHIGHMIA-25MAR29-B76.5",
            "count": 150,
            "created_time": "2025-03-29T12:17:15.444381Z",
            "yes_price": 1,
            "no_price": 99,
            "taker_side": "no"
        },
        {
            "trade_id": "2d264b56-5e75-447f-8791-840f8cdde7b7",
            "ticker": "KXHIGHMIA-25MAR29-B76.5",
            "count": 4,
            "created_time": "2025-03-29T12:11:32.989414Z",
            "yes_price": 1,
            "no_price": 99,
            "taker_side": "no"
        },
        {
            "trade_id": "ce07b2ed-0112-4676-bb63-e9ec8df36eb0",
            "ticker": "KXHIGHMIA-25MAR29-B76.5",
            "count": 4,
            "created_time": "2025-03-29T12:11:32.147119Z",
            "yes_price": 1,
            "no_price": 99,
            "taker_side": "no"
        },
        {
            "trade_id": "fc8ba8dd-e0be-4766-8621-c0da79cc1484",
            "ticker": "KXHIGHMIA-25MAR29-B76.5",
            "count": 2,
            "created_time": "2025-03-29T12:11:31.285624Z",
            "yes_price": 1,
            "no_price": 99,
            "taker_side": "no"
        },
        {
            "trade_id": "cd1da54d-7389-4584-9335-15b2bc1345d4",
            "ticker": "KXHIGHMIA-25MAR29-B76.5",
            "count": 1,
            "created_time": "2025-03-29T12:10:44.043425Z",
            "yes_price": 1,
            "no_price": 99,
            "taker_side": "no"
        },
        {
            "trade_id": "a1e12f1e-689d-411d-9063-a0fca2ddc6b9",
            "ticker": "KXHIGHMIA-25MAR29-B76.5",
            "count": 21,
            "created_time": "2025-03-29T12:00:49.493759Z",
            "yes_price": 1,
            "no_price": 99,
            "taker_side": "no"
        },
        {
            "trade_id": "95c8e907-b117-4c44-b690-8403dc8c0bdd",
            "ticker": "KXHIGHMIA-25MAR29-B76.5",
            "count": 15,
            "created_time": "2025-03-29T12:00:48.637709Z",
            "yes_price": 1,
            "no_price": 99,
            "taker_side": "no"
        },
        {
            "trade_id": "3d829971-f2af-4d6b-83f4-16333391f010",
            "ticker": "KXHIGHMIA-25MAR29-B76.5",
            "count": 3,
            "created_time": "2025-03-29T12:00:40.344484Z",
            "yes_price": 1,
            "no_price": 99,
            "taker_side": "no"
        },
        {
            "trade_id": "2700b35c-a484-482b-b782-31f3f6765eea",
            "ticker": "KXHIGHMIA-25MAR29-B76.5",
            "count": 1,
            "created_time": "2025-03-29T06:32:36.721887Z",
            "yes_price": 4,
            "no_price": 96,
            "taker_side": "no"
        },
        {
            "trade_id": "9d42070b-7c6b-44d8-8704-f6ddc377a22c",
            "ticker": "KXHIGHMIA-25MAR29-B76.5",
            "count": 1,
            "created_time": "2025-03-29T06:31:09.537868Z",
            "yes_price": 4,
            "no_price": 96,
            "taker_side": "no"
        },
        {
            "trade_id": "e42a8417-8f2f-4e84-85f1-57076d7f6f41",
            "ticker": "KXHIGHMIA-25MAR29-B76.5",
            "count": 5,
            "created_time": "2025-03-29T05:36:20.458776Z",
            "yes_price": 3,
            "no_price": 97,
            "taker_side": "no"
        }
    ],
    "KXHIGHMIA-25MAR29-B78.5": [
        {
            "trade_id": "77db5d38-eb2b-46c8-92d9-2fff706fa3fd",
            "ticker": "KXHIGHMIA-25MAR29-B78.5",
            "count": 20,
            "created_time": "2025-03-29T22:40:11.87945Z",
            "yes_price": 1,
            "no_price": 99,
            "taker_side": "yes"
        },
        {
            "trade_id": "727ded1a-6c99-4444-8b6d-b714ab05ea82",
            "ticker": "KXHIGHMIA-25MAR29-B78.5",
            "count": 1,
            "created_time": "2025-03-29T20:50:05.571117Z",
            "yes_price": 1,
            "no_price": 99,
            "taker_side": "yes"
        },
        {
            "trade_id": "685a5610-b2f4-4751-b606-cc28ebae1c0a",
            "ticker": "KXHIGHMIA-25MAR29-B78.5",
            "count": 222,
            "created_time": "2025-03-29T19:57:53.443666Z",
            "yes_price": 1,
            "no_price": 99,
            "taker_side": "yes"
        },
        {
            "trade_id": "d3d7ecbf-4e51-4e74-a81e-0ba0ea3976c2",
            "ticker": "KXHIGHMIA-25MAR29-B78.5",
            "count": 191,
            "created_time": "2025-03-29T18:29:27.864605Z",
            "yes_price": 1,
            "no_price": 99,
            "taker_side": "yes"
        },
        {
            "trade_id": "a96ac15f-c310-4c60-a8fb-7dd31bad540b",
            "ticker": "KXHIGHMIA-25MAR29-B78.5",
            "count": 10,
            "created_time": "2025-03-29T17:51:38.137619Z",
            "yes_price": 1,
            "no_price": 99,
            "taker_side": "yes"
        },
        {
            "trade_id": "6ea201b9-af43-41ff-9230-3c084f92f798",
            "ticker": "KXHIGHMIA-25MAR29-B78.5",
            "count": 40,
            "created_time": "2025-03-29T16:51:46.928932Z",
            "yes_price": 1,
            "no_price": 99,
            "taker_side": "yes"
        },
        {
            "trade_id": "1748ee21-2ce0-48b2-90d5-c1ec25a99b11",
            "ticker": "KXHIGHMIA-25MAR29-B78.5",
            "count": 386,
            "created_time": "2025-03-29T16:49:24.5881Z",
            "yes_price": 1,
            "no_price": 99,
            "taker_side": "yes"
        },
        {
            "trade_id": "1149e079-c7c6-4995-b042-25eb241fbbfd",
            "ticker": "KXHIGHMIA-25MAR29-B78.5",
            "count": 300,
            "created_time": "2025-03-29T16:40:53.593226Z",
            "yes_price": 1,
            "no_price": 99,
            "taker_side": "yes"
        },
        {
            "trade_id": "a4892a3c-693a-43de-9767-d5a8d7fa75e6",
            "ticker": "KXHIGHMIA-25MAR29-B78.5",
            "count": 150,
            "created_time": "2025-03-29T16:35:39.183251Z",
            "yes_price": 1,
            "no_price": 99,
            "taker_side": "yes"
        },
        {
            "trade_id": "2385f92d-3735-43f8-af97-5632f60342d4",
            "ticker": "KXHIGHMIA-25MAR29-B78.5",
            "count": 50,
            "created_time": "2025-03-29T16:35:37.386416Z",
            "yes_price": 1,
            "no_price": 99,
            "taker_side": "yes"
        },
        {
            "trade_id": "a75afb72-a5ce-4c28-b4f5-a94153581390",
            "ticker": "KXHIGHMIA-25MAR29-B78.5",
            "count": 50,
            "created_time": "2025-03-29T16:35:37.119488Z",
            "yes_price": 1,
            "no_price": 99,
            "taker_side": "yes"
        },
        {
            "trade_id": "0210afc7-48b4-49bd-9536-aad8bd3dcaf6",
            "ticker": "KXHIGHMIA-25MAR29-B78.5",
            "count": 299,
            "created_time": "2025-03-29T16:35:34.584435Z",
            "yes_price": 1,
            "no_price": 99,
            "taker_side": "yes"
        },
        {
            "trade_id": "f65a3c4a-92d2-4e75-b656-e8a28abda737",
            "ticker": "KXHIGHMIA-25MAR29-B78.5",
            "count": 215,
            "created_time": "2025-03-29T16:35:34.278219Z",
            "yes_price": 4,
            "no_price": 96,
            "taker_side": "no"
        },
        {
            "trade_id": "d893d524-7672-4475-a7f4-f909233bc7cb",
            "ticker": "KXHIGHMIA-25MAR29-B78.5",
            "count": 14,
            "created_time": "2025-03-29T16:35:34.278219Z",
            "yes_price": 3,
            "no_price": 97,
            "taker_side": "no"
        },
        {
            "trade_id": "d09931db-e763-4557-9b94-80996b10e18f",
            "ticker": "KXHIGHMIA-25MAR29-B78.5",
            "count": 300,
            "created_time": "2025-03-29T16:35:34.278219Z",
            "yes_price": 1,
            "no_price": 99,
            "taker_side": "no"
        },
        {
            "trade_id": "cf8751cd-5773-44fb-8c67-a7e1bc33b141",
            "ticker": "KXHIGHMIA-25MAR29-B78.5",
            "count": 1,
            "created_time": "2025-03-29T16:35:34.278219Z",
            "yes_price": 8,
            "no_price": 92,
            "taker_side": "no"
        },
        {
            "trade_id": "cb46869b-fab4-4f15-af5d-ec091b4c4899",
            "ticker": "KXHIGHMIA-25MAR29-B78.5",
            "count": 50,
            "created_time": "2025-03-29T16:35:34.278219Z",
            "yes_price": 1,
            "no_price": 99,
            "taker_side": "no"
        },
        {
            "trade_id": "bcf7cc74-afd2-43ca-aeb7-558fd3274b36",
            "ticker": "KXHIGHMIA-25MAR29-B78.5",
            "count": 1,
            "created_time": "2025-03-29T16:35:34.278219Z",
            "yes_price": 10,
            "no_price": 90,
            "taker_side": "no"
        },
        {
            "trade_id": "861966ee-f073-4bc6-9a8e-70644e580a00",
            "ticker": "KXHIGHMIA-25MAR29-B78.5",
            "count": 1,
            "created_time": "2025-03-29T16:35:34.278219Z",
            "yes_price": 11,
            "no_price": 89,
            "taker_side": "no"
        },
        {
            "trade_id": "83de7d50-8ee4-49cb-bb71-6e7ac0a7799d",
            "ticker": "KXHIGHMIA-25MAR29-B78.5",
            "count": 299,
            "created_time": "2025-03-29T16:35:34.278219Z",
            "yes_price": 6,
            "no_price": 94,
            "taker_side": "no"
        },
        {
            "trade_id": "7a7d7eda-0a21-4cdc-bd68-5c9a215785c6",
            "ticker": "KXHIGHMIA-25MAR29-B78.5",
            "count": 12,
            "created_time": "2025-03-29T16:35:34.278219Z",
            "yes_price": 6,
            "no_price": 94,
            "taker_side": "no"
        },
        {
            "trade_id": "6baf4aed-d84c-4a0e-ace6-82ae7afe3fd0",
            "ticker": "KXHIGHMIA-25MAR29-B78.5",
            "count": 50,
            "created_time": "2025-03-29T16:35:34.278219Z",
            "yes_price": 2,
            "no_price": 98,
            "taker_side": "no"
        },
        {
            "trade_id": "504c4755-e51e-434f-a623-17e3287a3a38",
            "ticker": "KXHIGHMIA-25MAR29-B78.5",
            "count": 2,
            "created_time": "2025-03-29T16:35:34.278219Z",
            "yes_price": 9,
            "no_price": 91,
            "taker_side": "no"
        },
        {
            "trade_id": "3716e195-5382-40a0-bdeb-dc0e3c661b68",
            "ticker": "KXHIGHMIA-25MAR29-B78.5",
            "count": 14,
            "created_time": "2025-03-29T16:35:34.278219Z",
            "yes_price": 6,
            "no_price": 94,
            "taker_side": "no"
        },
        {
            "trade_id": "1247c6e8-4d96-4ddc-a6f2-f11e21b24717",
            "ticker": "KXHIGHMIA-25MAR29-B78.5",
            "count": 100,
            "created_time": "2025-03-29T16:35:34.278219Z",
            "yes_price": 5,
            "no_price": 95,
            "taker_side": "no"
        },
        {
            "trade_id": "0818a7c2-2fe7-498a-80f0-c05e017ae6a4",
            "ticker": "KXHIGHMIA-25MAR29-B78.5",
            "count": 150,
            "created_time": "2025-03-29T16:35:34.278219Z",
            "yes_price": 1,
            "no_price": 99,
            "taker_side": "no"
        },
        {
            "trade_id": "0520afd2-9580-4eaa-ac9e-c0b211839fb2",
            "ticker": "KXHIGHMIA-25MAR29-B78.5",
            "count": 18,
            "created_time": "2025-03-29T16:35:34.278219Z",
            "yes_price": 3,
            "no_price": 97,
            "taker_side": "no"
        },
        {
            "trade_id": "0efc61f4-5431-4273-b11c-f04084ae1a7a",
            "ticker": "KXHIGHMIA-25MAR29-B78.5",
            "count": 1,
            "created_time": "2025-03-29T16:31:39.449407Z",
            "yes_price": 14,
            "no_price": 86,
            "taker_side": "no"
        },
        {
            "trade_id": "97e26854-f0c1-4027-bd32-2130087963c9",
            "ticker": "KXHIGHMIA-25MAR29-B78.5",
            "count": 10,
            "created_time": "2025-03-29T16:31:16.201062Z",
            "yes_price": 21,
            "no_price": 79,
            "taker_side": "yes"
        },
        {
            "trade_id": "7a2cb229-1991-4d6d-b8c3-3c7a559294be",
            "ticker": "KXHIGHMIA-25MAR29-B78.5",
            "count": 12,
            "created_time": "2025-03-29T16:31:16.201062Z",
            "yes_price": 23,
            "no_price": 77,
            "taker_side": "yes"
        },
        {
            "trade_id": "c49822f4-5920-4064-9e1d-9aa407f3b6e7",
            "ticker": "KXHIGHMIA-25MAR29-B78.5",
            "count": 1,
            "created_time": "2025-03-29T16:30:50.540373Z",
            "yes_price": 19,
            "no_price": 81,
            "taker_side": "no"
        },
        {
            "trade_id": "339642fe-b6e2-4cfb-afc3-722691ca2419",
            "ticker": "KXHIGHMIA-25MAR29-B78.5",
            "count": 1,
            "created_time": "2025-03-29T16:30:49.936364Z",
            "yes_price": 16,
            "no_price": 84,
            "taker_side": "no"
        },
        {
            "trade_id": "2dac5fa8-1a15-4912-a3bd-d8ec5896a0e2",
            "ticker": "KXHIGHMIA-25MAR29-B78.5",
            "count": 1,
            "created_time": "2025-03-29T16:30:48.835001Z",
            "yes_price": 9,
            "no_price": 91,
            "taker_side": "no"
        },
        {
            "trade_id": "c7b44079-1c93-48d5-9382-35fd882dee84",
            "ticker": "KXHIGHMIA-25MAR29-B78.5",
            "count": 12,
            "created_time": "2025-03-29T16:20:31.796275Z",
            "yes_price": 6,
            "no_price": 94,
            "taker_side": "no"
        },
        {
            "trade_id": "2d6d6111-46fd-4343-9c09-16a60e6f96b8",
            "ticker": "KXHIGHMIA-25MAR29-B78.5",
            "count": 5,
            "created_time": "2025-03-29T16:20:31.796275Z",
            "yes_price": 10,
            "no_price": 90,
            "taker_side": "no"
        },
        {
            "trade_id": "b9c45d8b-90bb-4056-8f46-ae53ae92cdf7",
            "ticker": "KXHIGHMIA-25MAR29-B78.5",
            "count": 299,
            "created_time": "2025-03-29T16:13:36.560537Z",
            "yes_price": 12,
            "no_price": 88,
            "taker_side": "no"
        },
        {
            "trade_id": "4cb53263-fc8c-42ef-826c-38712055e44d",
            "ticker": "KXHIGHMIA-25MAR29-B78.5",
            "count": 218,
            "created_time": "2025-03-29T16:13:36.560537Z",
            "yes_price": 12,
            "no_price": 88,
            "taker_side": "no"
        },
        {
            "trade_id": "c9c845e7-2466-47cf-a91b-bf8577cdc7e6",
            "ticker": "KXHIGHMIA-25MAR29-B78.5",
            "count": 37,
            "created_time": "2025-03-29T16:02:26.530318Z",
            "yes_price": 12,
            "no_price": 88,
            "taker_side": "no"
        },
        {
            "trade_id": "b86d1b60-6c93-49c5-a107-597a77e7b8c7",
            "ticker": "KXHIGHMIA-25MAR29-B78.5",
            "count": 3,
            "created_time": "2025-03-29T16:02:26.530318Z",
            "yes_price": 13,
            "no_price": 87,
            "taker_side": "no"
        },
        {
            "trade_id": "f93e0c76-61f9-4731-8e6b-a09b3ab05250",
            "ticker": "KXHIGHMIA-25MAR29-B78.5",
            "count": 1,
            "created_time": "2025-03-29T15:55:39.816514Z",
            "yes_price": 11,
            "no_price": 89,
            "taker_side": "no"
        },
        {
            "trade_id": "191be506-0402-42c3-8490-a472d85c232a",
            "ticker": "KXHIGHMIA-25MAR29-B78.5",
            "count": 1,
            "created_time": "2025-03-29T15:55:29.770373Z",
            "yes_price": 11,
            "no_price": 89,
            "taker_side": "no"
        },
        {
            "trade_id": "4f030c72-e2fa-48b9-b9d3-1f554189933d",
            "ticker": "KXHIGHMIA-25MAR29-B78.5",
            "count": 3,
            "created_time": "2025-03-29T15:39:16.760311Z",
            "yes_price": 11,
            "no_price": 89,
            "taker_side": "no"
        },
        {
            "trade_id": "492416b7-8359-42bd-8dfa-671ba81e1631",
            "ticker": "KXHIGHMIA-25MAR29-B78.5",
            "count": 1,
            "created_time": "2025-03-29T15:37:54.009956Z",
            "yes_price": 13,
            "no_price": 87,
            "taker_side": "no"
        },
        {
            "trade_id": "a145ea57-577d-41fd-97c1-5928044af3b6",
            "ticker": "KXHIGHMIA-25MAR29-B78.5",
            "count": 1,
            "created_time": "2025-03-29T15:35:58.220911Z",
            "yes_price": 16,
            "no_price": 84,
            "taker_side": "no"
        },
        {
            "trade_id": "df07d28f-f6de-4ece-8890-654050a5363d",
            "ticker": "KXHIGHMIA-25MAR29-B78.5",
            "count": 15,
            "created_time": "2025-03-29T15:35:16.071848Z",
            "yes_price": 21,
            "no_price": 79,
            "taker_side": "yes"
        },
        {
            "trade_id": "a099aedf-ee9f-45e1-b245-075edbb4a3f1",
            "ticker": "KXHIGHMIA-25MAR29-B78.5",
            "count": 1,
            "created_time": "2025-03-29T15:35:16.071848Z",
            "yes_price": 21,
            "no_price": 79,
            "taker_side": "yes"
        },
        {
            "trade_id": "8309b5bd-14d5-47d7-b57e-eec1503d8288",
            "ticker": "KXHIGHMIA-25MAR29-B78.5",
            "count": 1,
            "created_time": "2025-03-29T15:35:16.071848Z",
            "yes_price": 14,
            "no_price": 86,
            "taker_side": "yes"
        },
        {
            "trade_id": "6770701c-dde1-4a1c-ae49-eb84503e6ec3",
            "ticker": "KXHIGHMIA-25MAR29-B78.5",
            "count": 17,
            "created_time": "2025-03-29T15:35:16.071848Z",
            "yes_price": 24,
            "no_price": 76,
            "taker_side": "yes"
        },
        {
            "trade_id": "5800b4d1-cf4d-4c4f-92bd-400a26860b49",
            "ticker": "KXHIGHMIA-25MAR29-B78.5",
            "count": 1,
            "created_time": "2025-03-29T15:35:16.071848Z",
            "yes_price": 17,
            "no_price": 83,
            "taker_side": "yes"
        },
        {
            "trade_id": "45a5bf30-6f56-435c-bdca-3725381d052c",
            "ticker": "KXHIGHMIA-25MAR29-B78.5",
            "count": 1,
            "created_time": "2025-03-29T15:35:16.071848Z",
            "yes_price": 12,
            "no_price": 88,
            "taker_side": "yes"
        },
        {
            "trade_id": "031f394e-5f22-455a-b75c-847efb234fcf",
            "ticker": "KXHIGHMIA-25MAR29-B78.5",
            "count": 8,
            "created_time": "2025-03-29T15:35:16.071848Z",
            "yes_price": 23,
            "no_price": 77,
            "taker_side": "yes"
        },
        {
            "trade_id": "5492a35a-b357-4a52-9cda-3682e554b7a1",
            "ticker": "KXHIGHMIA-25MAR29-B78.5",
            "count": 145,
            "created_time": "2025-03-29T15:34:41.709432Z",
            "yes_price": 10,
            "no_price": 90,
            "taker_side": "no"
        },
        {
            "trade_id": "478e7d02-29bd-4b39-a941-d6ad23546af5",
            "ticker": "KXHIGHMIA-25MAR29-B78.5",
            "count": 77,
            "created_time": "2025-03-29T15:34:41.709432Z",
            "yes_price": 11,
            "no_price": 89,
            "taker_side": "no"
        },
        {
            "trade_id": "5ffc4309-6cb8-40d2-b1b4-5dcd52ba6930",
            "ticker": "KXHIGHMIA-25MAR29-B78.5",
            "count": 1,
            "created_time": "2025-03-29T15:32:34.649706Z",
            "yes_price": 11,
            "no_price": 89,
            "taker_side": "no"
        },
        {
            "trade_id": "09d11d10-6bf3-4a21-8884-773da418eb75",
            "ticker": "KXHIGHMIA-25MAR29-B78.5",
            "count": 1,
            "created_time": "2025-03-29T15:32:33.079417Z",
            "yes_price": 11,
            "no_price": 89,
            "taker_side": "no"
        },
        {
            "trade_id": "7d38fd43-02af-408e-b763-a5f764870b22",
            "ticker": "KXHIGHMIA-25MAR29-B78.5",
            "count": 1,
            "created_time": "2025-03-29T15:32:33.052125Z",
            "yes_price": 11,
            "no_price": 89,
            "taker_side": "no"
        },
        {
            "trade_id": "2a7e838f-5c19-4a63-87bc-f2f9728d17fc",
            "ticker": "KXHIGHMIA-25MAR29-B78.5",
            "count": 1,
            "created_time": "2025-03-29T15:32:33.014521Z",
            "yes_price": 11,
            "no_price": 89,
            "taker_side": "no"
        },
        {
            "trade_id": "3a99fb40-6671-47c7-a5db-f0f12e03d8ad",
            "ticker": "KXHIGHMIA-25MAR29-B78.5",
            "count": 1,
            "created_time": "2025-03-29T15:32:32.155703Z",
            "yes_price": 11,
            "no_price": 89,
            "taker_side": "no"
        },
        {
            "trade_id": "f7ed1fdd-d274-479d-933b-1ef6d156b004",
            "ticker": "KXHIGHMIA-25MAR29-B78.5",
            "count": 1,
            "created_time": "2025-03-29T15:32:31.749081Z",
            "yes_price": 11,
            "no_price": 89,
            "taker_side": "no"
        },
        {
            "trade_id": "0bd03852-56eb-4799-97fb-37df416a9c33",
            "ticker": "KXHIGHMIA-25MAR29-B78.5",
            "count": 2,
            "created_time": "2025-03-29T15:32:31.311273Z",
            "yes_price": 11,
            "no_price": 89,
            "taker_side": "no"
        },
        {
            "trade_id": "7874bd2d-839b-4a9c-a793-473b086c8af1",
            "ticker": "KXHIGHMIA-25MAR29-B78.5",
            "count": 9,
            "created_time": "2025-03-29T15:30:35.898193Z",
            "yes_price": 11,
            "no_price": 89,
            "taker_side": "no"
        },
        {
            "trade_id": "a66773ab-8c5e-46ec-816c-7fcfd66aed82",
            "ticker": "KXHIGHMIA-25MAR29-B78.5",
            "count": 50,
            "created_time": "2025-03-29T15:30:17.624418Z",
            "yes_price": 12,
            "no_price": 88,
            "taker_side": "no"
        },
        {
            "trade_id": "8c736c54-921b-4261-8d01-4cc713c3c339",
            "ticker": "KXHIGHMIA-25MAR29-B78.5",
            "count": 24,
            "created_time": "2025-03-29T15:20:35.217245Z",
            "yes_price": 12,
            "no_price": 88,
            "taker_side": "no"
        },
        {
            "trade_id": "cc9ab3dd-de8b-46ff-b386-047a30487230",
            "ticker": "KXHIGHMIA-25MAR29-B78.5",
            "count": 4,
            "created_time": "2025-03-29T15:18:07.16413Z",
            "yes_price": 11,
            "no_price": 89,
            "taker_side": "no"
        },
        {
            "trade_id": "73c03b99-966f-4317-a1fb-efb9f0f71594",
            "ticker": "KXHIGHMIA-25MAR29-B78.5",
            "count": 53,
            "created_time": "2025-03-29T15:18:07.16413Z",
            "yes_price": 14,
            "no_price": 86,
            "taker_side": "no"
        },
        {
            "trade_id": "f2f22c56-8735-4a9f-b4b7-11bfc0404f9e",
            "ticker": "KXHIGHMIA-25MAR29-B78.5",
            "count": 10,
            "created_time": "2025-03-29T15:07:17.333316Z",
            "yes_price": 15,
            "no_price": 85,
            "taker_side": "yes"
        },
        {
            "trade_id": "922c2af7-d964-440b-b9d3-98730b3bf222",
            "ticker": "KXHIGHMIA-25MAR29-B78.5",
            "count": 20,
            "created_time": "2025-03-29T15:07:17.333316Z",
            "yes_price": 16,
            "no_price": 84,
            "taker_side": "yes"
        },
        {
            "trade_id": "8a6463e4-1bfb-4d69-8740-89b72f1c709b",
            "ticker": "KXHIGHMIA-25MAR29-B78.5",
            "count": 200,
            "created_time": "2025-03-29T15:07:17.333316Z",
            "yes_price": 16,
            "no_price": 84,
            "taker_side": "yes"
        },
        {
            "trade_id": "3f9dbc04-d4b1-41fa-a1e0-fc031d2e417d",
            "ticker": "KXHIGHMIA-25MAR29-B78.5",
            "count": 1,
            "created_time": "2025-03-29T14:56:00.192888Z",
            "yes_price": 16,
            "no_price": 84,
            "taker_side": "no"
        },
        {
            "trade_id": "56947b42-a0e5-40a2-90e8-8b821b171636",
            "ticker": "KXHIGHMIA-25MAR29-B78.5",
            "count": 2,
            "created_time": "2025-03-29T14:41:58.627293Z",
            "yes_price": 21,
            "no_price": 79,
            "taker_side": "yes"
        },
        {
            "trade_id": "0e6cd955-389c-44b0-8476-ebfd1caa242c",
            "ticker": "KXHIGHMIA-25MAR29-B78.5",
            "count": 10,
            "created_time": "2025-03-29T14:41:58.627293Z",
            "yes_price": 24,
            "no_price": 76,
            "taker_side": "yes"
        },
        {
            "trade_id": "fd34bd7a-6046-487b-b028-4fa227ee6140",
            "ticker": "KXHIGHMIA-25MAR29-B78.5",
            "count": 1,
            "created_time": "2025-03-29T14:39:51.119996Z",
            "yes_price": 19,
            "no_price": 81,
            "taker_side": "yes"
        },
        {
            "trade_id": "5a021f14-682b-403d-97a5-4205169c9838",
            "ticker": "KXHIGHMIA-25MAR29-B78.5",
            "count": 1,
            "created_time": "2025-03-29T14:39:51.119996Z",
            "yes_price": 15,
            "no_price": 85,
            "taker_side": "yes"
        },
        {
            "trade_id": "45bd13f9-a783-4509-9169-31ff776e21b0",
            "ticker": "KXHIGHMIA-25MAR29-B78.5",
            "count": 1,
            "created_time": "2025-03-29T14:39:51.119996Z",
            "yes_price": 17,
            "no_price": 83,
            "taker_side": "yes"
        },
        {
            "trade_id": "4208209e-ad6b-494c-9c01-fd5460d78f62",
            "ticker": "KXHIGHMIA-25MAR29-B78.5",
            "count": 1,
            "created_time": "2025-03-29T14:39:51.119996Z",
            "yes_price": 13,
            "no_price": 87,
            "taker_side": "yes"
        },
        {
            "trade_id": "3d2a4534-836b-4d46-9a80-9247a2462eb7",
            "ticker": "KXHIGHMIA-25MAR29-B78.5",
            "count": 1,
            "created_time": "2025-03-29T14:39:51.119996Z",
            "yes_price": 14,
            "no_price": 86,
            "taker_side": "yes"
        },
        {
            "trade_id": "0abb5768-b45d-416c-98a7-c6dfabcced0a",
            "ticker": "KXHIGHMIA-25MAR29-B78.5",
            "count": 2,
            "created_time": "2025-03-29T14:35:34.957826Z",
            "yes_price": 12,
            "no_price": 88,
            "taker_side": "yes"
        },
        {
            "trade_id": "0006cdb5-8905-460e-bb0c-1b19ac9daf77",
            "ticker": "KXHIGHMIA-25MAR29-B78.5",
            "count": 15,
            "created_time": "2025-03-29T14:34:19.72301Z",
            "yes_price": 11,
            "no_price": 89,
            "taker_side": "no"
        },
        {
            "trade_id": "b77dda60-4240-4a09-bbf9-f11303628c45",
            "ticker": "KXHIGHMIA-25MAR29-B78.5",
            "count": 19,
            "created_time": "2025-03-29T14:33:53.995193Z",
            "yes_price": 11,
            "no_price": 89,
            "taker_side": "no"
        },
        {
            "trade_id": "8fa40bf1-3c81-4846-a4f9-08a06a8ea638",
            "ticker": "KXHIGHMIA-25MAR29-B78.5",
            "count": 23,
            "created_time": "2025-03-29T14:33:53.626102Z",
            "yes_price": 11,
            "no_price": 89,
            "taker_side": "no"
        },
        {
            "trade_id": "b72e847b-76da-4481-a4f4-01ac60e39b9f",
            "ticker": "KXHIGHMIA-25MAR29-B78.5",
            "count": 14,
            "created_time": "2025-03-29T14:33:53.481187Z",
            "yes_price": 11,
            "no_price": 89,
            "taker_side": "no"
        },
        {
            "trade_id": "6d263264-42eb-4ce3-a996-548ab84a4669",
            "ticker": "KXHIGHMIA-25MAR29-B78.5",
            "count": 9,
            "created_time": "2025-03-29T14:33:53.481187Z",
            "yes_price": 11,
            "no_price": 89,
            "taker_side": "no"
        },
        {
            "trade_id": "5f40d18b-5e7a-454f-883f-87cfdb6ebeaa",
            "ticker": "KXHIGHMIA-25MAR29-B78.5",
            "count": 1,
            "created_time": "2025-03-29T14:33:53.310486Z",
            "yes_price": 11,
            "no_price": 89,
            "taker_side": "no"
        },
        {
            "trade_id": "5b3a15a2-2a69-48d2-89bc-834043f3c388",
            "ticker": "KXHIGHMIA-25MAR29-B78.5",
            "count": 3,
            "created_time": "2025-03-29T14:33:52.973885Z",
            "yes_price": 11,
            "no_price": 89,
            "taker_side": "no"
        },
        {
            "trade_id": "6aaba432-b775-4ed8-986e-5f2f96cd990b",
            "ticker": "KXHIGHMIA-25MAR29-B78.5",
            "count": 2,
            "created_time": "2025-03-29T14:33:52.471647Z",
            "yes_price": 11,
            "no_price": 89,
            "taker_side": "no"
        },
        {
            "trade_id": "dabe1e59-a658-499a-844b-60d860ce5612",
            "ticker": "KXHIGHMIA-25MAR29-B78.5",
            "count": 9,
            "created_time": "2025-03-29T14:28:35.027704Z",
            "yes_price": 20,
            "no_price": 80,
            "taker_side": "yes"
        },
        {
            "trade_id": "2ae2ff0f-d53d-44f0-baf1-e65ae5b83f94",
            "ticker": "KXHIGHMIA-25MAR29-B78.5",
            "count": 20,
            "created_time": "2025-03-29T14:22:31.588644Z",
            "yes_price": 10,
            "no_price": 90,
            "taker_side": "no"
        },
        {
            "trade_id": "bcfe8bcd-a573-47e4-80de-a23768aa8536",
            "ticker": "KXHIGHMIA-25MAR29-B78.5",
            "count": 1,
            "created_time": "2025-03-29T14:19:00.379552Z",
            "yes_price": 13,
            "no_price": 87,
            "taker_side": "yes"
        },
        {
            "trade_id": "ef0c86d2-8b07-4f16-9a77-6e235db745b8",
            "ticker": "KXHIGHMIA-25MAR29-B78.5",
            "count": 3,
            "created_time": "2025-03-29T13:42:33.118777Z",
            "yes_price": 8,
            "no_price": 92,
            "taker_side": "no"
        },
        {
            "trade_id": "a7b3f25b-f3c1-4ed2-bf69-8c174b481005",
            "ticker": "KXHIGHMIA-25MAR29-B78.5",
            "count": 1,
            "created_time": "2025-03-29T13:42:33.118777Z",
            "yes_price": 9,
            "no_price": 91,
            "taker_side": "no"
        },
        {
            "trade_id": "2286bffa-067d-46fa-b917-cf11048178ad",
            "ticker": "KXHIGHMIA-25MAR29-B78.5",
            "count": 1,
            "created_time": "2025-03-29T13:18:40.586221Z",
            "yes_price": 13,
            "no_price": 87,
            "taker_side": "no"
        },
        {
            "trade_id": "7c9a4cef-b877-4a1b-81de-847735f7c775",
            "ticker": "KXHIGHMIA-25MAR29-B78.5",
            "count": 2,
            "created_time": "2025-03-29T13:18:39.998748Z",
            "yes_price": 12,
            "no_price": 88,
            "taker_side": "no"
        },
        {
            "trade_id": "e084083b-1908-4430-89d7-d8227685260f",
            "ticker": "KXHIGHMIA-25MAR29-B78.5",
            "count": 1,
            "created_time": "2025-03-29T13:18:39.695002Z",
            "yes_price": 11,
            "no_price": 89,
            "taker_side": "no"
        },
        {
            "trade_id": "35a99279-6493-4322-b359-308ab5bebfc6",
            "ticker": "KXHIGHMIA-25MAR29-B78.5",
            "count": 2,
            "created_time": "2025-03-29T13:18:39.352752Z",
            "yes_price": 9,
            "no_price": 91,
            "taker_side": "no"
        },
        {
            "trade_id": "04ee9ee6-77da-4f61-bea0-ca46922bd58e",
            "ticker": "KXHIGHMIA-25MAR29-B78.5",
            "count": 1,
            "created_time": "2025-03-29T13:18:38.855833Z",
            "yes_price": 7,
            "no_price": 93,
            "taker_side": "no"
        },
        {
            "trade_id": "cf66c324-c818-4deb-a018-7fbe42ef9b4a",
            "ticker": "KXHIGHMIA-25MAR29-B78.5",
            "count": 2,
            "created_time": "2025-03-29T13:18:35.06129Z",
            "yes_price": 5,
            "no_price": 95,
            "taker_side": "no"
        },
        {
            "trade_id": "f72408cb-7471-40e6-9fe8-9dd8e69e8bc3",
            "ticker": "KXHIGHMIA-25MAR29-B78.5",
            "count": 3,
            "created_time": "2025-03-29T13:11:46.196936Z",
            "yes_price": 6,
            "no_price": 94,
            "taker_side": "yes"
        },
        {
            "trade_id": "5113bced-f0b3-4587-b4d0-0eb8cff12be4",
            "ticker": "KXHIGHMIA-25MAR29-B78.5",
            "count": 1,
            "created_time": "2025-03-29T13:11:46.196936Z",
            "yes_price": 7,
            "no_price": 93,
            "taker_side": "yes"
        },
        {
            "trade_id": "02d5a268-7cce-4a90-8315-fa3d2dae244e",
            "ticker": "KXHIGHMIA-25MAR29-B78.5",
            "count": 13,
            "created_time": "2025-03-29T13:11:46.196936Z",
            "yes_price": 5,
            "no_price": 95,
            "taker_side": "yes"
        },
        {
            "trade_id": "ffd8c5c4-e53f-4444-a47c-912297c8d244",
            "ticker": "KXHIGHMIA-25MAR29-B78.5",
            "count": 5,
            "created_time": "2025-03-29T13:01:44.494688Z",
            "yes_price": 5,
            "no_price": 95,
            "taker_side": "yes"
        },
        {
            "trade_id": "ed467ef4-666b-4d9d-88d4-82f6ae1d814b",
            "ticker": "KXHIGHMIA-25MAR29-B78.5",
            "count": 1,
            "created_time": "2025-03-29T12:53:01.657399Z",
            "yes_price": 4,
            "no_price": 96,
            "taker_side": "no"
        },
        {
            "trade_id": "35fc56c9-80ca-41e0-89a8-b5a10a5516f7",
            "ticker": "KXHIGHMIA-25MAR29-B78.5",
            "count": 2,
            "created_time": "2025-03-29T12:53:01.411041Z",
            "yes_price": 4,
            "no_price": 96,
            "taker_side": "no"
        },
        {
            "trade_id": "7d6292e3-3c64-456d-859d-55851608f5fd",
            "ticker": "KXHIGHMIA-25MAR29-B78.5",
            "count": 1,
            "created_time": "2025-03-29T12:53:00.816108Z",
            "yes_price": 4,
            "no_price": 96,
            "taker_side": "no"
        },
        {
            "trade_id": "1bde39fb-7b67-4e02-b49f-1de5b38d3f0e",
            "ticker": "KXHIGHMIA-25MAR29-B78.5",
            "count": 1,
            "created_time": "2025-03-29T12:51:26.106274Z",
            "yes_price": 4,
            "no_price": 96,
            "taker_side": "no"
        },
        {
            "trade_id": "cd389090-f3bf-4b93-8f78-791f73053560",
            "ticker": "KXHIGHMIA-25MAR29-B78.5",
            "count": 1,
            "created_time": "2025-03-29T12:49:33.273498Z",
            "yes_price": 4,
            "no_price": 96,
            "taker_side": "no"
        },
        {
            "trade_id": "04ad5c06-0626-439c-be29-fe0b1eb8e5a8",
            "ticker": "KXHIGHMIA-25MAR29-B78.5",
            "count": 1,
            "created_time": "2025-03-29T12:49:32.50764Z",
            "yes_price": 4,
            "no_price": 96,
            "taker_side": "no"
        },
        {
            "trade_id": "b0bfef26-2771-4eae-a40a-e1cfc8742f5d",
            "ticker": "KXHIGHMIA-25MAR29-B78.5",
            "count": 1,
            "created_time": "2025-03-29T12:48:47.706705Z",
            "yes_price": 4,
            "no_price": 96,
            "taker_side": "no"
        },
        {
            "trade_id": "dfaf4e85-e6c4-475d-821a-ef36f6cad123",
            "ticker": "KXHIGHMIA-25MAR29-B78.5",
            "count": 3,
            "created_time": "2025-03-29T12:48:33.244353Z",
            "yes_price": 4,
            "no_price": 96,
            "taker_side": "no"
        },
        {
            "trade_id": "0ed60a25-735f-41f0-884a-8f4dd1982fd5",
            "ticker": "KXHIGHMIA-25MAR29-B78.5",
            "count": 1,
            "created_time": "2025-03-29T12:47:59.686163Z",
            "yes_price": 4,
            "no_price": 96,
            "taker_side": "no"
        },
        {
            "trade_id": "6968ff4e-ad47-4a18-826a-6d03dcba5818",
            "ticker": "KXHIGHMIA-25MAR29-B78.5",
            "count": 1,
            "created_time": "2025-03-29T12:46:35.149252Z",
            "yes_price": 4,
            "no_price": 96,
            "taker_side": "no"
        },
        {
            "trade_id": "c4533443-dab4-4dc0-b217-d1b77347fe98",
            "ticker": "KXHIGHMIA-25MAR29-B78.5",
            "count": 1,
            "created_time": "2025-03-29T12:44:38.751279Z",
            "yes_price": 4,
            "no_price": 96,
            "taker_side": "no"
        },
        {
            "trade_id": "39083878-f3ef-49b7-b0c5-90cd4a9a0ccf",
            "ticker": "KXHIGHMIA-25MAR29-B78.5",
            "count": 1,
            "created_time": "2025-03-29T12:44:38.241401Z",
            "yes_price": 4,
            "no_price": 96,
            "taker_side": "no"
        },
        {
            "trade_id": "61185963-81ff-4df3-a86c-bf5f227b37a3",
            "ticker": "KXHIGHMIA-25MAR29-B78.5",
            "count": 1,
            "created_time": "2025-03-29T12:43:34.202934Z",
            "yes_price": 4,
            "no_price": 96,
            "taker_side": "no"
        },
        {
            "trade_id": "00b3a29e-228d-4983-8fc0-2062f35e376b",
            "ticker": "KXHIGHMIA-25MAR29-B78.5",
            "count": 3,
            "created_time": "2025-03-29T12:39:20.219081Z",
            "yes_price": 4,
            "no_price": 96,
            "taker_side": "no"
        },
        {
            "trade_id": "2a241fcf-f571-4442-97cc-fafdd8a0a636",
            "ticker": "KXHIGHMIA-25MAR29-B78.5",
            "count": 3,
            "created_time": "2025-03-29T12:39:08.952068Z",
            "yes_price": 4,
            "no_price": 96,
            "taker_side": "no"
        },
        {
            "trade_id": "9ec336b9-7473-4c3b-a04a-f20445e6faeb",
            "ticker": "KXHIGHMIA-25MAR29-B78.5",
            "count": 2,
            "created_time": "2025-03-29T12:36:55.127365Z",
            "yes_price": 4,
            "no_price": 96,
            "taker_side": "no"
        },
        {
            "trade_id": "bff302ff-d13a-4529-9430-3945f44a4d50",
            "ticker": "KXHIGHMIA-25MAR29-B78.5",
            "count": 32,
            "created_time": "2025-03-29T12:36:13.958646Z",
            "yes_price": 4,
            "no_price": 96,
            "taker_side": "no"
        },
        {
            "trade_id": "31e6fdbd-e98b-440d-b103-9b3d2f77a76e",
            "ticker": "KXHIGHMIA-25MAR29-B78.5",
            "count": 1,
            "created_time": "2025-03-29T12:34:56.481432Z",
            "yes_price": 4,
            "no_price": 96,
            "taker_side": "no"
        },
        {
            "trade_id": "ce08b04c-b696-435d-a446-d57bfd1fbe7f",
            "ticker": "KXHIGHMIA-25MAR29-B78.5",
            "count": 1,
            "created_time": "2025-03-29T12:34:56.340273Z",
            "yes_price": 4,
            "no_price": 96,
            "taker_side": "no"
        },
        {
            "trade_id": "9c3607d7-1b3b-4958-916f-84ca43a7291f",
            "ticker": "KXHIGHMIA-25MAR29-B78.5",
            "count": 2,
            "created_time": "2025-03-29T12:31:57.330577Z",
            "yes_price": 4,
            "no_price": 96,
            "taker_side": "no"
        },
        {
            "trade_id": "047756e2-bca9-44b6-a573-6a9e3542615d",
            "ticker": "KXHIGHMIA-25MAR29-B78.5",
            "count": 1,
            "created_time": "2025-03-29T12:31:57.041965Z",
            "yes_price": 4,
            "no_price": 96,
            "taker_side": "no"
        },
        {
            "trade_id": "e51eb5e3-b0ec-4999-b7b6-113f0c431dfc",
            "ticker": "KXHIGHMIA-25MAR29-B78.5",
            "count": 1,
            "created_time": "2025-03-29T12:31:56.673995Z",
            "yes_price": 4,
            "no_price": 96,
            "taker_side": "no"
        },
        {
            "trade_id": "c9726188-1ee2-4ec7-9067-4365a2a803f2",
            "ticker": "KXHIGHMIA-25MAR29-B78.5",
            "count": 1,
            "created_time": "2025-03-29T12:31:56.200798Z",
            "yes_price": 4,
            "no_price": 96,
            "taker_side": "no"
        },
        {
            "trade_id": "30a8bcee-4844-4ce1-b738-6a4b36c90ce9",
            "ticker": "KXHIGHMIA-25MAR29-B78.5",
            "count": 5,
            "created_time": "2025-03-29T12:31:11.723065Z",
            "yes_price": 4,
            "no_price": 96,
            "taker_side": "no"
        },
        {
            "trade_id": "1ab16d06-6edd-4e31-a4a2-563f118139d3",
            "ticker": "KXHIGHMIA-25MAR29-B78.5",
            "count": 2,
            "created_time": "2025-03-29T12:30:22.416669Z",
            "yes_price": 4,
            "no_price": 96,
            "taker_side": "no"
        },
        {
            "trade_id": "90666bec-f44a-457d-90db-e33beb75ca54",
            "ticker": "KXHIGHMIA-25MAR29-B78.5",
            "count": 15,
            "created_time": "2025-03-29T12:25:56.460744Z",
            "yes_price": 4,
            "no_price": 96,
            "taker_side": "no"
        },
        {
            "trade_id": "e24e4f49-5d8a-4dba-9307-79381c1c2d4d",
            "ticker": "KXHIGHMIA-25MAR29-B78.5",
            "count": 18,
            "created_time": "2025-03-29T12:25:14.535048Z",
            "yes_price": 7,
            "no_price": 93,
            "taker_side": "no"
        },
        {
            "trade_id": "705d521a-73d1-4c56-ab8f-b562e215be8a",
            "ticker": "KXHIGHMIA-25MAR29-B78.5",
            "count": 106,
            "created_time": "2025-03-29T12:18:41.106456Z",
            "yes_price": 7,
            "no_price": 93,
            "taker_side": "no"
        },
        {
            "trade_id": "f5b9a0ab-4946-4b36-b7f5-540db6b625f8",
            "ticker": "KXHIGHMIA-25MAR29-B78.5",
            "count": 76,
            "created_time": "2025-03-29T12:17:08.828214Z",
            "yes_price": 7,
            "no_price": 93,
            "taker_side": "no"
        },
        {
            "trade_id": "dac7c59d-40f8-42a3-98ec-841eaae15047",
            "ticker": "KXHIGHMIA-25MAR29-B78.5",
            "count": 174,
            "created_time": "2025-03-29T12:17:08.828214Z",
            "yes_price": 7,
            "no_price": 93,
            "taker_side": "no"
        },
        {
            "trade_id": "352e28b8-01ed-4e8d-879f-9b8d7c995892",
            "ticker": "KXHIGHMIA-25MAR29-B78.5",
            "count": 4,
            "created_time": "2025-03-29T12:11:32.991904Z",
            "yes_price": 7,
            "no_price": 93,
            "taker_side": "no"
        },
        {
            "trade_id": "2ff38a55-3d5b-4303-bd89-3da8af2e4ede",
            "ticker": "KXHIGHMIA-25MAR29-B78.5",
            "count": 4,
            "created_time": "2025-03-29T12:11:32.14127Z",
            "yes_price": 7,
            "no_price": 93,
            "taker_side": "no"
        },
        {
            "trade_id": "42a1ac34-e84f-4e4f-8d32-ecf0d4a770c2",
            "ticker": "KXHIGHMIA-25MAR29-B78.5",
            "count": 2,
            "created_time": "2025-03-29T12:11:31.285947Z",
            "yes_price": 7,
            "no_price": 93,
            "taker_side": "no"
        },
        {
            "trade_id": "00272821-c5a3-4476-85aa-2bedce7dfe89",
            "ticker": "KXHIGHMIA-25MAR29-B78.5",
            "count": 1,
            "created_time": "2025-03-29T12:10:44.044583Z",
            "yes_price": 8,
            "no_price": 92,
            "taker_side": "no"
        },
        {
            "trade_id": "4f873ace-965e-431c-8ebf-6deb31679e41",
            "ticker": "KXHIGHMIA-25MAR29-B78.5",
            "count": 21,
            "created_time": "2025-03-29T12:00:49.482592Z",
            "yes_price": 8,
            "no_price": 92,
            "taker_side": "no"
        },
        {
            "trade_id": "4ee578ff-d9a7-44e4-a52c-d846b6c81c86",
            "ticker": "KXHIGHMIA-25MAR29-B78.5",
            "count": 15,
            "created_time": "2025-03-29T12:00:48.636184Z",
            "yes_price": 8,
            "no_price": 92,
            "taker_side": "no"
        },
        {
            "trade_id": "aaad79b7-b20c-407e-973e-ea33cd44c7e5",
            "ticker": "KXHIGHMIA-25MAR29-B78.5",
            "count": 3,
            "created_time": "2025-03-29T12:00:40.360056Z",
            "yes_price": 8,
            "no_price": 92,
            "taker_side": "no"
        },
        {
            "trade_id": "e5a54f93-57e8-4865-ab15-ad1bb3bff349",
            "ticker": "KXHIGHMIA-25MAR29-B78.5",
            "count": 3,
            "created_time": "2025-03-29T06:50:56.067635Z",
            "yes_price": 14,
            "no_price": 86,
            "taker_side": "no"
        },
        {
            "trade_id": "d0be9a5c-46b3-44fe-b7b3-4406cace1e54",
            "ticker": "KXHIGHMIA-25MAR29-B78.5",
            "count": 2,
            "created_time": "2025-03-29T06:50:56.067635Z",
            "yes_price": 16,
            "no_price": 84,
            "taker_side": "no"
        },
        {
            "trade_id": "5bf9c602-1a8b-4090-b89a-db4311aa0ef9",
            "ticker": "KXHIGHMIA-25MAR29-B78.5",
            "count": 2,
            "created_time": "2025-03-29T06:50:56.067635Z",
            "yes_price": 15,
            "no_price": 85,
            "taker_side": "no"
        },
        {
            "trade_id": "caf8d4e5-df33-4a10-a431-5021f824bd5c",
            "ticker": "KXHIGHMIA-25MAR29-B78.5",
            "count": 1,
            "created_time": "2025-03-29T06:32:36.724607Z",
            "yes_price": 17,
            "no_price": 83,
            "taker_side": "no"
        },
        {
            "trade_id": "4a5576c5-7085-4b35-8a53-625b3764ae1e",
            "ticker": "KXHIGHMIA-25MAR29-B78.5",
            "count": 1,
            "created_time": "2025-03-29T06:31:09.537689Z",
            "yes_price": 16,
            "no_price": 84,
            "taker_side": "no"
        },
        {
            "trade_id": "dbdbac37-1bd4-442f-8ca5-56a7edc22aaa",
            "ticker": "KXHIGHMIA-25MAR29-B78.5",
            "count": 5,
            "created_time": "2025-03-29T06:31:09.087803Z",
            "yes_price": 17,
            "no_price": 83,
            "taker_side": "yes"
        },
        {
            "trade_id": "42955c4d-91fd-4461-970b-9ccc3a9c6d64",
            "ticker": "KXHIGHMIA-25MAR29-B78.5",
            "count": 2,
            "created_time": "2025-03-29T06:18:20.207483Z",
            "yes_price": 14,
            "no_price": 86,
            "taker_side": "yes"
        },
        {
            "trade_id": "dfd17781-3a5d-4bf8-8e3d-88bf396d2b8e",
            "ticker": "KXHIGHMIA-25MAR29-B78.5",
            "count": 42,
            "created_time": "2025-03-29T05:51:03.183677Z",
            "yes_price": 13,
            "no_price": 87,
            "taker_side": "yes"
        },
        {
            "trade_id": "dc93b316-58f3-43f1-b992-095c0be1d40d",
            "ticker": "KXHIGHMIA-25MAR29-B78.5",
            "count": 53,
            "created_time": "2025-03-29T05:51:03.183677Z",
            "yes_price": 13,
            "no_price": 87,
            "taker_side": "yes"
        },
        {
            "trade_id": "ca8bddec-60f7-4091-90ab-0257517721cb",
            "ticker": "KXHIGHMIA-25MAR29-B78.5",
            "count": 1,
            "created_time": "2025-03-29T05:51:03.183677Z",
            "yes_price": 13,
            "no_price": 87,
            "taker_side": "yes"
        },
        {
            "trade_id": "9b9e8bfa-9d72-4ed7-8011-46b0d1cfbd2f",
            "ticker": "KXHIGHMIA-25MAR29-B78.5",
            "count": 2,
            "created_time": "2025-03-29T05:51:03.183677Z",
            "yes_price": 13,
            "no_price": 87,
            "taker_side": "yes"
        },
        {
            "trade_id": "9731616f-9cc2-492b-8c54-13d9dbb8102c",
            "ticker": "KXHIGHMIA-25MAR29-B78.5",
            "count": 197,
            "created_time": "2025-03-29T05:51:03.183677Z",
            "yes_price": 15,
            "no_price": 85,
            "taker_side": "yes"
        },
        {
            "trade_id": "484e2d1b-be58-4214-8d43-86cc1ebf81ab",
            "ticker": "KXHIGHMIA-25MAR29-B78.5",
            "count": 31,
            "created_time": "2025-03-29T05:51:03.183677Z",
            "yes_price": 13,
            "no_price": 87,
            "taker_side": "yes"
        },
        {
            "trade_id": "035596fd-527c-40fd-b6c0-e592bf80cf77",
            "ticker": "KXHIGHMIA-25MAR29-B78.5",
            "count": 250,
            "created_time": "2025-03-29T05:51:03.183677Z",
            "yes_price": 15,
            "no_price": 85,
            "taker_side": "yes"
        },
        {
            "trade_id": "895f3a32-5e3b-4bd1-bc45-ad488507c50a",
            "ticker": "KXHIGHMIA-25MAR29-B78.5",
            "count": 5,
            "created_time": "2025-03-29T05:36:20.459275Z",
            "yes_price": 12,
            "no_price": 88,
            "taker_side": "no"
        },
        {
            "trade_id": "a600bef7-963c-46e0-99eb-b9ff501bda07",
            "ticker": "KXHIGHMIA-25MAR29-B78.5",
            "count": 1,
            "created_time": "2025-03-29T05:31:27.226535Z",
            "yes_price": 13,
            "no_price": 87,
            "taker_side": "yes"
        },
        {
            "trade_id": "119edbb8-ddd4-49cb-8c15-fe84a5984615",
            "ticker": "KXHIGHMIA-25MAR29-B78.5",
            "count": 7,
            "created_time": "2025-03-29T05:30:18.053593Z",
            "yes_price": 13,
            "no_price": 87,
            "taker_side": "yes"
        },
        {
            "trade_id": "d12bec57-a507-4e48-9cb6-2d0ea2a921b1",
            "ticker": "KXHIGHMIA-25MAR29-B78.5",
            "count": 5,
            "created_time": "2025-03-29T05:12:16.907714Z",
            "yes_price": 12,
            "no_price": 88,
            "taker_side": "yes"
        },
        {
            "trade_id": "bf8babf1-0eb9-42d6-a84b-dfd8c5d7f0ba",
            "ticker": "KXHIGHMIA-25MAR29-B78.5",
            "count": 240,
            "created_time": "2025-03-29T04:53:28.655087Z",
            "yes_price": 11,
            "no_price": 89,
            "taker_side": "yes"
        },
        {
            "trade_id": "ae13ee08-f41e-48f7-ac1e-e3fe3c991e36",
            "ticker": "KXHIGHMIA-25MAR29-B78.5",
            "count": 240,
            "created_time": "2025-03-29T04:53:28.655087Z",
            "yes_price": 13,
            "no_price": 87,
            "taker_side": "yes"
        },
        {
            "trade_id": "9cb15f5c-9859-4cac-8768-be9019374c01",
            "ticker": "KXHIGHMIA-25MAR29-B78.5",
            "count": 51,
            "created_time": "2025-03-29T04:53:28.655087Z",
            "yes_price": 13,
            "no_price": 87,
            "taker_side": "yes"
        },
        {
            "trade_id": "8b815d54-e8a4-4f68-a654-a4acaf2e144a",
            "ticker": "KXHIGHMIA-25MAR29-B78.5",
            "count": 9,
            "created_time": "2025-03-29T04:53:28.655087Z",
            "yes_price": 14,
            "no_price": 86,
            "taker_side": "yes"
        },
        {
            "trade_id": "8a7424d1-283d-4f7e-aa4d-62b786608118",
            "ticker": "KXHIGHMIA-25MAR29-B78.5",
            "count": 60,
            "created_time": "2025-03-29T04:53:28.655087Z",
            "yes_price": 9,
            "no_price": 91,
            "taker_side": "yes"
        },
        {
            "trade_id": "848e5a26-0936-4827-a91c-0d9e6bc2636e",
            "ticker": "KXHIGHMIA-25MAR29-B78.5",
            "count": 9,
            "created_time": "2025-03-29T04:27:27.182555Z",
            "yes_price": 13,
            "no_price": 87,
            "taker_side": "yes"
        },
        {
            "trade_id": "6900a157-a809-4ea6-b232-fdcd647a7fcc",
            "ticker": "KXHIGHMIA-25MAR29-B78.5",
            "count": 24,
            "created_time": "2025-03-29T04:04:33.679601Z",
            "yes_price": 12,
            "no_price": 88,
            "taker_side": "yes"
        },
        {
            "trade_id": "c3bd819a-93bc-4ebf-8998-11d8cbcec91a",
            "ticker": "KXHIGHMIA-25MAR29-B78.5",
            "count": 5,
            "created_time": "2025-03-29T02:25:31.385425Z",
            "yes_price": 7,
            "no_price": 93,
            "taker_side": "no"
        },
        {
            "trade_id": "6f942ffb-9c36-4a51-bd53-3ddca8d2c429",
            "ticker": "KXHIGHMIA-25MAR29-B78.5",
            "count": 6,
            "created_time": "2025-03-28T22:53:28.283593Z",
            "yes_price": 7,
            "no_price": 93,
            "taker_side": "no"
        },
        {
            "trade_id": "61076356-7e02-4013-b496-9364280f0b8e",
            "ticker": "KXHIGHMIA-25MAR29-B78.5",
            "count": 5,
            "created_time": "2025-03-28T22:53:03.568997Z",
            "yes_price": 8,
            "no_price": 92,
            "taker_side": "no"
        },
        {
            "trade_id": "8a3fc684-23ca-4e59-a7df-cbfc9f3be416",
            "ticker": "KXHIGHMIA-25MAR29-B78.5",
            "count": 5,
            "created_time": "2025-03-28T22:44:53.743091Z",
            "yes_price": 17,
            "no_price": 83,
            "taker_side": "yes"
        },
        {
            "trade_id": "dc3546f7-7c22-43eb-80e2-c491dca75442",
            "ticker": "KXHIGHMIA-25MAR29-B78.5",
            "count": 5,
            "created_time": "2025-03-28T22:15:08.604615Z",
            "yes_price": 7,
            "no_price": 93,
            "taker_side": "no"
        },
        {
            "trade_id": "269f5ce7-4419-45fd-a02b-84e31a2d4fe1",
            "ticker": "KXHIGHMIA-25MAR29-B78.5",
            "count": 5,
            "created_time": "2025-03-28T22:14:55.856746Z",
            "yes_price": 8,
            "no_price": 92,
            "taker_side": "no"
        },
        {
            "trade_id": "f03037aa-70fa-47b2-9ff9-c3b40eb5c922",
            "ticker": "KXHIGHMIA-25MAR29-B78.5",
            "count": 1,
            "created_time": "2025-03-28T21:21:22.103139Z",
            "yes_price": 18,
            "no_price": 82,
            "taker_side": "yes"
        },
        {
            "trade_id": "745a614a-c6f2-442e-a31a-12374de7b784",
            "ticker": "KXHIGHMIA-25MAR29-B78.5",
            "count": 4,
            "created_time": "2025-03-28T21:21:22.103139Z",
            "yes_price": 17,
            "no_price": 83,
            "taker_side": "yes"
        },
        {
            "trade_id": "2388137d-bca5-4ad6-9558-0bce776e33e3",
            "ticker": "KXHIGHMIA-25MAR29-B78.5",
            "count": 5,
            "created_time": "2025-03-28T20:19:40.568344Z",
            "yes_price": 7,
            "no_price": 93,
            "taker_side": "no"
        },
        {
            "trade_id": "941f4872-f0ec-4c75-9879-45057ccd3e22",
            "ticker": "KXHIGHMIA-25MAR29-B78.5",
            "count": 5,
            "created_time": "2025-03-28T18:59:06.531472Z",
            "yes_price": 7,
            "no_price": 93,
            "taker_side": "no"
        },
        {
            "trade_id": "0a403127-ec1d-4edb-a23e-207b9207d5cc",
            "ticker": "KXHIGHMIA-25MAR29-B78.5",
            "count": 11,
            "created_time": "2025-03-28T14:38:35.060057Z",
            "yes_price": 23,
            "no_price": 77,
            "taker_side": "yes"
        },
        {
            "trade_id": "8784f4e9-eb99-4425-85a8-0c4be77ecc73",
            "ticker": "KXHIGHMIA-25MAR29-B78.5",
            "count": 25,
            "created_time": "2025-03-28T14:26:25.785606Z",
            "yes_price": 25,
            "no_price": 75,
            "taker_side": "yes"
        },
        {
            "trade_id": "551ecc95-9716-4171-9cb5-c9f9d4a8ee60",
            "ticker": "KXHIGHMIA-25MAR29-B78.5",
            "count": 5,
            "created_time": "2025-03-28T14:26:25.785606Z",
            "yes_price": 14,
            "no_price": 86,
            "taker_side": "yes"
        },
        {
            "trade_id": "210c9672-9643-4601-852e-35be69d75fb8",
            "ticker": "KXHIGHMIA-25MAR29-B78.5",
            "count": 10,
            "created_time": "2025-03-28T14:26:25.785606Z",
            "yes_price": 15,
            "no_price": 85,
            "taker_side": "yes"
        },
        {
            "trade_id": "eb7b18d4-e459-49f3-a98d-1f1ac79681bc",
            "ticker": "KXHIGHMIA-25MAR29-B78.5",
            "count": 6,
            "created_time": "2025-03-28T14:01:25.506276Z",
            "yes_price": 14,
            "no_price": 86,
            "taker_side": "yes"
        }
    ],
    "KXHIGHMIA-25MAR29-B80.5": [
        {
            "trade_id": "140007a8-2c5e-4e42-bed0-1b8d76383818",
            "ticker": "KXHIGHMIA-25MAR29-B80.5",
            "count": 1,
            "created_time": "2025-03-29T23:05:33.3416Z",
            "yes_price": 99,
            "no_price": 1,
            "taker_side": "no"
        },
        {
            "trade_id": "34f7e55e-c565-40b6-8b35-55779c968692",
            "ticker": "KXHIGHMIA-25MAR29-B80.5",
            "count": 18,
            "created_time": "2025-03-29T21:04:38.138105Z",
            "yes_price": 99,
            "no_price": 1,
            "taker_side": "yes"
        },
        {
            "trade_id": "20106a27-a020-4391-8923-714bd9fa1003",
            "ticker": "KXHIGHMIA-25MAR29-B80.5",
            "count": 199,
            "created_time": "2025-03-29T21:04:38.138105Z",
            "yes_price": 99,
            "no_price": 1,
            "taker_side": "yes"
        },
        {
            "trade_id": "024e57ab-5daf-43c1-af2b-d76b2cc44b7b",
            "ticker": "KXHIGHMIA-25MAR29-B80.5",
            "count": 101,
            "created_time": "2025-03-29T21:04:38.138105Z",
            "yes_price": 99,
            "no_price": 1,
            "taker_side": "yes"
        },
        {
            "trade_id": "60703ee2-5987-4f53-bdaf-8e62191d414d",
            "ticker": "KXHIGHMIA-25MAR29-B80.5",
            "count": 313,
            "created_time": "2025-03-29T20:53:23.50869Z",
            "yes_price": 98,
            "no_price": 2,
            "taker_side": "no"
        },
        {
            "trade_id": "03ed6fe8-dc89-4035-acb2-5adeaebfd30a",
            "ticker": "KXHIGHMIA-25MAR29-B80.5",
            "count": 1,
            "created_time": "2025-03-29T20:32:13.647898Z",
            "yes_price": 99,
            "no_price": 1,
            "taker_side": "yes"
        },
        {
            "trade_id": "5ad9533b-f816-4890-b8ff-80ec2d247ae2",
            "ticker": "KXHIGHMIA-25MAR29-B80.5",
            "count": 28,
            "created_time": "2025-03-29T19:58:22.07181Z",
            "yes_price": 95,
            "no_price": 5,
            "taker_side": "no"
        },
        {
            "trade_id": "9c468952-66c7-46ca-a544-4d098feae544",
            "ticker": "KXHIGHMIA-25MAR29-B80.5",
            "count": 100,
            "created_time": "2025-03-29T19:57:57.546396Z",
            "yes_price": 95,
            "no_price": 5,
            "taker_side": "no"
        },
        {
            "trade_id": "cc2c1fa8-412c-421b-bdc7-a96b8af0cfb6",
            "ticker": "KXHIGHMIA-25MAR29-B80.5",
            "count": 12,
            "created_time": "2025-03-29T19:22:39.850175Z",
            "yes_price": 95,
            "no_price": 5,
            "taker_side": "no"
        },
        {
            "trade_id": "bd24cdda-3a31-4760-80da-f2dd5381bece",
            "ticker": "KXHIGHMIA-25MAR29-B80.5",
            "count": 5,
            "created_time": "2025-03-29T19:22:39.850175Z",
            "yes_price": 96,
            "no_price": 4,
            "taker_side": "no"
        },
        {
            "trade_id": "3a3623c7-8f14-4791-9a77-25227c8e2990",
            "ticker": "KXHIGHMIA-25MAR29-B80.5",
            "count": 32,
            "created_time": "2025-03-29T19:13:30.00473Z",
            "yes_price": 97,
            "no_price": 3,
            "taker_side": "yes"
        },
        {
            "trade_id": "3601627a-7fed-41f4-bfac-5c6c7186213f",
            "ticker": "KXHIGHMIA-25MAR29-B80.5",
            "count": 5,
            "created_time": "2025-03-29T19:08:43.163054Z",
            "yes_price": 96,
            "no_price": 4,
            "taker_side": "no"
        },
        {
            "trade_id": "05c8245a-3946-4902-a91f-b896f15167d7",
            "ticker": "KXHIGHMIA-25MAR29-B80.5",
            "count": 9,
            "created_time": "2025-03-29T19:01:40.981601Z",
            "yes_price": 97,
            "no_price": 3,
            "taker_side": "yes"
        },
        {
            "trade_id": "d9f2beb7-81d9-4749-8700-c7445ea42575",
            "ticker": "KXHIGHMIA-25MAR29-B80.5",
            "count": 15,
            "created_time": "2025-03-29T18:53:05.375263Z",
            "yes_price": 96,
            "no_price": 4,
            "taker_side": "no"
        },
        {
            "trade_id": "0c815885-f4a1-4131-b4f4-2cee85c8ee6c",
            "ticker": "KXHIGHMIA-25MAR29-B80.5",
            "count": 45,
            "created_time": "2025-03-29T18:44:47.063476Z",
            "yes_price": 97,
            "no_price": 3,
            "taker_side": "yes"
        },
        {
            "trade_id": "cf84297a-9822-4d51-884d-be7c756baeeb",
            "ticker": "KXHIGHMIA-25MAR29-B80.5",
            "count": 10,
            "created_time": "2025-03-29T18:29:46.241001Z",
            "yes_price": 96,
            "no_price": 4,
            "taker_side": "no"
        },
        {
            "trade_id": "9578e2d5-80fc-4cdc-b479-8e8fe6865bfc",
            "ticker": "KXHIGHMIA-25MAR29-B80.5",
            "count": 5,
            "created_time": "2025-03-29T18:24:37.832767Z",
            "yes_price": 97,
            "no_price": 3,
            "taker_side": "yes"
        },
        {
            "trade_id": "a78779e9-8c7a-4238-9df8-111fa1625556",
            "ticker": "KXHIGHMIA-25MAR29-B80.5",
            "count": 100,
            "created_time": "2025-03-29T18:22:31.239626Z",
            "yes_price": 96,
            "no_price": 4,
            "taker_side": "no"
        },
        {
            "trade_id": "d670aa13-f368-4660-ad4d-5400a9cba53b",
            "ticker": "KXHIGHMIA-25MAR29-B80.5",
            "count": 25,
            "created_time": "2025-03-29T18:17:05.369388Z",
            "yes_price": 96,
            "no_price": 4,
            "taker_side": "no"
        },
        {
            "trade_id": "440f2d14-e6d8-4ecd-86ff-fb8375bb08bb",
            "ticker": "KXHIGHMIA-25MAR29-B80.5",
            "count": 2,
            "created_time": "2025-03-29T18:16:05.958591Z",
            "yes_price": 96,
            "no_price": 4,
            "taker_side": "no"
        },
        {
            "trade_id": "8ab69d64-b376-4ad7-8d04-dfb472ec94c9",
            "ticker": "KXHIGHMIA-25MAR29-B80.5",
            "count": 50,
            "created_time": "2025-03-29T18:12:38.381343Z",
            "yes_price": 97,
            "no_price": 3,
            "taker_side": "yes"
        },
        {
            "trade_id": "5dcbeeee-b3f3-4225-97d1-f19e0f047dec",
            "ticker": "KXHIGHMIA-25MAR29-B80.5",
            "count": 18,
            "created_time": "2025-03-29T18:12:38.381343Z",
            "yes_price": 97,
            "no_price": 3,
            "taker_side": "yes"
        },
        {
            "trade_id": "95f20a75-6d0a-4d39-9ebe-faaf9e4411a9",
            "ticker": "KXHIGHMIA-25MAR29-B80.5",
            "count": 47,
            "created_time": "2025-03-29T18:09:26.145065Z",
            "yes_price": 96,
            "no_price": 4,
            "taker_side": "yes"
        },
        {
            "trade_id": "efb059a9-ec41-47ee-935f-06814611e9c5",
            "ticker": "KXHIGHMIA-25MAR29-B80.5",
            "count": 19,
            "created_time": "2025-03-29T18:08:22.45146Z",
            "yes_price": 96,
            "no_price": 4,
            "taker_side": "yes"
        },
        {
            "trade_id": "d38a85fd-0b3e-4871-8979-41f8d1ae231b",
            "ticker": "KXHIGHMIA-25MAR29-B80.5",
            "count": 3,
            "created_time": "2025-03-29T18:08:22.45146Z",
            "yes_price": 96,
            "no_price": 4,
            "taker_side": "yes"
        },
        {
            "trade_id": "9599cf99-45f0-4015-814f-af1a9f1865db",
            "ticker": "KXHIGHMIA-25MAR29-B80.5",
            "count": 5,
            "created_time": "2025-03-29T18:00:27.341925Z",
            "yes_price": 96,
            "no_price": 4,
            "taker_side": "no"
        },
        {
            "trade_id": "02e00551-2367-4ef4-affa-ee55f2e7b063",
            "ticker": "KXHIGHMIA-25MAR29-B80.5",
            "count": 10,
            "created_time": "2025-03-29T18:00:27.341925Z",
            "yes_price": 95,
            "no_price": 5,
            "taker_side": "no"
        },
        {
            "trade_id": "f7174048-8023-4d60-a488-da0d511155c6",
            "ticker": "KXHIGHMIA-25MAR29-B80.5",
            "count": 100,
            "created_time": "2025-03-29T18:00:11.506908Z",
            "yes_price": 98,
            "no_price": 2,
            "taker_side": "yes"
        },
        {
            "trade_id": "d3d66d3a-db4a-461b-a9b1-6b9bd786f436",
            "ticker": "KXHIGHMIA-25MAR29-B80.5",
            "count": 13,
            "created_time": "2025-03-29T17:59:45.75372Z",
            "yes_price": 95,
            "no_price": 5,
            "taker_side": "yes"
        },
        {
            "trade_id": "bc33d819-f5e2-454b-a776-12c481622cf9",
            "ticker": "KXHIGHMIA-25MAR29-B80.5",
            "count": 30,
            "created_time": "2025-03-29T17:59:45.75372Z",
            "yes_price": 97,
            "no_price": 3,
            "taker_side": "yes"
        },
        {
            "trade_id": "b84a5a8c-c865-41c7-be1b-42d88ec5c2fd",
            "ticker": "KXHIGHMIA-25MAR29-B80.5",
            "count": 50,
            "created_time": "2025-03-29T17:59:45.75372Z",
            "yes_price": 95,
            "no_price": 5,
            "taker_side": "yes"
        },
        {
            "trade_id": "56e72a9d-dd6b-4b58-8da4-a3d6baa385be",
            "ticker": "KXHIGHMIA-25MAR29-B80.5",
            "count": 100,
            "created_time": "2025-03-29T17:59:45.75372Z",
            "yes_price": 97,
            "no_price": 3,
            "taker_side": "yes"
        },
        {
            "trade_id": "d0e842f4-cd22-4c59-93f9-03910f437ebc",
            "ticker": "KXHIGHMIA-25MAR29-B80.5",
            "count": 15,
            "created_time": "2025-03-29T17:55:44.04237Z",
            "yes_price": 95,
            "no_price": 5,
            "taker_side": "no"
        },
        {
            "trade_id": "a3302d6e-53bf-471c-9a3d-cc020d3514cf",
            "ticker": "KXHIGHMIA-25MAR29-B80.5",
            "count": 50,
            "created_time": "2025-03-29T17:53:11.71135Z",
            "yes_price": 94,
            "no_price": 6,
            "taker_side": "yes"
        },
        {
            "trade_id": "0056f898-6fc2-4dcb-aedd-e40c15e4cb93",
            "ticker": "KXHIGHMIA-25MAR29-B80.5",
            "count": 33,
            "created_time": "2025-03-29T17:53:11.71135Z",
            "yes_price": 94,
            "no_price": 6,
            "taker_side": "yes"
        },
        {
            "trade_id": "6b9a0b00-3cee-48c4-bd9c-0011c5f52778",
            "ticker": "KXHIGHMIA-25MAR29-B80.5",
            "count": 25,
            "created_time": "2025-03-29T17:52:02.271088Z",
            "yes_price": 89,
            "no_price": 11,
            "taker_side": "yes"
        },
        {
            "trade_id": "9d99ac48-544a-4050-a355-a395ff7d1d67",
            "ticker": "KXHIGHMIA-25MAR29-B80.5",
            "count": 5,
            "created_time": "2025-03-29T17:50:15.189863Z",
            "yes_price": 94,
            "no_price": 6,
            "taker_side": "yes"
        },
        {
            "trade_id": "3acec682-139d-48e9-a772-a26d4033856a",
            "ticker": "KXHIGHMIA-25MAR29-B80.5",
            "count": 50,
            "created_time": "2025-03-29T17:49:02.249698Z",
            "yes_price": 94,
            "no_price": 6,
            "taker_side": "yes"
        },
        {
            "trade_id": "70398dbc-7c0e-4399-b740-2e1aa4fcb515",
            "ticker": "KXHIGHMIA-25MAR29-B80.5",
            "count": 27,
            "created_time": "2025-03-29T17:48:11.69111Z",
            "yes_price": 86,
            "no_price": 14,
            "taker_side": "yes"
        },
        {
            "trade_id": "b8bebd03-7ef0-4ec2-bb4d-483ecefa1ad1",
            "ticker": "KXHIGHMIA-25MAR29-B80.5",
            "count": 28,
            "created_time": "2025-03-29T17:40:49.027763Z",
            "yes_price": 85,
            "no_price": 15,
            "taker_side": "yes"
        },
        {
            "trade_id": "e2483566-8f25-4eec-855c-3d3a973e4521",
            "ticker": "KXHIGHMIA-25MAR29-B80.5",
            "count": 25,
            "created_time": "2025-03-29T17:37:45.251875Z",
            "yes_price": 84,
            "no_price": 16,
            "taker_side": "yes"
        },
        {
            "trade_id": "86117623-32d5-4161-bdd2-67803c79d54e",
            "ticker": "KXHIGHMIA-25MAR29-B80.5",
            "count": 5,
            "created_time": "2025-03-29T17:36:27.983482Z",
            "yes_price": 78,
            "no_price": 22,
            "taker_side": "yes"
        },
        {
            "trade_id": "f6c93ba6-566b-41a8-8979-76720d769197",
            "ticker": "KXHIGHMIA-25MAR29-B80.5",
            "count": 37,
            "created_time": "2025-03-29T17:26:08.791555Z",
            "yes_price": 77,
            "no_price": 23,
            "taker_side": "yes"
        },
        {
            "trade_id": "1dd78468-5c6a-4197-b387-7586cc958539",
            "ticker": "KXHIGHMIA-25MAR29-B80.5",
            "count": 5,
            "created_time": "2025-03-29T17:26:08.061088Z",
            "yes_price": 77,
            "no_price": 23,
            "taker_side": "yes"
        },
        {
            "trade_id": "a7fbe087-74fa-4de8-a1fb-b2439c067aa2",
            "ticker": "KXHIGHMIA-25MAR29-B80.5",
            "count": 2,
            "created_time": "2025-03-29T17:25:11.410534Z",
            "yes_price": 76,
            "no_price": 24,
            "taker_side": "yes"
        },
        {
            "trade_id": "2083dea1-8f5d-4be9-a1e0-1ee975885858",
            "ticker": "KXHIGHMIA-25MAR29-B80.5",
            "count": 18,
            "created_time": "2025-03-29T17:25:11.410534Z",
            "yes_price": 77,
            "no_price": 23,
            "taker_side": "yes"
        },
        {
            "trade_id": "9f7cd91a-6462-4a2a-b21a-08fcb4ef9026",
            "ticker": "KXHIGHMIA-25MAR29-B80.5",
            "count": 5,
            "created_time": "2025-03-29T17:19:46.987069Z",
            "yes_price": 78,
            "no_price": 22,
            "taker_side": "yes"
        },
        {
            "trade_id": "081e7aaf-ad12-4718-ad56-f342a5cf3625",
            "ticker": "KXHIGHMIA-25MAR29-B80.5",
            "count": 3,
            "created_time": "2025-03-29T17:12:44.967836Z",
            "yes_price": 79,
            "no_price": 21,
            "taker_side": "yes"
        },
        {
            "trade_id": "d6eaca89-bf7c-4595-b70a-28517cd2a77c",
            "ticker": "KXHIGHMIA-25MAR29-B80.5",
            "count": 30,
            "created_time": "2025-03-29T16:38:09.449442Z",
            "yes_price": 78,
            "no_price": 22,
            "taker_side": "yes"
        },
        {
            "trade_id": "9d01d938-a7ce-4060-935c-e177f642bdd3",
            "ticker": "KXHIGHMIA-25MAR29-B80.5",
            "count": 1,
            "created_time": "2025-03-29T16:38:09.449442Z",
            "yes_price": 76,
            "no_price": 24,
            "taker_side": "yes"
        },
        {
            "trade_id": "154299a4-3112-43c0-88ea-ce3f980e82c5",
            "ticker": "KXHIGHMIA-25MAR29-B80.5",
            "count": 15,
            "created_time": "2025-03-29T16:38:09.449442Z",
            "yes_price": 77,
            "no_price": 23,
            "taker_side": "yes"
        },
        {
            "trade_id": "872fdf5b-7bc0-4d66-8dd3-9774cff3586f",
            "ticker": "KXHIGHMIA-25MAR29-B80.5",
            "count": 4,
            "created_time": "2025-03-29T16:35:38.645895Z",
            "yes_price": 75,
            "no_price": 25,
            "taker_side": "yes"
        },
        {
            "trade_id": "5f65f296-b5f6-4b8b-bb57-120156b58eeb",
            "ticker": "KXHIGHMIA-25MAR29-B80.5",
            "count": 1,
            "created_time": "2025-03-29T16:35:38.645895Z",
            "yes_price": 73,
            "no_price": 27,
            "taker_side": "yes"
        },
        {
            "trade_id": "9c80a6aa-df62-409c-b0c2-fac3d1fc0fb3",
            "ticker": "KXHIGHMIA-25MAR29-B80.5",
            "count": 1,
            "created_time": "2025-03-29T16:35:34.663825Z",
            "yes_price": 71,
            "no_price": 29,
            "taker_side": "yes"
        },
        {
            "trade_id": "eb356e4b-9a7e-4e10-a3b7-e03f1cb043f4",
            "ticker": "KXHIGHMIA-25MAR29-B80.5",
            "count": 1,
            "created_time": "2025-03-29T16:30:50.540774Z",
            "yes_price": 68,
            "no_price": 32,
            "taker_side": "no"
        },
        {
            "trade_id": "5ff64d0e-f41e-4fb9-8b49-f218cba4cb7b",
            "ticker": "KXHIGHMIA-25MAR29-B80.5",
            "count": 1,
            "created_time": "2025-03-29T16:30:49.935795Z",
            "yes_price": 71,
            "no_price": 29,
            "taker_side": "no"
        },
        {
            "trade_id": "e39f96df-eb20-46b7-a943-c743fd20056a",
            "ticker": "KXHIGHMIA-25MAR29-B80.5",
            "count": 1,
            "created_time": "2025-03-29T16:30:48.831858Z",
            "yes_price": 74,
            "no_price": 26,
            "taker_side": "no"
        },
        {
            "trade_id": "99a89813-6594-42f7-ab75-d59ff1c22803",
            "ticker": "KXHIGHMIA-25MAR29-B80.5",
            "count": 3,
            "created_time": "2025-03-29T16:30:47.980446Z",
            "yes_price": 75,
            "no_price": 25,
            "taker_side": "yes"
        },
        {
            "trade_id": "a2aa797b-4851-4180-950c-f33871742b6a",
            "ticker": "KXHIGHMIA-25MAR29-B80.5",
            "count": 31,
            "created_time": "2025-03-29T16:17:14.76023Z",
            "yes_price": 77,
            "no_price": 23,
            "taker_side": "yes"
        },
        {
            "trade_id": "afa451c7-51cc-4fe8-a442-2cb09c052294",
            "ticker": "KXHIGHMIA-25MAR29-B80.5",
            "count": 4,
            "created_time": "2025-03-29T15:55:39.74279Z",
            "yes_price": 76,
            "no_price": 24,
            "taker_side": "yes"
        },
        {
            "trade_id": "329c34bc-602e-4271-8914-4ad2e82f1fad",
            "ticker": "KXHIGHMIA-25MAR29-B80.5",
            "count": 1,
            "created_time": "2025-03-29T15:55:39.74279Z",
            "yes_price": 75,
            "no_price": 25,
            "taker_side": "yes"
        },
        {
            "trade_id": "74680152-823d-4f56-bee4-850b62dc9ac5",
            "ticker": "KXHIGHMIA-25MAR29-B80.5",
            "count": 1,
            "created_time": "2025-03-29T15:55:29.770804Z",
            "yes_price": 68,
            "no_price": 32,
            "taker_side": "no"
        },
        {
            "trade_id": "ec5d48cd-2ac2-46b7-8909-9a34ffbf7721",
            "ticker": "KXHIGHMIA-25MAR29-B80.5",
            "count": 1,
            "created_time": "2025-03-29T15:41:59.131512Z",
            "yes_price": 75,
            "no_price": 25,
            "taker_side": "yes"
        },
        {
            "trade_id": "a286f5ba-8f16-4e8c-b337-7638e4359528",
            "ticker": "KXHIGHMIA-25MAR29-B80.5",
            "count": 32,
            "created_time": "2025-03-29T15:41:59.131512Z",
            "yes_price": 75,
            "no_price": 25,
            "taker_side": "yes"
        },
        {
            "trade_id": "b4382670-df55-464a-9ab0-9314c7d5c3d5",
            "ticker": "KXHIGHMIA-25MAR29-B80.5",
            "count": 3,
            "created_time": "2025-03-29T15:39:16.761768Z",
            "yes_price": 74,
            "no_price": 26,
            "taker_side": "no"
        },
        {
            "trade_id": "ab363a4d-6922-4202-91aa-fd5809d8f6ff",
            "ticker": "KXHIGHMIA-25MAR29-B80.5",
            "count": 350,
            "created_time": "2025-03-29T15:38:21.937217Z",
            "yes_price": 74,
            "no_price": 26,
            "taker_side": "no"
        },
        {
            "trade_id": "eb0f1767-2174-4aeb-92ee-89ea61ebac7f",
            "ticker": "KXHIGHMIA-25MAR29-B80.5",
            "count": 1,
            "created_time": "2025-03-29T15:37:53.957362Z",
            "yes_price": 74,
            "no_price": 26,
            "taker_side": "no"
        },
        {
            "trade_id": "fbe7199c-81e1-4669-a3b1-d7f816da1738",
            "ticker": "KXHIGHMIA-25MAR29-B80.5",
            "count": 1,
            "created_time": "2025-03-29T15:35:58.220393Z",
            "yes_price": 74,
            "no_price": 26,
            "taker_side": "no"
        },
        {
            "trade_id": "f84c9657-7db7-4e0b-9dd1-8b6cb966a7e8",
            "ticker": "KXHIGHMIA-25MAR29-B80.5",
            "count": 14,
            "created_time": "2025-03-29T15:34:21.448258Z",
            "yes_price": 75,
            "no_price": 25,
            "taker_side": "no"
        },
        {
            "trade_id": "bcd58f13-790c-4c17-9ab4-cc6b506f87a3",
            "ticker": "KXHIGHMIA-25MAR29-B80.5",
            "count": 5,
            "created_time": "2025-03-29T15:34:21.448258Z",
            "yes_price": 74,
            "no_price": 26,
            "taker_side": "no"
        },
        {
            "trade_id": "ebef33dd-ecc4-4b3f-a611-adbde5236bac",
            "ticker": "KXHIGHMIA-25MAR29-B80.5",
            "count": 1,
            "created_time": "2025-03-29T15:34:09.501251Z",
            "yes_price": 75,
            "no_price": 25,
            "taker_side": "no"
        },
        {
            "trade_id": "565528a7-cab8-4af0-946f-4963247510bf",
            "ticker": "KXHIGHMIA-25MAR29-B80.5",
            "count": 1,
            "created_time": "2025-03-29T15:32:33.056085Z",
            "yes_price": 75,
            "no_price": 25,
            "taker_side": "no"
        },
        {
            "trade_id": "94cbeb7a-0278-4c68-a065-acaaab9674c8",
            "ticker": "KXHIGHMIA-25MAR29-B80.5",
            "count": 1,
            "created_time": "2025-03-29T15:32:33.009886Z",
            "yes_price": 75,
            "no_price": 25,
            "taker_side": "no"
        },
        {
            "trade_id": "fc30f6c0-25d6-4145-8aac-895e42db84d0",
            "ticker": "KXHIGHMIA-25MAR29-B80.5",
            "count": 1,
            "created_time": "2025-03-29T15:32:32.97601Z",
            "yes_price": 75,
            "no_price": 25,
            "taker_side": "no"
        },
        {
            "trade_id": "910bd71a-af4e-4f7d-9eec-6e576277b8da",
            "ticker": "KXHIGHMIA-25MAR29-B80.5",
            "count": 15,
            "created_time": "2025-03-29T15:32:32.648737Z",
            "yes_price": 75,
            "no_price": 25,
            "taker_side": "no"
        },
        {
            "trade_id": "4a70fcff-2d3f-4a98-bf20-a11e4b7ab1ee",
            "ticker": "KXHIGHMIA-25MAR29-B80.5",
            "count": 1,
            "created_time": "2025-03-29T15:32:32.160206Z",
            "yes_price": 75,
            "no_price": 25,
            "taker_side": "no"
        },
        {
            "trade_id": "2f4e9915-be73-49e3-b8b8-4e8866d78777",
            "ticker": "KXHIGHMIA-25MAR29-B80.5",
            "count": 1,
            "created_time": "2025-03-29T15:32:31.746945Z",
            "yes_price": 75,
            "no_price": 25,
            "taker_side": "no"
        },
        {
            "trade_id": "bf1296aa-1890-4720-8793-8866b986ea71",
            "ticker": "KXHIGHMIA-25MAR29-B80.5",
            "count": 2,
            "created_time": "2025-03-29T15:32:31.310568Z",
            "yes_price": 75,
            "no_price": 25,
            "taker_side": "no"
        },
        {
            "trade_id": "c27df691-361f-4a09-a20e-04cd098a8d67",
            "ticker": "KXHIGHMIA-25MAR29-B80.5",
            "count": 33,
            "created_time": "2025-03-29T15:31:11.629031Z",
            "yes_price": 74,
            "no_price": 26,
            "taker_side": "yes"
        },
        {
            "trade_id": "34ccbcec-fc87-4aa0-931b-52fb3b162233",
            "ticker": "KXHIGHMIA-25MAR29-B80.5",
            "count": 50,
            "created_time": "2025-03-29T15:30:17.558888Z",
            "yes_price": 76,
            "no_price": 24,
            "taker_side": "yes"
        },
        {
            "trade_id": "926b7a9d-8690-4828-bbdb-cc33ff0f8ccd",
            "ticker": "KXHIGHMIA-25MAR29-B80.5",
            "count": 10,
            "created_time": "2025-03-29T15:29:28.623139Z",
            "yes_price": 75,
            "no_price": 25,
            "taker_side": "yes"
        },
        {
            "trade_id": "9007505c-fad1-4040-8429-53e0fa757778",
            "ticker": "KXHIGHMIA-25MAR29-B80.5",
            "count": 41,
            "created_time": "2025-03-29T15:29:28.623139Z",
            "yes_price": 76,
            "no_price": 24,
            "taker_side": "yes"
        },
        {
            "trade_id": "b67e8021-5aa9-4e8f-a111-182f75307c4c",
            "ticker": "KXHIGHMIA-25MAR29-B80.5",
            "count": 8,
            "created_time": "2025-03-29T15:29:04.310464Z",
            "yes_price": 74,
            "no_price": 26,
            "taker_side": "yes"
        },
        {
            "trade_id": "7898f3ce-a5c9-4b1d-ada1-127b0223db51",
            "ticker": "KXHIGHMIA-25MAR29-B80.5",
            "count": 32,
            "created_time": "2025-03-29T15:29:04.310464Z",
            "yes_price": 71,
            "no_price": 29,
            "taker_side": "yes"
        },
        {
            "trade_id": "e10bacfa-8121-4111-a9d5-2f1605bcfacc",
            "ticker": "KXHIGHMIA-25MAR29-B80.5",
            "count": 56,
            "created_time": "2025-03-29T15:28:42.196895Z",
            "yes_price": 69,
            "no_price": 31,
            "taker_side": "yes"
        },
        {
            "trade_id": "9fcb9a00-c656-4de9-9435-421ab1ff45f6",
            "ticker": "KXHIGHMIA-25MAR29-B80.5",
            "count": 9,
            "created_time": "2025-03-29T15:23:35.051059Z",
            "yes_price": 60,
            "no_price": 40,
            "taker_side": "no"
        },
        {
            "trade_id": "2bb8079b-0487-4710-8fb4-cccd80172657",
            "ticker": "KXHIGHMIA-25MAR29-B80.5",
            "count": 5,
            "created_time": "2025-03-29T15:18:12.10228Z",
            "yes_price": 69,
            "no_price": 31,
            "taker_side": "yes"
        },
        {
            "trade_id": "065b303e-ca75-42c3-ac0b-6d09bfcb5202",
            "ticker": "KXHIGHMIA-25MAR29-B80.5",
            "count": 7,
            "created_time": "2025-03-29T15:12:48.069975Z",
            "yes_price": 67,
            "no_price": 33,
            "taker_side": "yes"
        },
        {
            "trade_id": "55e5f202-b24e-49e6-a583-20d33848d1fe",
            "ticker": "KXHIGHMIA-25MAR29-B80.5",
            "count": 15,
            "created_time": "2025-03-29T15:06:11.514026Z",
            "yes_price": 65,
            "no_price": 35,
            "taker_side": "yes"
        },
        {
            "trade_id": "74c0a85a-b28e-46ff-af8c-e1be1b1f6881",
            "ticker": "KXHIGHMIA-25MAR29-B80.5",
            "count": 14,
            "created_time": "2025-03-29T14:55:16.330729Z",
            "yes_price": 63,
            "no_price": 37,
            "taker_side": "yes"
        },
        {
            "trade_id": "2c509f86-4d1f-4cf3-864a-28a40095d7ba",
            "ticker": "KXHIGHMIA-25MAR29-B80.5",
            "count": 1,
            "created_time": "2025-03-29T14:55:16.330729Z",
            "yes_price": 62,
            "no_price": 38,
            "taker_side": "yes"
        },
        {
            "trade_id": "ff2ad6f6-2c4c-4ba4-ac7b-cbb4d839b2ce",
            "ticker": "KXHIGHMIA-25MAR29-B80.5",
            "count": 1,
            "created_time": "2025-03-29T14:49:34.120072Z",
            "yes_price": 60,
            "no_price": 40,
            "taker_side": "yes"
        },
        {
            "trade_id": "fc44df68-ad89-4c53-922f-c91eb1ae212a",
            "ticker": "KXHIGHMIA-25MAR29-B80.5",
            "count": 10,
            "created_time": "2025-03-29T14:49:34.120072Z",
            "yes_price": 64,
            "no_price": 36,
            "taker_side": "yes"
        },
        {
            "trade_id": "eb603d77-b593-48af-863e-0d9a07174987",
            "ticker": "KXHIGHMIA-25MAR29-B80.5",
            "count": 2,
            "created_time": "2025-03-29T14:49:34.120072Z",
            "yes_price": 72,
            "no_price": 28,
            "taker_side": "yes"
        },
        {
            "trade_id": "d74804a7-123c-4bd9-8dbc-2578a2a5d62e",
            "ticker": "KXHIGHMIA-25MAR29-B80.5",
            "count": 26,
            "created_time": "2025-03-29T14:49:34.120072Z",
            "yes_price": 65,
            "no_price": 35,
            "taker_side": "yes"
        },
        {
            "trade_id": "c6596a77-e4b3-4cf7-bdc2-d8c1d321481f",
            "ticker": "KXHIGHMIA-25MAR29-B80.5",
            "count": 1,
            "created_time": "2025-03-29T14:49:34.120072Z",
            "yes_price": 59,
            "no_price": 41,
            "taker_side": "yes"
        },
        {
            "trade_id": "77f78f8c-69ef-4ff2-aa61-fa8ac78d14ba",
            "ticker": "KXHIGHMIA-25MAR29-B80.5",
            "count": 29,
            "created_time": "2025-03-29T14:49:34.120072Z",
            "yes_price": 60,
            "no_price": 40,
            "taker_side": "yes"
        },
        {
            "trade_id": "42fcd904-07f1-4125-a69f-d40d0ba79bf9",
            "ticker": "KXHIGHMIA-25MAR29-B80.5",
            "count": 19,
            "created_time": "2025-03-29T14:49:34.120072Z",
            "yes_price": 72,
            "no_price": 28,
            "taker_side": "yes"
        },
        {
            "trade_id": "3a2a92bf-8d20-4888-8481-55e7ba37103c",
            "ticker": "KXHIGHMIA-25MAR29-B80.5",
            "count": 10,
            "created_time": "2025-03-29T14:49:34.120072Z",
            "yes_price": 60,
            "no_price": 40,
            "taker_side": "yes"
        },
        {
            "trade_id": "76dca153-dba2-4880-8e46-ad4b5c290c78",
            "ticker": "KXHIGHMIA-25MAR29-B80.5",
            "count": 2,
            "created_time": "2025-03-29T14:41:58.689224Z",
            "yes_price": 58,
            "no_price": 42,
            "taker_side": "no"
        },
        {
            "trade_id": "e0f67443-d78f-4f12-8b2c-b2fd2d459c62",
            "ticker": "KXHIGHMIA-25MAR29-B80.5",
            "count": 1,
            "created_time": "2025-03-29T14:36:02.988567Z",
            "yes_price": 58,
            "no_price": 42,
            "taker_side": "no"
        },
        {
            "trade_id": "650b4b3d-dbc1-4041-a062-8bf77820a582",
            "ticker": "KXHIGHMIA-25MAR29-B80.5",
            "count": 29,
            "created_time": "2025-03-29T14:34:53.942013Z",
            "yes_price": 58,
            "no_price": 42,
            "taker_side": "no"
        },
        {
            "trade_id": "d6527f96-9961-48fe-8fbb-d86b25453c6e",
            "ticker": "KXHIGHMIA-25MAR29-B80.5",
            "count": 15,
            "created_time": "2025-03-29T14:34:19.72188Z",
            "yes_price": 58,
            "no_price": 42,
            "taker_side": "no"
        },
        {
            "trade_id": "f6af2186-0b3f-4322-91db-b6700797f761",
            "ticker": "KXHIGHMIA-25MAR29-B80.5",
            "count": 13,
            "created_time": "2025-03-29T14:33:53.651049Z",
            "yes_price": 58,
            "no_price": 42,
            "taker_side": "no"
        },
        {
            "trade_id": "80b1f47e-903f-4418-a8e4-6b212ef168e3",
            "ticker": "KXHIGHMIA-25MAR29-B80.5",
            "count": 10,
            "created_time": "2025-03-29T14:33:53.450006Z",
            "yes_price": 60,
            "no_price": 40,
            "taker_side": "no"
        },
        {
            "trade_id": "51f3cf9b-ec8a-4080-9259-6051603f62c0",
            "ticker": "KXHIGHMIA-25MAR29-B80.5",
            "count": 13,
            "created_time": "2025-03-29T14:33:53.450006Z",
            "yes_price": 58,
            "no_price": 42,
            "taker_side": "no"
        },
        {
            "trade_id": "f3c7a2b6-e7e1-466e-bf99-ca3b0b36dc56",
            "ticker": "KXHIGHMIA-25MAR29-B80.5",
            "count": 1,
            "created_time": "2025-03-29T14:33:53.312121Z",
            "yes_price": 60,
            "no_price": 40,
            "taker_side": "no"
        },
        {
            "trade_id": "39b1e2e7-11ce-409b-bd73-aa9d57437fd5",
            "ticker": "KXHIGHMIA-25MAR29-B80.5",
            "count": 3,
            "created_time": "2025-03-29T14:33:52.980954Z",
            "yes_price": 60,
            "no_price": 40,
            "taker_side": "no"
        },
        {
            "trade_id": "870dcb15-cc60-4ca8-905c-65ad9df14ac3",
            "ticker": "KXHIGHMIA-25MAR29-B80.5",
            "count": 2,
            "created_time": "2025-03-29T14:33:52.457321Z",
            "yes_price": 60,
            "no_price": 40,
            "taker_side": "no"
        },
        {
            "trade_id": "d807b854-8c50-4276-aafe-889acad6fddf",
            "ticker": "KXHIGHMIA-25MAR29-B80.5",
            "count": 9,
            "created_time": "2025-03-29T14:28:35.108626Z",
            "yes_price": 60,
            "no_price": 40,
            "taker_side": "no"
        },
        {
            "trade_id": "da872d71-de42-4428-9d93-5904fd68ded0",
            "ticker": "KXHIGHMIA-25MAR29-B80.5",
            "count": 20,
            "created_time": "2025-03-29T14:22:31.589403Z",
            "yes_price": 58,
            "no_price": 42,
            "taker_side": "no"
        },
        {
            "trade_id": "d320ffa3-2e19-4a9e-ae2e-44de5d476f73",
            "ticker": "KXHIGHMIA-25MAR29-B80.5",
            "count": 32,
            "created_time": "2025-03-29T14:14:17.232319Z",
            "yes_price": 57,
            "no_price": 43,
            "taker_side": "yes"
        },
        {
            "trade_id": "4052f7a7-02f0-405c-abd0-769cc9e046c6",
            "ticker": "KXHIGHMIA-25MAR29-B80.5",
            "count": 28,
            "created_time": "2025-03-29T14:14:17.232319Z",
            "yes_price": 58,
            "no_price": 42,
            "taker_side": "yes"
        },
        {
            "trade_id": "a5d15695-aa3d-42e2-ab2d-7a54f20504fb",
            "ticker": "KXHIGHMIA-25MAR29-B80.5",
            "count": 17,
            "created_time": "2025-03-29T14:11:22.460392Z",
            "yes_price": 56,
            "no_price": 44,
            "taker_side": "yes"
        },
        {
            "trade_id": "70daf5d5-d797-4ee4-b9c5-65610728a117",
            "ticker": "KXHIGHMIA-25MAR29-B80.5",
            "count": 5,
            "created_time": "2025-03-29T14:08:58.100201Z",
            "yes_price": 56,
            "no_price": 44,
            "taker_side": "yes"
        },
        {
            "trade_id": "fc5d77bf-9896-423f-b0c2-6783cf1cfe34",
            "ticker": "KXHIGHMIA-25MAR29-B80.5",
            "count": 32,
            "created_time": "2025-03-29T14:06:40.742557Z",
            "yes_price": 46,
            "no_price": 54,
            "taker_side": "no"
        },
        {
            "trade_id": "e25df51e-9cab-45ee-8554-ce3ce9af8a53",
            "ticker": "KXHIGHMIA-25MAR29-B80.5",
            "count": 19,
            "created_time": "2025-03-29T14:06:40.742557Z",
            "yes_price": 47,
            "no_price": 53,
            "taker_side": "no"
        },
        {
            "trade_id": "5e47d34f-031d-44f2-a305-dac67dd8e8b7",
            "ticker": "KXHIGHMIA-25MAR29-B80.5",
            "count": 75,
            "created_time": "2025-03-29T14:06:40.742557Z",
            "yes_price": 44,
            "no_price": 56,
            "taker_side": "no"
        },
        {
            "trade_id": "c76bbcfe-e338-4eba-913e-965d51634224",
            "ticker": "KXHIGHMIA-25MAR29-B80.5",
            "count": 6,
            "created_time": "2025-03-29T13:58:59.432818Z",
            "yes_price": 49,
            "no_price": 51,
            "taker_side": "yes"
        },
        {
            "trade_id": "c7593e5a-8e3b-4bdf-85ff-4d5ed69cd4a2",
            "ticker": "KXHIGHMIA-25MAR29-B80.5",
            "count": 20,
            "created_time": "2025-03-29T13:58:59.432818Z",
            "yes_price": 51,
            "no_price": 49,
            "taker_side": "yes"
        },
        {
            "trade_id": "764a0f42-2fbc-4ccf-9e3a-0c5c752c694c",
            "ticker": "KXHIGHMIA-25MAR29-B80.5",
            "count": 100,
            "created_time": "2025-03-29T13:58:59.432818Z",
            "yes_price": 54,
            "no_price": 46,
            "taker_side": "yes"
        },
        {
            "trade_id": "36051b02-9526-4c04-9122-33e6b82770fe",
            "ticker": "KXHIGHMIA-25MAR29-B80.5",
            "count": 20,
            "created_time": "2025-03-29T13:58:59.432818Z",
            "yes_price": 50,
            "no_price": 50,
            "taker_side": "yes"
        },
        {
            "trade_id": "206a3144-8a52-41f6-8998-d2bcdaaa3e63",
            "ticker": "KXHIGHMIA-25MAR29-B80.5",
            "count": 20,
            "created_time": "2025-03-29T13:58:59.432818Z",
            "yes_price": 54,
            "no_price": 46,
            "taker_side": "yes"
        },
        {
            "trade_id": "0e977803-e11f-4e02-94dd-9c8bd7ca9ae0",
            "ticker": "KXHIGHMIA-25MAR29-B80.5",
            "count": 20,
            "created_time": "2025-03-29T13:58:59.432818Z",
            "yes_price": 52,
            "no_price": 48,
            "taker_side": "yes"
        },
        {
            "trade_id": "0d4a7620-ffed-4916-b415-2d305ef35e09",
            "ticker": "KXHIGHMIA-25MAR29-B80.5",
            "count": 29,
            "created_time": "2025-03-29T13:58:59.432818Z",
            "yes_price": 54,
            "no_price": 46,
            "taker_side": "yes"
        },
        {
            "trade_id": "044186ed-807e-4285-ace1-cc76cd938539",
            "ticker": "KXHIGHMIA-25MAR29-B80.5",
            "count": 20,
            "created_time": "2025-03-29T13:58:59.432818Z",
            "yes_price": 53,
            "no_price": 47,
            "taker_side": "yes"
        },
        {
            "trade_id": "fb842173-2f5c-47e6-9e87-30be6c6d8fd5",
            "ticker": "KXHIGHMIA-25MAR29-B80.5",
            "count": 8,
            "created_time": "2025-03-29T13:55:54.657774Z",
            "yes_price": 47,
            "no_price": 53,
            "taker_side": "yes"
        },
        {
            "trade_id": "f1478617-e5e7-4df3-9717-5b7c5822004e",
            "ticker": "KXHIGHMIA-25MAR29-B80.5",
            "count": 11,
            "created_time": "2025-03-29T13:55:54.657774Z",
            "yes_price": 48,
            "no_price": 52,
            "taker_side": "yes"
        },
        {
            "trade_id": "f125f016-01f8-4996-8d6d-b0e36f236842",
            "ticker": "KXHIGHMIA-25MAR29-B80.5",
            "count": 20,
            "created_time": "2025-03-29T13:55:54.657774Z",
            "yes_price": 44,
            "no_price": 56,
            "taker_side": "yes"
        },
        {
            "trade_id": "d7764905-a026-4ba9-9005-0e461122c83a",
            "ticker": "KXHIGHMIA-25MAR29-B80.5",
            "count": 18,
            "created_time": "2025-03-29T13:55:54.657774Z",
            "yes_price": 49,
            "no_price": 51,
            "taker_side": "yes"
        },
        {
            "trade_id": "cb1cfb1f-6c78-44bf-b651-b31752509ce9",
            "ticker": "KXHIGHMIA-25MAR29-B80.5",
            "count": 20,
            "created_time": "2025-03-29T13:55:54.657774Z",
            "yes_price": 42,
            "no_price": 58,
            "taker_side": "yes"
        },
        {
            "trade_id": "b15b87e8-03b2-4adb-8c53-a2b7ceab5b88",
            "ticker": "KXHIGHMIA-25MAR29-B80.5",
            "count": 20,
            "created_time": "2025-03-29T13:55:54.657774Z",
            "yes_price": 46,
            "no_price": 54,
            "taker_side": "yes"
        },
        {
            "trade_id": "addc2cc5-a3cb-4fdc-98be-cea1f50beaa7",
            "ticker": "KXHIGHMIA-25MAR29-B80.5",
            "count": 20,
            "created_time": "2025-03-29T13:55:54.657774Z",
            "yes_price": 45,
            "no_price": 55,
            "taker_side": "yes"
        },
        {
            "trade_id": "a882b14f-d913-451f-99a2-c71987ebe87e",
            "ticker": "KXHIGHMIA-25MAR29-B80.5",
            "count": 20,
            "created_time": "2025-03-29T13:55:54.657774Z",
            "yes_price": 49,
            "no_price": 51,
            "taker_side": "yes"
        },
        {
            "trade_id": "a753a220-9af9-4295-bb69-5e4085570624",
            "ticker": "KXHIGHMIA-25MAR29-B80.5",
            "count": 4,
            "created_time": "2025-03-29T13:55:54.657774Z",
            "yes_price": 43,
            "no_price": 57,
            "taker_side": "yes"
        },
        {
            "trade_id": "7c665cf0-3451-44e6-9002-309dba35f314",
            "ticker": "KXHIGHMIA-25MAR29-B80.5",
            "count": 11,
            "created_time": "2025-03-29T13:55:54.657774Z",
            "yes_price": 46,
            "no_price": 54,
            "taker_side": "yes"
        },
        {
            "trade_id": "5eeccbed-c607-456b-a1b0-5532f02176ae",
            "ticker": "KXHIGHMIA-25MAR29-B80.5",
            "count": 20,
            "created_time": "2025-03-29T13:55:54.657774Z",
            "yes_price": 43,
            "no_price": 57,
            "taker_side": "yes"
        },
        {
            "trade_id": "4d996881-7956-4d33-a1e7-fb3949f45700",
            "ticker": "KXHIGHMIA-25MAR29-B80.5",
            "count": 20,
            "created_time": "2025-03-29T13:55:54.657774Z",
            "yes_price": 47,
