{
    "KXHIGHMIA-25APR11-T79": [
        {
            "trade_id": "7983347f-23ff-4b07-973a-c62bcec17d8a",
            "ticker": "KXHIGHMIA-25APR11-T79",
            "count": 100,
            "created_time": "2025-04-11T12:45:25.161836Z",
            "yes_price": 1,
            "no_price": 99,
            "taker_side": "no"
        }
    ],
    "KXHIGHMIA-25APR11-B79.5": [
        {
            "trade_id": "e4ac1a52-eef3-4817-83d0-e7edcbf39f58",
            "ticker": "KXHIGHMIA-25APR11-B79.5",
            "count": 42,
            "created_time": "2025-04-11T14:57:31.053385Z",
            "yes_price": 1,
            "no_price": 99,
            "taker_side": "no"
        },
        {
            "trade_id": "c7122275-754f-496d-9f54-2e0a699671eb",
            "ticker": "KXHIGHMIA-25APR11-B79.5",
            "count": 3,
            "created_time": "2025-04-11T14:53:15.405919Z",
            "yes_price": 1,
            "no_price": 99,
            "taker_side": "no"
        },
        {
            "trade_id": "ff48183b-b42e-41c7-80ff-b6bf5c30223a",
            "ticker": "KXHIGHMIA-25APR11-B79.5",
            "count": 5,
            "created_time": "2025-04-11T14:06:44.102889Z",
            "yes_price": 1,
            "no_price": 99,
            "taker_side": "no"
        },
        {
            "trade_id": "bd7e66ad-36c4-46c7-8f97-3766ee6ab8a1",
            "ticker": "KXHIGHMIA-25APR11-B79.5",
            "count": 5,
            "created_time": "2025-04-11T13:54:22.176731Z",
            "yes_price": 1,
            "no_price": 99,
            "taker_side": "no"
        },
        {
            "trade_id": "44d9298d-f5bd-46c9-8ca0-558b07cddf29",
            "ticker": "KXHIGHMIA-25APR11-B79.5",
            "count": 5,
            "created_time": "2025-04-11T13:52:46.107904Z",
            "yes_price": 1,
            "no_price": 99,
            "taker_side": "no"
        },
        {
            "trade_id": "eb97b60f-0241-44f8-ba12-1a18f3250f67",
            "ticker": "KXHIGHMIA-25APR11-B79.5",
            "count": 14,
            "created_time": "2025-04-11T05:40:34.478191Z",
            "yes_price": 1,
            "no_price": 99,
            "taker_side": "no"
        },
        {
            "trade_id": "866663fb-8356-4674-a801-8ca279f2de87",
            "ticker": "KXHIGHMIA-25APR11-B79.5",
            "count": 23,
            "created_time": "2025-04-11T05:18:31.65983Z",
            "yes_price": 1,
            "no_price": 99,
            "taker_side": "no"
        },
        {
            "trade_id": "f97bc37e-c9c3-4669-9b9e-8f5b60d00fd8",
            "ticker": "KXHIGHMIA-25APR11-B79.5",
            "count": 22,
            "created_time": "2025-04-11T05:14:29.559089Z",
            "yes_price": 1,
            "no_price": 99,
            "taker_side": "no"
        },
        {
            "trade_id": "587a7722-ed95-46c1-8a75-02a2a0f7964c",
            "ticker": "KXHIGHMIA-25APR11-B79.5",
            "count": 23,
            "created_time": "2025-04-11T05:07:23.965443Z",
            "yes_price": 1,
            "no_price": 99,
            "taker_side": "no"
        },
        {
            "trade_id": "f1913a0b-3070-4130-81c7-09ae59dfc810",
            "ticker": "KXHIGHMIA-25APR11-B79.5",
            "count": 7,
            "created_time": "2025-04-11T05:07:23.116357Z",
            "yes_price": 1,
            "no_price": 99,
            "taker_side": "no"
        },
        {
            "trade_id": "4edc223e-ff41-45ef-85f7-b3b45110ac71",
            "ticker": "KXHIGHMIA-25APR11-B79.5",
            "count": 10,
            "created_time": "2025-04-11T05:07:22.277945Z",
            "yes_price": 1,
            "no_price": 99,
            "taker_side": "no"
        },
        {
            "trade_id": "1a690051-ef26-4673-a447-e02a994ba2ea",
            "ticker": "KXHIGHMIA-25APR11-B79.5",
            "count": 8,
            "created_time": "2025-04-11T05:07:21.434871Z",
            "yes_price": 1,
            "no_price": 99,
            "taker_side": "no"
        },
        {
            "trade_id": "84b66bd0-7c50-4c81-b135-395d53da7ab0",
            "ticker": "KXHIGHMIA-25APR11-B79.5",
            "count": 17,
            "created_time": "2025-04-11T05:07:14.464079Z",
            "yes_price": 1,
            "no_price": 99,
            "taker_side": "no"
        },
        {
            "trade_id": "d37e3d9b-3422-46a4-beb4-156441a41bb7",
            "ticker": "KXHIGHMIA-25APR11-B79.5",
            "count": 5,
            "created_time": "2025-04-11T05:07:13.660209Z",
            "yes_price": 1,
            "no_price": 99,
            "taker_side": "no"
        },
        {
            "trade_id": "fa2f1d73-b35b-4980-8d4b-bed56604afad",
            "ticker": "KXHIGHMIA-25APR11-B79.5",
            "count": 5,
            "created_time": "2025-04-11T05:07:13.613004Z",
            "yes_price": 1,
            "no_price": 99,
            "taker_side": "no"
        },
        {
            "trade_id": "a591379d-381e-4212-a948-b5bb86c1ae73",
            "ticker": "KXHIGHMIA-25APR11-B79.5",
            "count": 5,
            "created_time": "2025-04-11T04:56:58.500333Z",
            "yes_price": 1,
            "no_price": 99,
            "taker_side": "no"
        },
        {
            "trade_id": "84ef848a-a87b-42f4-aed1-b73123306163",
            "ticker": "KXHIGHMIA-25APR11-B79.5",
            "count": 18,
            "created_time": "2025-04-11T04:56:57.658543Z",
            "yes_price": 1,
            "no_price": 99,
            "taker_side": "no"
        },
        {
            "trade_id": "679a3e7f-7ef2-4886-b9a6-de26263340ec",
            "ticker": "KXHIGHMIA-25APR11-B79.5",
            "count": 12,
            "created_time": "2025-04-11T04:30:02.831126Z",
            "yes_price": 1,
            "no_price": 99,
            "taker_side": "no"
        },
        {
            "trade_id": "5549853d-e879-4ffe-ae5b-a182fe9bd0d2",
            "ticker": "KXHIGHMIA-25APR11-B79.5",
            "count": 12,
            "created_time": "2025-04-11T04:30:02.69576Z",
            "yes_price": 1,
            "no_price": 99,
            "taker_side": "no"
        },
        {
            "trade_id": "fea798b0-d347-4fac-87e1-d09f419c7c30",
            "ticker": "KXHIGHMIA-25APR11-B79.5",
            "count": 32,
            "created_time": "2025-04-11T04:08:08.054012Z",
            "yes_price": 4,
            "no_price": 96,
            "taker_side": "yes"
        },
        {
            "trade_id": "b2e8fd51-e2e2-4553-9c2f-23a2298232ae",
            "ticker": "KXHIGHMIA-25APR11-B79.5",
            "count": 8,
            "created_time": "2025-04-11T04:08:08.054012Z",
            "yes_price": 4,
            "no_price": 96,
            "taker_side": "yes"
        },
        {
            "trade_id": "4103562b-31db-4523-b751-ade674a54148",
            "ticker": "KXHIGHMIA-25APR11-B79.5",
            "count": 23,
            "created_time": "2025-04-11T04:08:08.054012Z",
            "yes_price": 5,
            "no_price": 95,
            "taker_side": "yes"
        },
        {
            "trade_id": "451c8de9-7c64-4f9d-9096-31459101f10e",
            "ticker": "KXHIGHMIA-25APR11-B79.5",
            "count": 41,
            "created_time": "2025-04-10T21:22:19.819309Z",
            "yes_price": 4,
            "no_price": 96,
            "taker_side": "yes"
        },
        {
            "trade_id": "39541d8c-c2b7-4bdd-8a85-447c86f65477",
            "ticker": "KXHIGHMIA-25APR11-B79.5",
            "count": 4,
            "created_time": "2025-04-10T21:22:19.819309Z",
            "yes_price": 5,
            "no_price": 95,
            "taker_side": "yes"
        }
    ],
    "KXHIGHMIA-25APR11-B81.5": [
        {
            "trade_id": "7778e38e-02e5-4cc2-903f-5c4476c506c8",
            "ticker": "KXHIGHMIA-25APR11-B81.5",
            "count": 90,
            "created_time": "2025-04-11T20:49:52.071751Z",
            "yes_price": 1,
            "no_price": 99,
            "taker_side": "yes"
        },
        {
            "trade_id": "89527125-9933-40a8-9470-370609208067",
            "ticker": "KXHIGHMIA-25APR11-B81.5",
            "count": 141,
            "created_time": "2025-04-11T20:11:49.414928Z",
            "yes_price": 1,
            "no_price": 99,
            "taker_side": "yes"
        },
        {
            "trade_id": "ed13cdb0-02ad-469e-80a2-9299667ba9c2",
            "ticker": "KXHIGHMIA-25APR11-B81.5",
            "count": 50,
            "created_time": "2025-04-11T20:07:50.038226Z",
            "yes_price": 1,
            "no_price": 99,
            "taker_side": "yes"
        },
        {
            "trade_id": "8c448c13-3dcf-41a7-b1e7-7475e139cb20",
            "ticker": "KXHIGHMIA-25APR11-B81.5",
            "count": 125,
            "created_time": "2025-04-11T19:48:38.102222Z",
            "yes_price": 1,
            "no_price": 99,
            "taker_side": "yes"
        },
        {
            "trade_id": "6a82cd20-e372-4066-a551-382cc5bf0e5d",
            "ticker": "KXHIGHMIA-25APR11-B81.5",
            "count": 50,
            "created_time": "2025-04-11T19:35:30.217332Z",
            "yes_price": 1,
            "no_price": 99,
            "taker_side": "yes"
        },
        {
            "trade_id": "726b8629-a3e1-4175-8581-6bbc17c0360d",
            "ticker": "KXHIGHMIA-25APR11-B81.5",
            "count": 234,
            "created_time": "2025-04-11T19:15:28.309917Z",
            "yes_price": 1,
            "no_price": 99,
            "taker_side": "yes"
        },
        {
            "trade_id": "ea752d16-8c4c-4573-9ded-979260686920",
            "ticker": "KXHIGHMIA-25APR11-B81.5",
            "count": 11,
            "created_time": "2025-04-11T19:06:04.529531Z",
            "yes_price": 1,
            "no_price": 99,
            "taker_side": "yes"
        },
        {
            "trade_id": "ec1b77b5-8ac5-4a96-aa87-60dad4367273",
            "ticker": "KXHIGHMIA-25APR11-B81.5",
            "count": 1,
            "created_time": "2025-04-11T18:31:20.177125Z",
            "yes_price": 1,
            "no_price": 99,
            "taker_side": "yes"
        },
        {
            "trade_id": "d260a90c-b4f2-479d-8625-00cb985d9713",
            "ticker": "KXHIGHMIA-25APR11-B81.5",
            "count": 467,
            "created_time": "2025-04-11T18:16:21.537212Z",
            "yes_price": 1,
            "no_price": 99,
            "taker_side": "yes"
        },
        {
            "trade_id": "56f992ff-ecd7-4359-b5f4-606e96099595",
            "ticker": "KXHIGHMIA-25APR11-B81.5",
            "count": 121,
            "created_time": "2025-04-11T18:07:28.747201Z",
            "yes_price": 1,
            "no_price": 99,
            "taker_side": "yes"
        },
        {
            "trade_id": "9708c2e7-b288-48b9-8697-f2c98a68eec1",
            "ticker": "KXHIGHMIA-25APR11-B81.5",
            "count": 104,
            "created_time": "2025-04-11T18:02:59.742942Z",
            "yes_price": 1,
            "no_price": 99,
            "taker_side": "yes"
        },
        {
            "trade_id": "46bb5e9d-5ad9-47aa-912e-014f797a3c78",
            "ticker": "KXHIGHMIA-25APR11-B81.5",
            "count": 30,
            "created_time": "2025-04-11T17:55:38.250238Z",
            "yes_price": 1,
            "no_price": 99,
            "taker_side": "yes"
        },
        {
            "trade_id": "f8a28886-a295-42be-9075-d21cafd8d3a0",
            "ticker": "KXHIGHMIA-25APR11-B81.5",
            "count": 50,
            "created_time": "2025-04-11T17:55:38.047072Z",
            "yes_price": 1,
            "no_price": 99,
            "taker_side": "no"
        },
        {
            "trade_id": "f69b3dd3-0b49-4bfd-b13c-ad87f574a25a",
            "ticker": "KXHIGHMIA-25APR11-B81.5",
            "count": 200,
            "created_time": "2025-04-11T17:55:38.047072Z",
            "yes_price": 1,
            "no_price": 99,
            "taker_side": "no"
        },
        {
            "trade_id": "ec7573c6-1222-4d6f-80bf-2363171742b1",
            "ticker": "KXHIGHMIA-25APR11-B81.5",
            "count": 38,
            "created_time": "2025-04-11T17:55:38.047072Z",
            "yes_price": 8,
            "no_price": 92,
            "taker_side": "no"
        },
        {
            "trade_id": "dce126c7-c29c-4709-a3d1-ef30655f94dc",
            "ticker": "KXHIGHMIA-25APR11-B81.5",
            "count": 150,
            "created_time": "2025-04-11T17:55:38.047072Z",
            "yes_price": 1,
            "no_price": 99,
            "taker_side": "no"
        },
        {
            "trade_id": "c1dbebe0-0315-43c1-b2ee-c8e2fb8b3b1e",
            "ticker": "KXHIGHMIA-25APR11-B81.5",
            "count": 47,
            "created_time": "2025-04-11T17:55:38.047072Z",
            "yes_price": 11,
            "no_price": 89,
            "taker_side": "no"
        },
        {
            "trade_id": "bb0efdc0-ee92-4568-adcd-b5ad012434af",
            "ticker": "KXHIGHMIA-25APR11-B81.5",
            "count": 11,
            "created_time": "2025-04-11T17:55:38.047072Z",
            "yes_price": 5,
            "no_price": 95,
            "taker_side": "no"
        },
        {
            "trade_id": "b249dad2-586c-4957-b277-01ea77250d9b",
            "ticker": "KXHIGHMIA-25APR11-B81.5",
            "count": 50,
            "created_time": "2025-04-11T17:55:38.047072Z",
            "yes_price": 4,
            "no_price": 96,
            "taker_side": "no"
        },
        {
            "trade_id": "b19a57df-2063-4d67-8c1a-bda50c680ea5",
            "ticker": "KXHIGHMIA-25APR11-B81.5",
            "count": 13,
            "created_time": "2025-04-11T17:55:38.047072Z",
            "yes_price": 4,
            "no_price": 96,
            "taker_side": "no"
        },
        {
            "trade_id": "a8455fcd-140c-4782-8678-c56c452d3d4c",
            "ticker": "KXHIGHMIA-25APR11-B81.5",
            "count": 10,
            "created_time": "2025-04-11T17:55:38.047072Z",
            "yes_price": 4,
            "no_price": 96,
            "taker_side": "no"
        },
        {
            "trade_id": "93f048ce-f44d-4bf6-8258-4dcacdb57490",
            "ticker": "KXHIGHMIA-25APR11-B81.5",
            "count": 17,
            "created_time": "2025-04-11T17:55:38.047072Z",
            "yes_price": 1,
            "no_price": 99,
            "taker_side": "no"
        },
        {
            "trade_id": "460a43c2-b297-4f9f-a3eb-f8b5f8640142",
            "ticker": "KXHIGHMIA-25APR11-B81.5",
            "count": 120,
            "created_time": "2025-04-11T17:55:38.047072Z",
            "yes_price": 1,
            "no_price": 99,
            "taker_side": "no"
        },
        {
            "trade_id": "38243caa-c774-4f9b-9c19-3af2d7fd7250",
            "ticker": "KXHIGHMIA-25APR11-B81.5",
            "count": 99,
            "created_time": "2025-04-11T17:55:38.047072Z",
            "yes_price": 4,
            "no_price": 96,
            "taker_side": "no"
        },
        {
            "trade_id": "148609e3-2fab-4c27-84c3-930cf74e9b02",
            "ticker": "KXHIGHMIA-25APR11-B81.5",
            "count": 50,
            "created_time": "2025-04-11T17:55:38.047072Z",
            "yes_price": 3,
            "no_price": 97,
            "taker_side": "no"
        },
        {
            "trade_id": "5e950ab4-9ae2-4af1-9234-84c37f21bef6",
            "ticker": "KXHIGHMIA-25APR11-B81.5",
            "count": 6,
            "created_time": "2025-04-11T17:40:09.215653Z",
            "yes_price": 20,
            "no_price": 80,
            "taker_side": "yes"
        },
        {
            "trade_id": "cf0b366a-e810-4af0-8b4e-884983b0c5ec",
            "ticker": "KXHIGHMIA-25APR11-B81.5",
            "count": 50,
            "created_time": "2025-04-11T17:38:39.986818Z",
            "yes_price": 17,
            "no_price": 83,
            "taker_side": "yes"
        },
        {
            "trade_id": "ba964e13-7ecc-4a0e-a88a-59f872bb59e7",
            "ticker": "KXHIGHMIA-25APR11-B81.5",
            "count": 25,
            "created_time": "2025-04-11T17:38:39.986818Z",
            "yes_price": 17,
            "no_price": 83,
            "taker_side": "yes"
        },
        {
            "trade_id": "71805bef-58ff-4c6a-acb3-9aae7c9112a6",
            "ticker": "KXHIGHMIA-25APR11-B81.5",
            "count": 2,
            "created_time": "2025-04-11T17:38:39.986818Z",
            "yes_price": 16,
            "no_price": 84,
            "taker_side": "yes"
        },
        {
            "trade_id": "290a2db3-2e9f-4717-9a75-a18f4e72f0bd",
            "ticker": "KXHIGHMIA-25APR11-B81.5",
            "count": 5,
            "created_time": "2025-04-11T17:38:29.713909Z",
            "yes_price": 11,
            "no_price": 89,
            "taker_side": "no"
        },
        {
            "trade_id": "32c9e08a-b894-42d5-b2e0-3760ea70e637",
            "ticker": "KXHIGHMIA-25APR11-B81.5",
            "count": 9,
            "created_time": "2025-04-11T17:35:55.926863Z",
            "yes_price": 11,
            "no_price": 89,
            "taker_side": "no"
        },
        {
            "trade_id": "984e78e4-672e-4677-bb81-fc4d83775c83",
            "ticker": "KXHIGHMIA-25APR11-B81.5",
            "count": 4,
            "created_time": "2025-04-11T17:29:39.817383Z",
            "yes_price": 10,
            "no_price": 90,
            "taker_side": "no"
        },
        {
            "trade_id": "cab47f8d-aca5-4189-9472-6811ecd00a68",
            "ticker": "KXHIGHMIA-25APR11-B81.5",
            "count": 5,
            "created_time": "2025-04-11T17:25:47.830743Z",
            "yes_price": 10,
            "no_price": 90,
            "taker_side": "yes"
        },
        {
            "trade_id": "c2cba162-04ab-4752-8351-925364005448",
            "ticker": "KXHIGHMIA-25APR11-B81.5",
            "count": 6,
            "created_time": "2025-04-11T17:25:47.830743Z",
            "yes_price": 10,
            "no_price": 90,
            "taker_side": "yes"
        },
        {
            "trade_id": "e0aa8909-7513-4381-86ec-f0d3965022ee",
            "ticker": "KXHIGHMIA-25APR11-B81.5",
            "count": 25,
            "created_time": "2025-04-11T17:22:48.966716Z",
            "yes_price": 10,
            "no_price": 90,
            "taker_side": "yes"
        },
        {
            "trade_id": "37b96d6c-1fae-4d47-b9cb-44f543a1824d",
            "ticker": "KXHIGHMIA-25APR11-B81.5",
            "count": 21,
            "created_time": "2025-04-11T17:13:35.273225Z",
            "yes_price": 9,
            "no_price": 91,
            "taker_side": "no"
        },
        {
            "trade_id": "2f4ceb62-17d3-4a08-89c8-2a82272037d0",
            "ticker": "KXHIGHMIA-25APR11-B81.5",
            "count": 10,
            "created_time": "2025-04-11T17:11:37.839369Z",
            "yes_price": 10,
            "no_price": 90,
            "taker_side": "yes"
        },
        {
            "trade_id": "68d12bea-d347-4733-9221-8eb992fd7f4e",
            "ticker": "KXHIGHMIA-25APR11-B81.5",
            "count": 9,
            "created_time": "2025-04-11T17:10:22.341661Z",
            "yes_price": 10,
            "no_price": 90,
            "taker_side": "yes"
        },
        {
            "trade_id": "86161cfb-79e5-40cf-aa38-f7f518be4e07",
            "ticker": "KXHIGHMIA-25APR11-B81.5",
            "count": 50,
            "created_time": "2025-04-11T17:08:56.904184Z",
            "yes_price": 10,
            "no_price": 90,
            "taker_side": "no"
        },
        {
            "trade_id": "04c939b8-8a83-4e61-9c68-a11419638a7e",
            "ticker": "KXHIGHMIA-25APR11-B81.5",
            "count": 81,
            "created_time": "2025-04-11T17:04:31.488903Z",
            "yes_price": 10,
            "no_price": 90,
            "taker_side": "no"
        },
        {
            "trade_id": "bbe935de-a75f-4e7c-b043-d00c9591bc7c",
            "ticker": "KXHIGHMIA-25APR11-B81.5",
            "count": 23,
            "created_time": "2025-04-11T16:57:53.128627Z",
            "yes_price": 17,
            "no_price": 83,
            "taker_side": "yes"
        },
        {
            "trade_id": "186b8c0e-1a1d-436c-a73b-04d364c0fb85",
            "ticker": "KXHIGHMIA-25APR11-B81.5",
            "count": 22,
            "created_time": "2025-04-11T16:56:43.380904Z",
            "yes_price": 11,
            "no_price": 89,
            "taker_side": "no"
        },
        {
            "trade_id": "82b0986d-6499-4199-9627-eea04bee7ec3",
            "ticker": "KXHIGHMIA-25APR11-B81.5",
            "count": 1,
            "created_time": "2025-04-11T16:50:41.474626Z",
            "yes_price": 8,
            "no_price": 92,
            "taker_side": "yes"
        },
        {
            "trade_id": "9dbe8122-40f7-4ec0-ab53-80745e1643ec",
            "ticker": "KXHIGHMIA-25APR11-B81.5",
            "count": 5,
            "created_time": "2025-04-11T16:49:10.983652Z",
            "yes_price": 5,
            "no_price": 95,
            "taker_side": "no"
        },
        {
            "trade_id": "e56134f8-90f1-42e4-bef6-a0aaa80df87b",
            "ticker": "KXHIGHMIA-25APR11-B81.5",
            "count": 41,
            "created_time": "2025-04-11T16:48:48.18418Z",
            "yes_price": 6,
            "no_price": 94,
            "taker_side": "no"
        },
        {
            "trade_id": "a8da11cf-6028-4f05-8edf-95fa65e28f23",
            "ticker": "KXHIGHMIA-25APR11-B81.5",
            "count": 5,
            "created_time": "2025-04-11T16:48:48.18418Z",
            "yes_price": 7,
            "no_price": 93,
            "taker_side": "no"
        },
        {
            "trade_id": "60555d09-215a-4eb1-b0c8-7508c92e8289",
            "ticker": "KXHIGHMIA-25APR11-B81.5",
            "count": 50,
            "created_time": "2025-04-11T16:48:48.18418Z",
            "yes_price": 8,
            "no_price": 92,
            "taker_side": "no"
        },
        {
            "trade_id": "2025715e-6433-4a28-8027-cdc99c6e0a03",
            "ticker": "KXHIGHMIA-25APR11-B81.5",
            "count": 36,
            "created_time": "2025-04-11T16:48:48.18418Z",
            "yes_price": 6,
            "no_price": 94,
            "taker_side": "no"
        },
        {
            "trade_id": "abb271a3-4cc3-482d-a491-139d0bbc8e2f",
            "ticker": "KXHIGHMIA-25APR11-B81.5",
            "count": 9,
            "created_time": "2025-04-11T16:46:47.544548Z",
            "yes_price": 6,
            "no_price": 94,
            "taker_side": "no"
        },
        {
            "trade_id": "ea4cb97e-b470-426f-9ae8-68b214b214e1",
            "ticker": "KXHIGHMIA-25APR11-B81.5",
            "count": 9,
            "created_time": "2025-04-11T16:45:44.938815Z",
            "yes_price": 8,
            "no_price": 92,
            "taker_side": "no"
        },
        {
            "trade_id": "b80e4a94-b13d-4638-98dc-89e92325ac96",
            "ticker": "KXHIGHMIA-25APR11-B81.5",
            "count": 99,
            "created_time": "2025-04-11T16:45:44.938815Z",
            "yes_price": 10,
            "no_price": 90,
            "taker_side": "no"
        },
        {
            "trade_id": "9ef68962-9a23-4397-9fa1-16491440280f",
            "ticker": "KXHIGHMIA-25APR11-B81.5",
            "count": 50,
            "created_time": "2025-04-11T16:45:44.938815Z",
            "yes_price": 16,
            "no_price": 84,
            "taker_side": "no"
        },
        {
            "trade_id": "4be76a82-3820-4615-af48-b29ca5d8142a",
            "ticker": "KXHIGHMIA-25APR11-B81.5",
            "count": 17,
            "created_time": "2025-04-11T16:45:44.938815Z",
            "yes_price": 9,
            "no_price": 91,
            "taker_side": "no"
        },
        {
            "trade_id": "04187a39-61df-429c-9562-4fa0080db2d9",
            "ticker": "KXHIGHMIA-25APR11-B81.5",
            "count": 25,
            "created_time": "2025-04-11T16:45:44.938815Z",
            "yes_price": 8,
            "no_price": 92,
            "taker_side": "no"
        },
        {
            "trade_id": "1bfd5a04-53cc-4128-a305-cedf198ffc27",
            "ticker": "KXHIGHMIA-25APR11-B81.5",
            "count": 26,
            "created_time": "2025-04-11T16:45:36.717926Z",
            "yes_price": 9,
            "no_price": 91,
            "taker_side": "no"
        },
        {
            "trade_id": "41bb37f8-2b67-4282-8e5d-601ae1b773a0",
            "ticker": "KXHIGHMIA-25APR11-B81.5",
            "count": 23,
            "created_time": "2025-04-11T16:45:17.754737Z",
            "yes_price": 11,
            "no_price": 89,
            "taker_side": "no"
        },
        {
            "trade_id": "5351b92e-4ab4-4bb7-83a6-42728ddce435",
            "ticker": "KXHIGHMIA-25APR11-B81.5",
            "count": 26,
            "created_time": "2025-04-11T16:43:56.669952Z",
            "yes_price": 19,
            "no_price": 81,
            "taker_side": "no"
        },
        {
            "trade_id": "aeeafc57-5354-47fd-a9ed-38f21dd9366d",
            "ticker": "KXHIGHMIA-25APR11-B81.5",
            "count": 43,
            "created_time": "2025-04-11T16:43:17.564081Z",
            "yes_price": 20,
            "no_price": 80,
            "taker_side": "no"
        },
        {
            "trade_id": "995b0137-7090-40e4-9743-76de2ad76270",
            "ticker": "KXHIGHMIA-25APR11-B81.5",
            "count": 32,
            "created_time": "2025-04-11T16:43:17.564081Z",
            "yes_price": 24,
            "no_price": 76,
            "taker_side": "no"
        },
        {
            "trade_id": "4eda29e2-f303-41fd-b590-c78d1434b4ac",
            "ticker": "KXHIGHMIA-25APR11-B81.5",
            "count": 50,
            "created_time": "2025-04-11T16:43:17.564081Z",
            "yes_price": 21,
            "no_price": 79,
            "taker_side": "no"
        },
        {
            "trade_id": "eebdd8b6-04e8-4756-afee-23ae75a06dbc",
            "ticker": "KXHIGHMIA-25APR11-B81.5",
            "count": 18,
            "created_time": "2025-04-11T16:42:17.193921Z",
            "yes_price": 24,
            "no_price": 76,
            "taker_side": "no"
        },
        {
            "trade_id": "7a841f73-c958-4391-a2f5-d52cbfed21ff",
            "ticker": "KXHIGHMIA-25APR11-B81.5",
            "count": 5,
            "created_time": "2025-04-11T16:42:17.193921Z",
            "yes_price": 25,
            "no_price": 75,
            "taker_side": "no"
        },
        {
            "trade_id": "33f7dec0-1303-4f8c-a93c-f0fb168d5e10",
            "ticker": "KXHIGHMIA-25APR11-B81.5",
            "count": 12,
            "created_time": "2025-04-11T16:38:28.548993Z",
            "yes_price": 23,
            "no_price": 77,
            "taker_side": "no"
        },
        {
            "trade_id": "85a8528b-119f-4d07-9ee8-c8b67427ec21",
            "ticker": "KXHIGHMIA-25APR11-B81.5",
            "count": 25,
            "created_time": "2025-04-11T16:37:20.129225Z",
            "yes_price": 23,
            "no_price": 77,
            "taker_side": "no"
        },
        {
            "trade_id": "b1a242ca-f898-4877-96e9-410b9e8da979",
            "ticker": "KXHIGHMIA-25APR11-B81.5",
            "count": 1,
            "created_time": "2025-04-11T16:32:18.280918Z",
            "yes_price": 23,
            "no_price": 77,
            "taker_side": "no"
        },
        {
            "trade_id": "a22f4580-d754-456f-808d-a2c2854ef2c8",
            "ticker": "KXHIGHMIA-25APR11-B81.5",
            "count": 1,
            "created_time": "2025-04-11T16:32:18.280918Z",
            "yes_price": 24,
            "no_price": 76,
            "taker_side": "no"
        },
        {
            "trade_id": "17989522-6919-4eee-8864-2b728a26f4a0",
            "ticker": "KXHIGHMIA-25APR11-B81.5",
            "count": 10,
            "created_time": "2025-04-11T16:32:18.280918Z",
            "yes_price": 24,
            "no_price": 76,
            "taker_side": "no"
        },
        {
            "trade_id": "b23c8265-e4a7-4cd2-b1a5-b5ebbf4c2d7c",
            "ticker": "KXHIGHMIA-25APR11-B81.5",
            "count": 4,
            "created_time": "2025-04-11T16:31:56.596487Z",
            "yes_price": 24,
            "no_price": 76,
            "taker_side": "no"
        },
        {
            "trade_id": "aa7ee225-5dbc-44e1-b9c3-fc63307b04f6",
            "ticker": "KXHIGHMIA-25APR11-B81.5",
            "count": 8,
            "created_time": "2025-04-11T16:31:56.596487Z",
            "yes_price": 24,
            "no_price": 76,
            "taker_side": "no"
        },
        {
            "trade_id": "f5e9379a-9fde-4fb5-bfa7-55e7b3522a4f",
            "ticker": "KXHIGHMIA-25APR11-B81.5",
            "count": 38,
            "created_time": "2025-04-11T16:27:45.549771Z",
            "yes_price": 31,
            "no_price": 69,
            "taker_side": "no"
        },
        {
            "trade_id": "e6b36e05-56c8-4f84-92ad-a60ff546de19",
            "ticker": "KXHIGHMIA-25APR11-B81.5",
            "count": 15,
            "created_time": "2025-04-11T16:27:45.549771Z",
            "yes_price": 32,
            "no_price": 68,
            "taker_side": "no"
        },
        {
            "trade_id": "69b56ea5-abf5-43ae-a495-ec5084788930",
            "ticker": "KXHIGHMIA-25APR11-B81.5",
            "count": 99,
            "created_time": "2025-04-11T16:27:45.549771Z",
            "yes_price": 31,
            "no_price": 69,
            "taker_side": "no"
        },
        {
            "trade_id": "49bc0354-80a9-442d-877c-420f518125cd",
            "ticker": "KXHIGHMIA-25APR11-B81.5",
            "count": 10,
            "created_time": "2025-04-11T16:27:45.549771Z",
            "yes_price": 30,
            "no_price": 70,
            "taker_side": "no"
        },
        {
            "trade_id": "45623cfc-fa9a-40b4-89ed-6460f29a4148",
            "ticker": "KXHIGHMIA-25APR11-B81.5",
            "count": 25,
            "created_time": "2025-04-11T16:27:45.549771Z",
            "yes_price": 32,
            "no_price": 68,
            "taker_side": "no"
        },
        {
            "trade_id": "0b2435e5-05eb-4eed-bbe5-b12c550ce176",
            "ticker": "KXHIGHMIA-25APR11-B81.5",
            "count": 13,
            "created_time": "2025-04-11T16:27:45.549771Z",
            "yes_price": 24,
            "no_price": 76,
            "taker_side": "no"
        },
        {
            "trade_id": "48cbfad5-f814-442f-8a4d-c98c0d69c1fb",
            "ticker": "KXHIGHMIA-25APR11-B81.5",
            "count": 5,
            "created_time": "2025-04-11T16:27:05.524602Z",
            "yes_price": 66,
            "no_price": 34,
            "taker_side": "yes"
        },
        {
            "trade_id": "f3764097-9f3d-448b-863e-c94ac618de7a",
            "ticker": "KXHIGHMIA-25APR11-B81.5",
            "count": 23,
            "created_time": "2025-04-11T16:24:44.912709Z",
            "yes_price": 62,
            "no_price": 38,
            "taker_side": "yes"
        },
        {
            "trade_id": "d47db772-67dd-47f8-b76c-ed0fdf74fa12",
            "ticker": "KXHIGHMIA-25APR11-B81.5",
            "count": 24,
            "created_time": "2025-04-11T16:23:58.809247Z",
            "yes_price": 59,
            "no_price": 41,
            "taker_side": "yes"
        },
        {
            "trade_id": "c0ee9ea4-d018-4988-be92-0ca625a631ce",
            "ticker": "KXHIGHMIA-25APR11-B81.5",
            "count": 25,
            "created_time": "2025-04-11T16:23:58.809247Z",
            "yes_price": 51,
            "no_price": 49,
            "taker_side": "yes"
        },
        {
            "trade_id": "a24369f0-3723-4bfb-a366-c3540b41cac9",
            "ticker": "KXHIGHMIA-25APR11-B81.5",
            "count": 5,
            "created_time": "2025-04-11T16:23:58.809247Z",
            "yes_price": 53,
            "no_price": 47,
            "taker_side": "yes"
        },
        {
            "trade_id": "8e140d9a-56a1-4137-8f1e-0b61da69ee93",
            "ticker": "KXHIGHMIA-25APR11-B81.5",
            "count": 38,
            "created_time": "2025-04-11T16:23:58.809247Z",
            "yes_price": 54,
            "no_price": 46,
            "taker_side": "yes"
        },
        {
            "trade_id": "7d0b8bf8-1a8e-4053-8cdf-f763afe1dc41",
            "ticker": "KXHIGHMIA-25APR11-B81.5",
            "count": 31,
            "created_time": "2025-04-11T16:23:58.809247Z",
            "yes_price": 60,
            "no_price": 40,
            "taker_side": "yes"
        },
        {
            "trade_id": "4aa93fe1-9f47-4a5d-8e0a-a490e6295c2b",
            "ticker": "KXHIGHMIA-25APR11-B81.5",
            "count": 50,
            "created_time": "2025-04-11T16:23:58.809247Z",
            "yes_price": 51,
            "no_price": 49,
            "taker_side": "yes"
        },
        {
            "trade_id": "edfd35e4-689f-40f4-bf69-2e34d44a958f",
            "ticker": "KXHIGHMIA-25APR11-B81.5",
            "count": 2,
            "created_time": "2025-04-11T16:23:01.343557Z",
            "yes_price": 50,
            "no_price": 50,
            "taker_side": "yes"
        },
        {
            "trade_id": "5c6fde97-96d1-4e4a-b66c-f1a1c73b0a1a",
            "ticker": "KXHIGHMIA-25APR11-B81.5",
            "count": 19,
            "created_time": "2025-04-11T16:21:50.785622Z",
            "yes_price": 52,
            "no_price": 48,
            "taker_side": "yes"
        },
        {
            "trade_id": "591ecd02-7072-4741-9449-2740699546f0",
            "ticker": "KXHIGHMIA-25APR11-B81.5",
            "count": 2,
            "created_time": "2025-04-11T16:21:50.785622Z",
            "yes_price": 55,
            "no_price": 45,
            "taker_side": "yes"
        },
        {
            "trade_id": "0fd93ed2-740f-4bf0-9ed7-c9da92d61ce0",
            "ticker": "KXHIGHMIA-25APR11-B81.5",
            "count": 15,
            "created_time": "2025-04-11T16:21:50.785622Z",
            "yes_price": 54,
            "no_price": 46,
            "taker_side": "yes"
        },
        {
            "trade_id": "3ff6a121-3fff-4681-b2f3-98b74952192d",
            "ticker": "KXHIGHMIA-25APR11-B81.5",
            "count": 3,
            "created_time": "2025-04-11T16:19:33.321917Z",
            "yes_price": 54,
            "no_price": 46,
            "taker_side": "yes"
        },
        {
            "trade_id": "223d25a3-75ce-460c-8b70-f136f4e8817f",
            "ticker": "KXHIGHMIA-25APR11-B81.5",
            "count": 16,
            "created_time": "2025-04-11T16:19:33.321917Z",
            "yes_price": 31,
            "no_price": 69,
            "taker_side": "yes"
        },
        {
            "trade_id": "dc9bd1a0-8000-4c26-b670-4731d1cfab6d",
            "ticker": "KXHIGHMIA-25APR11-B81.5",
            "count": 3,
            "created_time": "2025-04-11T16:18:21.20471Z",
            "yes_price": 31,
            "no_price": 69,
            "taker_side": "yes"
        },
        {
            "trade_id": "97480199-e9d4-4ba1-805d-1c8d3ab1f086",
            "ticker": "KXHIGHMIA-25APR11-B81.5",
            "count": 1,
            "created_time": "2025-04-11T16:18:21.20471Z",
            "yes_price": 30,
            "no_price": 70,
            "taker_side": "yes"
        },
        {
            "trade_id": "3b482ff9-0643-44bd-a8ae-1ad80277fcc2",
            "ticker": "KXHIGHMIA-25APR11-B81.5",
            "count": 21,
            "created_time": "2025-04-11T16:18:21.20471Z",
            "yes_price": 30,
            "no_price": 70,
            "taker_side": "yes"
        },
        {
            "trade_id": "35cce1ea-aa66-4d76-b46c-8e7c8354cc8d",
            "ticker": "KXHIGHMIA-25APR11-B81.5",
            "count": 10,
            "created_time": "2025-04-11T16:18:21.20471Z",
            "yes_price": 30,
            "no_price": 70,
            "taker_side": "yes"
        },
        {
            "trade_id": "6fe2b2df-ace1-46a0-919a-a99c9efc878b",
            "ticker": "KXHIGHMIA-25APR11-B81.5",
            "count": 45,
            "created_time": "2025-04-11T16:14:26.795106Z",
            "yes_price": 21,
            "no_price": 79,
            "taker_side": "no"
        },
        {
            "trade_id": "5813db61-d4b9-47c4-b3b6-a5d00d0ee01e",
            "ticker": "KXHIGHMIA-25APR11-B81.5",
            "count": 25,
            "created_time": "2025-04-11T16:14:26.795106Z",
            "yes_price": 22,
            "no_price": 78,
            "taker_side": "no"
        },
        {
            "trade_id": "0f96dfbd-8f79-4c63-a3f0-656de15775a0",
            "ticker": "KXHIGHMIA-25APR11-B81.5",
            "count": 50,
            "created_time": "2025-04-11T16:14:26.795106Z",
            "yes_price": 20,
            "no_price": 80,
            "taker_side": "no"
        },
        {
            "trade_id": "5396080d-0fda-47d2-bb45-dfd6eeb4fac6",
            "ticker": "KXHIGHMIA-25APR11-B81.5",
            "count": 5,
            "created_time": "2025-04-11T16:08:48.796132Z",
            "yes_price": 20,
            "no_price": 80,
            "taker_side": "no"
        },
        {
            "trade_id": "30057e44-6e2b-4459-8804-2f8be90f9cd9",
            "ticker": "KXHIGHMIA-25APR11-B81.5",
            "count": 5,
            "created_time": "2025-04-11T16:05:29.741639Z",
            "yes_price": 20,
            "no_price": 80,
            "taker_side": "no"
        },
        {
            "trade_id": "92b66ddb-7a39-4393-9f13-98d31d2e74c6",
            "ticker": "KXHIGHMIA-25APR11-B81.5",
            "count": 1,
            "created_time": "2025-04-11T16:04:14.395255Z",
            "yes_price": 21,
            "no_price": 79,
            "taker_side": "no"
        },
        {
            "trade_id": "d35fea7c-4c99-497c-9f22-1c6fbd6e80f3",
            "ticker": "KXHIGHMIA-25APR11-B81.5",
            "count": 5,
            "created_time": "2025-04-11T16:00:03.216795Z",
            "yes_price": 28,
            "no_price": 72,
            "taker_side": "no"
        },
        {
            "trade_id": "d1ff7f7b-abff-4553-9deb-4f1b333dcd22",
            "ticker": "KXHIGHMIA-25APR11-B81.5",
            "count": 2,
            "created_time": "2025-04-11T16:00:03.216795Z",
            "yes_price": 37,
            "no_price": 63,
            "taker_side": "no"
        },
        {
            "trade_id": "ce00a9a9-970f-411e-a586-f511b120f537",
            "ticker": "KXHIGHMIA-25APR11-B81.5",
            "count": 5,
            "created_time": "2025-04-11T16:00:03.216795Z",
            "yes_price": 37,
            "no_price": 63,
            "taker_side": "no"
        },
        {
            "trade_id": "c4907fbf-8fd6-4881-b805-b69287234411",
            "ticker": "KXHIGHMIA-25APR11-B81.5",
            "count": 40,
            "created_time": "2025-04-11T16:00:03.216795Z",
            "yes_price": 32,
            "no_price": 68,
            "taker_side": "no"
        },
        {
            "trade_id": "b84ea0db-8425-4aa1-b69b-daed1b778167",
            "ticker": "KXHIGHMIA-25APR11-B81.5",
            "count": 19,
            "created_time": "2025-04-11T16:00:03.216795Z",
            "yes_price": 37,
            "no_price": 63,
            "taker_side": "no"
        },
        {
            "trade_id": "95ba8074-ccdc-4bf5-91b9-db56df15ac28",
            "ticker": "KXHIGHMIA-25APR11-B81.5",
            "count": 13,
            "created_time": "2025-04-11T16:00:03.216795Z",
            "yes_price": 29,
            "no_price": 71,
            "taker_side": "no"
        },
        {
            "trade_id": "7116d58f-0c01-473d-86a7-c4c092445d7c",
            "ticker": "KXHIGHMIA-25APR11-B81.5",
            "count": 1,
            "created_time": "2025-04-11T16:00:03.216795Z",
            "yes_price": 37,
            "no_price": 63,
            "taker_side": "no"
        },
        {
            "trade_id": "6d672032-1b3a-4912-9e1b-81770161b07c",
            "ticker": "KXHIGHMIA-25APR11-B81.5",
            "count": 14,
            "created_time": "2025-04-11T16:00:03.216795Z",
            "yes_price": 37,
            "no_price": 63,
            "taker_side": "no"
        },
        {
            "trade_id": "6d19434c-8e10-425c-a583-5caadd5c2675",
            "ticker": "KXHIGHMIA-25APR11-B81.5",
            "count": 41,
            "created_time": "2025-04-11T16:00:03.216795Z",
            "yes_price": 36,
            "no_price": 64,
            "taker_side": "no"
        },
        {
            "trade_id": "2d0d5cc6-c52a-4598-aa6b-b3669949bbc5",
            "ticker": "KXHIGHMIA-25APR11-B81.5",
            "count": 8,
            "created_time": "2025-04-11T16:00:03.216795Z",
            "yes_price": 33,
            "no_price": 67,
            "taker_side": "no"
        },
        {
            "trade_id": "a351c4d4-ad56-454b-b18f-c56dbb93abe7",
            "ticker": "KXHIGHMIA-25APR11-B81.5",
            "count": 8,
            "created_time": "2025-04-11T15:52:57.850649Z",
            "yes_price": 46,
            "no_price": 54,
            "taker_side": "yes"
        },
        {
            "trade_id": "f28b0e8e-ffdc-4897-8358-4d92938cf789",
            "ticker": "KXHIGHMIA-25APR11-B81.5",
            "count": 20,
            "created_time": "2025-04-11T15:49:59.345911Z",
            "yes_price": 46,
            "no_price": 54,
            "taker_side": "yes"
        },
        {
            "trade_id": "9c356d2e-5c4a-4f07-8120-ce0d54153c48",
            "ticker": "KXHIGHMIA-25APR11-B81.5",
            "count": 10,
            "created_time": "2025-04-11T15:49:28.545902Z",
            "yes_price": 45,
            "no_price": 55,
            "taker_side": "yes"
        },
        {
            "trade_id": "fc1622bd-bc56-4f31-bb49-c6f9e3a8ba2b",
            "ticker": "KXHIGHMIA-25APR11-B81.5",
            "count": 4,
            "created_time": "2025-04-11T15:46:51.877442Z",
            "yes_price": 45,
            "no_price": 55,
            "taker_side": "no"
        },
        {
            "trade_id": "e9b2d392-f118-443e-aece-8d2d85f6e5db",
            "ticker": "KXHIGHMIA-25APR11-B81.5",
            "count": 5,
            "created_time": "2025-04-11T15:46:51.82957Z",
            "yes_price": 45,
            "no_price": 55,
            "taker_side": "yes"
        },
        {
            "trade_id": "debd0c4d-afcf-4dad-be6a-c10ec381c5f4",
            "ticker": "KXHIGHMIA-25APR11-B81.5",
            "count": 9,
            "created_time": "2025-04-11T15:46:05.879438Z",
            "yes_price": 39,
            "no_price": 61,
            "taker_side": "yes"
        },
        {
            "trade_id": "97216c03-f481-4470-baa3-3e343c33557b",
            "ticker": "KXHIGHMIA-25APR11-B81.5",
            "count": 13,
            "created_time": "2025-04-11T15:41:21.406916Z",
            "yes_price": 49,
            "no_price": 51,
            "taker_side": "yes"
        },
        {
            "trade_id": "687de00b-b0ee-447f-a9cf-3b70638ab54f",
            "ticker": "KXHIGHMIA-25APR11-B81.5",
            "count": 15,
            "created_time": "2025-04-11T15:41:21.406916Z",
            "yes_price": 42,
            "no_price": 58,
            "taker_side": "yes"
        },
        {
            "trade_id": "5c2dcfdb-b5e1-4744-a6da-1507af4c79fa",
            "ticker": "KXHIGHMIA-25APR11-B81.5",
            "count": 200,
            "created_time": "2025-04-11T15:41:21.406916Z",
            "yes_price": 49,
            "no_price": 51,
            "taker_side": "yes"
        },
        {
            "trade_id": "564bdffd-5a0b-431c-b34b-02f6cd219eb5",
            "ticker": "KXHIGHMIA-25APR11-B81.5",
            "count": 50,
            "created_time": "2025-04-11T15:41:21.406916Z",
            "yes_price": 41,
            "no_price": 59,
            "taker_side": "yes"
        },
        {
            "trade_id": "516d8ae5-39a0-408a-8847-54e7e4b47463",
            "ticker": "KXHIGHMIA-25APR11-B81.5",
            "count": 90,
            "created_time": "2025-04-11T15:39:32.148394Z",
            "yes_price": 50,
            "no_price": 50,
            "taker_side": "no"
        },
        {
            "trade_id": "e0253c75-33f7-4ca8-a21f-4753eeea35b5",
            "ticker": "KXHIGHMIA-25APR11-B81.5",
            "count": 27,
            "created_time": "2025-04-11T15:39:31.881024Z",
            "yes_price": 50,
            "no_price": 50,
            "taker_side": "no"
        },
        {
            "trade_id": "2b16473f-60b8-4831-bdd3-a6e8ed7cdae7",
            "ticker": "KXHIGHMIA-25APR11-B81.5",
            "count": 100,
            "created_time": "2025-04-11T15:39:31.874963Z",
            "yes_price": 50,
            "no_price": 50,
            "taker_side": "no"
        },
        {
            "trade_id": "9f838971-d207-4ec9-95f8-c69d10d77a8e",
            "ticker": "KXHIGHMIA-25APR11-B81.5",
            "count": 24,
            "created_time": "2025-04-11T15:39:31.830386Z",
            "yes_price": 47,
            "no_price": 53,
            "taker_side": "yes"
        },
        {
            "trade_id": "5cbf5941-f685-4a1c-b4da-b058eec52efb",
            "ticker": "KXHIGHMIA-25APR11-B81.5",
            "count": 50,
            "created_time": "2025-04-11T15:39:31.830386Z",
            "yes_price": 35,
            "no_price": 65,
            "taker_side": "yes"
        },
        {
            "trade_id": "5352ca85-be93-4ef1-8bcd-d8d98622f623",
            "ticker": "KXHIGHMIA-25APR11-B81.5",
            "count": 19,
            "created_time": "2025-04-11T15:39:31.830386Z",
            "yes_price": 46,
            "no_price": 54,
            "taker_side": "yes"
        },
        {
            "trade_id": "3b230cca-e310-4a44-b24f-c72c08e8179a",
            "ticker": "KXHIGHMIA-25APR11-B81.5",
            "count": 35,
            "created_time": "2025-04-11T15:39:31.830386Z",
            "yes_price": 50,
            "no_price": 50,
            "taker_side": "yes"
        },
        {
            "trade_id": "386073e0-cccf-4ccd-a6a2-1ac6316cb7bb",
            "ticker": "KXHIGHMIA-25APR11-B81.5",
            "count": 18,
            "created_time": "2025-04-11T15:39:31.830386Z",
            "yes_price": 41,
            "no_price": 59,
            "taker_side": "yes"
        },
        {
            "trade_id": "1cff79aa-1765-464d-bf8e-32618ce10d75",
            "ticker": "KXHIGHMIA-25APR11-B81.5",
            "count": 20,
            "created_time": "2025-04-11T15:39:31.830386Z",
            "yes_price": 36,
            "no_price": 64,
            "taker_side": "yes"
        },
        {
            "trade_id": "f08924fd-1f41-4e8c-85dd-0ab66139eec6",
            "ticker": "KXHIGHMIA-25APR11-B81.5",
            "count": 26,
            "created_time": "2025-04-11T15:30:30.892616Z",
            "yes_price": 36,
            "no_price": 64,
            "taker_side": "yes"
        },
        {
            "trade_id": "5915ad63-cc21-4b98-a524-6f0ffffc1860",
            "ticker": "KXHIGHMIA-25APR11-B81.5",
            "count": 12,
            "created_time": "2025-04-11T15:28:04.04464Z",
            "yes_price": 36,
            "no_price": 64,
            "taker_side": "yes"
        },
        {
            "trade_id": "6f48c182-7499-4e36-adaf-cf6900f4c240",
            "ticker": "KXHIGHMIA-25APR11-B81.5",
            "count": 1,
            "created_time": "2025-04-11T15:27:34.306984Z",
            "yes_price": 40,
            "no_price": 60,
            "taker_side": "yes"
        },
        {
            "trade_id": "3e85a34f-0a11-4954-a866-6361c001b643",
            "ticker": "KXHIGHMIA-25APR11-B81.5",
            "count": 10,
            "created_time": "2025-04-11T15:27:34.306984Z",
            "yes_price": 40,
            "no_price": 60,
            "taker_side": "yes"
        },
        {
            "trade_id": "86a73eb4-9076-4c1c-9b09-58eeb062b014",
            "ticker": "KXHIGHMIA-25APR11-B81.5",
            "count": 48,
            "created_time": "2025-04-11T15:25:13.270371Z",
            "yes_price": 20,
            "no_price": 80,
            "taker_side": "yes"
        },
        {
            "trade_id": "26c7c53d-0060-4481-990f-8e582fc7ab05",
            "ticker": "KXHIGHMIA-25APR11-B81.5",
            "count": 2,
            "created_time": "2025-04-11T15:22:24.457171Z",
            "yes_price": 20,
            "no_price": 80,
            "taker_side": "yes"
        },
        {
            "trade_id": "6f12b58f-3291-4e85-b32d-e75293acfefb",
            "ticker": "KXHIGHMIA-25APR11-B81.5",
            "count": 7,
            "created_time": "2025-04-11T15:03:11.070553Z",
            "yes_price": 17,
            "no_price": 83,
            "taker_side": "no"
        },
        {
            "trade_id": "a4b43ba2-8852-4475-a0b5-76bdd30d37ee",
            "ticker": "KXHIGHMIA-25APR11-B81.5",
            "count": 1,
            "created_time": "2025-04-11T14:58:09.85657Z",
            "yes_price": 19,
            "no_price": 81,
            "taker_side": "yes"
        },
        {
            "trade_id": "84de75f5-83de-4a7e-ae67-52d2fb8810a5",
            "ticker": "KXHIGHMIA-25APR11-B81.5",
            "count": 3,
            "created_time": "2025-04-11T14:58:09.85657Z",
            "yes_price": 19,
            "no_price": 81,
            "taker_side": "yes"
        },
        {
            "trade_id": "6f577fb1-4ff5-46b7-ae7a-e25c18908cda",
            "ticker": "KXHIGHMIA-25APR11-B81.5",
            "count": 29,
            "created_time": "2025-04-11T14:54:20.96238Z",
            "yes_price": 17,
            "no_price": 83,
            "taker_side": "no"
        },
        {
            "trade_id": "e21f7a85-57ae-4fd5-a662-fdfd847b90bb",
            "ticker": "KXHIGHMIA-25APR11-B81.5",
            "count": 3,
            "created_time": "2025-04-11T14:53:15.378555Z",
            "yes_price": 18,
            "no_price": 82,
            "taker_side": "no"
        },
        {
            "trade_id": "955e47b0-87ee-4a59-a154-1b889f567379",
            "ticker": "KXHIGHMIA-25APR11-B81.5",
            "count": 5,
            "created_time": "2025-04-11T14:31:25.755032Z",
            "yes_price": 18,
            "no_price": 82,
            "taker_side": "yes"
        },
        {
            "trade_id": "ed87a9fd-a103-4000-a6f2-05daefa2273a",
            "ticker": "KXHIGHMIA-25APR11-B81.5",
            "count": 2,
            "created_time": "2025-04-11T14:24:04.419842Z",
            "yes_price": 18,
            "no_price": 82,
            "taker_side": "yes"
        },
        {
            "trade_id": "a4712550-5944-4141-8feb-1581ae663834",
            "ticker": "KXHIGHMIA-25APR11-B81.5",
            "count": 3,
            "created_time": "2025-04-11T14:24:04.419842Z",
            "yes_price": 18,
            "no_price": 82,
            "taker_side": "yes"
        },
        {
            "trade_id": "eb26f97f-a876-4047-9dd6-a3fdc702e628",
            "ticker": "KXHIGHMIA-25APR11-B81.5",
            "count": 3,
            "created_time": "2025-04-11T14:17:46.233847Z",
            "yes_price": 18,
            "no_price": 82,
            "taker_side": "no"
        },
        {
            "trade_id": "6a428092-9e71-45cb-a140-2ba7bf12705f",
            "ticker": "KXHIGHMIA-25APR11-B81.5",
            "count": 20,
            "created_time": "2025-04-11T14:17:46.233847Z",
            "yes_price": 16,
            "no_price": 84,
            "taker_side": "no"
        },
        {
            "trade_id": "68fd5063-1fed-4d0a-b08b-4b017e8a0712",
            "ticker": "KXHIGHMIA-25APR11-B81.5",
            "count": 61,
            "created_time": "2025-04-11T14:17:46.233847Z",
            "yes_price": 18,
            "no_price": 82,
            "taker_side": "no"
        },
        {
            "trade_id": "2c6d395f-9dde-48b9-8901-9cebf0108eb8",
            "ticker": "KXHIGHMIA-25APR11-B81.5",
            "count": 1,
            "created_time": "2025-04-11T14:17:46.233847Z",
            "yes_price": 17,
            "no_price": 83,
            "taker_side": "no"
        },
        {
            "trade_id": "1cbf9f90-1c0b-43ed-9b9c-d48f87956275",
            "ticker": "KXHIGHMIA-25APR11-B81.5",
            "count": 33,
            "created_time": "2025-04-11T14:17:46.233847Z",
            "yes_price": 14,
            "no_price": 86,
            "taker_side": "no"
        },
        {
            "trade_id": "9c21fa73-02de-4974-bca8-b0d2a2554de7",
            "ticker": "KXHIGHMIA-25APR11-B81.5",
            "count": 13,
            "created_time": "2025-04-11T14:17:18.834898Z",
            "yes_price": 18,
            "no_price": 82,
            "taker_side": "no"
        },
        {
            "trade_id": "79e64203-7e9a-439b-8966-15bb699fec80",
            "ticker": "KXHIGHMIA-25APR11-B81.5",
            "count": 25,
            "created_time": "2025-04-11T14:14:28.339411Z",
            "yes_price": 18,
            "no_price": 82,
            "taker_side": "yes"
        },
        {
            "trade_id": "17f6495e-8b77-4fc8-8d6d-7ab443f112e2",
            "ticker": "KXHIGHMIA-25APR11-B81.5",
            "count": 1,
            "created_time": "2025-04-11T14:14:28.339411Z",
            "yes_price": 18,
            "no_price": 82,
            "taker_side": "yes"
        },
        {
            "trade_id": "6a811ae1-7604-4d91-92b7-cf4392fb9ec4",
            "ticker": "KXHIGHMIA-25APR11-B81.5",
            "count": 1,
            "created_time": "2025-04-11T14:14:01.799425Z",
            "yes_price": 18,
            "no_price": 82,
            "taker_side": "yes"
        },
        {
            "trade_id": "61a58f70-72db-40d2-bbeb-755e0e7588b3",
            "ticker": "KXHIGHMIA-25APR11-B81.5",
            "count": 1,
            "created_time": "2025-04-11T14:13:11.890261Z",
            "yes_price": 16,
            "no_price": 84,
            "taker_side": "no"
        },
        {
            "trade_id": "b26ab4d8-530f-4da0-8fc9-9e84d82a4848",
            "ticker": "KXHIGHMIA-25APR11-B81.5",
            "count": 31,
            "created_time": "2025-04-11T14:11:30.7815Z",
            "yes_price": 17,
            "no_price": 83,
            "taker_side": "yes"
        },
        {
            "trade_id": "963757bb-f3bc-42df-9783-5d0d03725c87",
            "ticker": "KXHIGHMIA-25APR11-B81.5",
            "count": 40,
            "created_time": "2025-04-11T14:11:30.7815Z",
            "yes_price": 18,
            "no_price": 82,
            "taker_side": "yes"
        },
        {
            "trade_id": "7d46c993-7878-40bc-8e6e-988069777069",
            "ticker": "KXHIGHMIA-25APR11-B81.5",
            "count": 4,
            "created_time": "2025-04-11T14:11:30.7815Z",
            "yes_price": 17,
            "no_price": 83,
            "taker_side": "yes"
        },
        {
            "trade_id": "632c658e-a043-46fd-ab97-ecbf28cbc023",
            "ticker": "KXHIGHMIA-25APR11-B81.5",
            "count": 2,
            "created_time": "2025-04-11T14:11:30.7815Z",
            "yes_price": 17,
            "no_price": 83,
            "taker_side": "yes"
        },
        {
            "trade_id": "62c4324e-bd27-4c79-b1ed-2357c90fca04",
            "ticker": "KXHIGHMIA-25APR11-B81.5",
            "count": 4,
            "created_time": "2025-04-11T14:11:30.7815Z",
            "yes_price": 17,
            "no_price": 83,
            "taker_side": "yes"
        },
        {
            "trade_id": "2b8fc666-fc2e-47cf-9783-cf7cc2579a00",
            "ticker": "KXHIGHMIA-25APR11-B81.5",
            "count": 10,
            "created_time": "2025-04-11T14:06:31.888326Z",
            "yes_price": 15,
            "no_price": 85,
            "taker_side": "no"
        },
        {
            "trade_id": "2ebec3c3-2178-4dfa-bcd8-0ba57e441a68",
            "ticker": "KXHIGHMIA-25APR11-B81.5",
            "count": 7,
            "created_time": "2025-04-11T13:57:05.070443Z",
            "yes_price": 16,
            "no_price": 84,
            "taker_side": "no"
        },
        {
            "trade_id": "0b0bd1a2-10ce-48e2-aa6d-229446389675",
            "ticker": "KXHIGHMIA-25APR11-B81.5",
            "count": 4,
            "created_time": "2025-04-11T13:57:05.070443Z",
            "yes_price": 18,
            "no_price": 82,
            "taker_side": "no"
        },
        {
            "trade_id": "b3f78aaa-efee-4b39-afd1-482693f89aff",
            "ticker": "KXHIGHMIA-25APR11-B81.5",
            "count": 50,
            "created_time": "2025-04-11T13:55:33.743232Z",
            "yes_price": 19,
            "no_price": 81,
            "taker_side": "yes"
        },
        {
            "trade_id": "f38d1f84-5609-414e-ac95-bac51e9a005e",
            "ticker": "KXHIGHMIA-25APR11-B81.5",
            "count": 10,
            "created_time": "2025-04-11T13:55:00.020128Z",
            "yes_price": 19,
            "no_price": 81,
            "taker_side": "yes"
        },
        {
            "trade_id": "d974ebe5-adc3-40b5-b29e-d8db1ea6ddb7",
            "ticker": "KXHIGHMIA-25APR11-B81.5",
            "count": 2,
            "created_time": "2025-04-11T13:54:57.56235Z",
            "yes_price": 18,
            "no_price": 82,
            "taker_side": "yes"
        },
        {
            "trade_id": "ac52c571-c18f-4590-b131-fe542b8747ff",
            "ticker": "KXHIGHMIA-25APR11-B81.5",
            "count": 14,
            "created_time": "2025-04-11T13:54:57.56235Z",
            "yes_price": 18,
            "no_price": 82,
            "taker_side": "yes"
        },
        {
            "trade_id": "15251a3d-8110-43ad-b424-c18ecd08fbb4",
            "ticker": "KXHIGHMIA-25APR11-B81.5",
            "count": 4,
            "created_time": "2025-04-11T13:53:13.946779Z",
            "yes_price": 17,
            "no_price": 83,
            "taker_side": "yes"
        },
        {
            "trade_id": "e2f11f0b-a098-402b-b065-e45225830d87",
            "ticker": "KXHIGHMIA-25APR11-B81.5",
            "count": 16,
            "created_time": "2025-04-11T13:45:32.411429Z",
            "yes_price": 37,
            "no_price": 63,
            "taker_side": "yes"
        },
        {
            "trade_id": "e26620db-1f30-437c-9b27-ba209b672c60",
            "ticker": "KXHIGHMIA-25APR11-B81.5",
            "count": 19,
            "created_time": "2025-04-11T13:45:32.411429Z",
            "yes_price": 17,
            "no_price": 83,
            "taker_side": "yes"
        },
        {
            "trade_id": "de0d1a53-3107-41ef-bef1-5975b6a117bd",
            "ticker": "KXHIGHMIA-25APR11-B81.5",
            "count": 32,
            "created_time": "2025-04-11T13:45:32.411429Z",
            "yes_price": 45,
            "no_price": 55,
            "taker_side": "yes"
        },
        {
            "trade_id": "daa1a884-4f58-4bc1-824f-1e7abba57abb",
            "ticker": "KXHIGHMIA-25APR11-B81.5",
            "count": 8,
            "created_time": "2025-04-11T13:45:32.411429Z",
            "yes_price": 15,
            "no_price": 85,
            "taker_side": "yes"
        },
        {
            "trade_id": "c8a239b6-5a7b-4361-b2b2-39ac7d37b775",
            "ticker": "KXHIGHMIA-25APR11-B81.5",
            "count": 240,
            "created_time": "2025-04-11T13:45:32.411429Z",
            "yes_price": 19,
            "no_price": 81,
            "taker_side": "yes"
        },
        {
            "trade_id": "b2b79cf3-38d3-44af-8e81-e690d9ce2610",
            "ticker": "KXHIGHMIA-25APR11-B81.5",
            "count": 35,
            "created_time": "2025-04-11T13:45:32.411429Z",
            "yes_price": 84,
            "no_price": 16,
            "taker_side": "yes"
        },
        {
            "trade_id": "a0f7d9d7-0297-49d2-acfd-955dd8788e6f",
            "ticker": "KXHIGHMIA-25APR11-B81.5",
            "count": 87,
            "created_time": "2025-04-11T13:45:32.411429Z",
            "yes_price": 15,
            "no_price": 85,
            "taker_side": "yes"
        },
        {
            "trade_id": "960cef8c-f23a-4117-8d92-1eaf850c965f",
            "ticker": "KXHIGHMIA-25APR11-B81.5",
            "count": 240,
            "created_time": "2025-04-11T13:45:32.411429Z",
            "yes_price": 17,
            "no_price": 83,
            "taker_side": "yes"
        },
        {
            "trade_id": "8d945768-d1ee-4cb7-b873-cc7d780b8f17",
            "ticker": "KXHIGHMIA-25APR11-B81.5",
            "count": 25,
            "created_time": "2025-04-11T13:45:32.411429Z",
            "yes_price": 75,
            "no_price": 25,
            "taker_side": "yes"
        },
        {
            "trade_id": "ed2bdd49-202e-4f04-8f41-ee365979da35",
            "ticker": "KXHIGHMIA-25APR11-B81.5",
            "count": 13,
            "created_time": "2025-04-11T13:39:24.61267Z",
            "yes_price": 10,
            "no_price": 90,
            "taker_side": "yes"
        },
        {
            "trade_id": "0de2d1d7-cf38-470c-a364-6a1b04b5a02e",
            "ticker": "KXHIGHMIA-25APR11-B81.5",
            "count": 71,
            "created_time": "2025-04-11T13:39:24.61267Z",
            "yes_price": 10,
            "no_price": 90,
            "taker_side": "yes"
        },
        {
            "trade_id": "2da69c35-5856-4e26-9a00-81f6d0b6bda0",
            "ticker": "KXHIGHMIA-25APR11-B81.5",
            "count": 13,
            "created_time": "2025-04-11T13:39:24.552563Z",
            "yes_price": 10,
            "no_price": 90,
            "taker_side": "yes"
        },
        {
            "trade_id": "f2762f3c-c88a-485b-b329-e45c8bbe57b4",
            "ticker": "KXHIGHMIA-25APR11-B81.5",
            "count": 118,
            "created_time": "2025-04-11T13:39:13.618321Z",
            "yes_price": 10,
            "no_price": 90,
            "taker_side": "no"
        },
        {
            "trade_id": "1b3324c1-d796-4322-8da2-3c840f889d19",
            "ticker": "KXHIGHMIA-25APR11-B81.5",
            "count": 200,
            "created_time": "2025-04-11T13:39:13.618321Z",
            "yes_price": 10,
            "no_price": 90,
            "taker_side": "no"
        },
        {
            "trade_id": "878d5387-de18-4857-98ad-659e1bad29d0",
            "ticker": "KXHIGHMIA-25APR11-B81.5",
            "count": 119,
            "created_time": "2025-04-11T13:39:07.537769Z",
            "yes_price": 11,
            "no_price": 89,
            "taker_side": "no"
        },
        {
            "trade_id": "fe9c35fb-d434-42a4-a494-7f3ecebce4ce",
            "ticker": "KXHIGHMIA-25APR11-B81.5",
            "count": 63,
            "created_time": "2025-04-11T13:38:41.904251Z",
            "yes_price": 12,
            "no_price": 88,
            "taker_side": "no"
        },
        {
            "trade_id": "e9975559-b5ee-42d1-bb59-dadf30c95e4e",
            "ticker": "KXHIGHMIA-25APR11-B81.5",
            "count": 10,
            "created_time": "2025-04-11T13:38:41.904251Z",
            "yes_price": 14,
            "no_price": 86,
            "taker_side": "no"
        },
        {
            "trade_id": "b36c8a95-dcf1-41cf-bacd-7ac2ce4357d9",
            "ticker": "KXHIGHMIA-25APR11-B81.5",
            "count": 3,
            "created_time": "2025-04-11T13:38:41.904251Z",
            "yes_price": 13,
            "no_price": 87,
            "taker_side": "no"
        },
        {
            "trade_id": "46df3b74-91ae-404f-933c-9e09c1fa8668",
            "ticker": "KXHIGHMIA-25APR11-B81.5",
            "count": 3,
            "created_time": "2025-04-11T13:38:41.904251Z",
            "yes_price": 12,
            "no_price": 88,
            "taker_side": "no"
        },
        {
            "trade_id": "f7eee633-920a-4ed7-b0e3-bea879eb2c86",
            "ticker": "KXHIGHMIA-25APR11-B81.5",
            "count": 1,
            "created_time": "2025-04-11T13:37:17.351123Z",
            "yes_price": 12,
            "no_price": 88,
            "taker_side": "no"
        },
        {
            "trade_id": "cc534ef9-a297-432c-8c0b-a5af8affb8e8",
            "ticker": "KXHIGHMIA-25APR11-B81.5",
            "count": 2,
            "created_time": "2025-04-11T13:37:17.351123Z",
            "yes_price": 15,
            "no_price": 85,
            "taker_side": "no"
        },
        {
            "trade_id": "b974dbe1-3030-4a93-b1a0-ccca3b26706b",
            "ticker": "KXHIGHMIA-25APR11-B81.5",
            "count": 3,
            "created_time": "2025-04-11T13:37:17.351123Z",
            "yes_price": 14,
            "no_price": 86,
            "taker_side": "no"
        },
        {
            "trade_id": "350b5801-9077-49b0-abd0-dde3bb898d37",
            "ticker": "KXHIGHMIA-25APR11-B81.5",
            "count": 11,
            "created_time": "2025-04-11T13:37:17.351123Z",
            "yes_price": 14,
            "no_price": 86,
            "taker_side": "no"
        },
        {
            "trade_id": "f286a803-ef32-46ee-8b58-84b95a6c30ca",
            "ticker": "KXHIGHMIA-25APR11-B81.5",
            "count": 7,
            "created_time": "2025-04-11T13:27:07.681738Z",
            "yes_price": 16,
            "no_price": 84,
            "taker_side": "no"
        },
        {
            "trade_id": "858a38d7-383d-47cf-9c8c-34b037f8c95d",
            "ticker": "KXHIGHMIA-25APR11-B81.5",
            "count": 5,
            "created_time": "2025-04-11T13:27:07.681738Z",
            "yes_price": 16,
            "no_price": 84,
            "taker_side": "no"
        },
        {
            "trade_id": "81c983f9-bc53-4119-bf69-9fb669adbeee",
            "ticker": "KXHIGHMIA-25APR11-B81.5",
            "count": 3,
            "created_time": "2025-04-11T13:27:07.681738Z",
            "yes_price": 16,
            "no_price": 84,
            "taker_side": "no"
        },
        {
            "trade_id": "7eb9e7bf-8b3c-4279-823c-cc07a085e18d",
            "ticker": "KXHIGHMIA-25APR11-B81.5",
            "count": 1,
            "created_time": "2025-04-11T13:12:52.26454Z",
            "yes_price": 16,
            "no_price": 84,
            "taker_side": "no"
        },
        {
            "trade_id": "b93f2fe7-edf8-462e-a0ce-366045abaff9",
            "ticker": "KXHIGHMIA-25APR11-B81.5",
            "count": 1,
            "created_time": "2025-04-11T13:12:02.262225Z",
            "yes_price": 17,
            "no_price": 83,
            "taker_side": "yes"
        },
        {
            "trade_id": "f8bf431e-601b-4a84-952d-1723b8c4a5ca",
            "ticker": "KXHIGHMIA-25APR11-B81.5",
            "count": 1,
            "created_time": "2025-04-11T13:07:16.933482Z",
            "yes_price": 14,
            "no_price": 86,
            "taker_side": "no"
        },
        {
            "trade_id": "e6331d5e-e5c8-4139-aa0c-5a11922cdf22",
            "ticker": "KXHIGHMIA-25APR11-B81.5",
            "count": 8,
            "created_time": "2025-04-11T12:54:25.587207Z",
            "yes_price": 15,
            "no_price": 85,
            "taker_side": "yes"
        },
        {
            "trade_id": "e4d236e7-7e72-4ef1-be62-d839735bab35",
            "ticker": "KXHIGHMIA-25APR11-B81.5",
            "count": 4,
            "created_time": "2025-04-11T12:54:25.587207Z",
            "yes_price": 16,
            "no_price": 84,
            "taker_side": "yes"
        },
        {
            "trade_id": "bf3b6d0f-dbb4-4467-aec5-07c6750a7593",
            "ticker": "KXHIGHMIA-25APR11-B81.5",
            "count": 21,
            "created_time": "2025-04-11T12:54:25.587207Z",
            "yes_price": 16,
            "no_price": 84,
            "taker_side": "yes"
        },
        {
            "trade_id": "93aa2c12-2bad-4c39-ba8f-4349b66e1bbb",
            "ticker": "KXHIGHMIA-25APR11-B81.5",
            "count": 61,
            "created_time": "2025-04-11T12:54:25.587207Z",
            "yes_price": 16,
            "no_price": 84,
            "taker_side": "yes"
        },
        {
            "trade_id": "5c51d41e-5483-4538-8736-82a69ceb41cd",
            "ticker": "KXHIGHMIA-25APR11-B81.5",
            "count": 9,
            "created_time": "2025-04-11T12:54:25.587207Z",
            "yes_price": 16,
            "no_price": 84,
            "taker_side": "yes"
        },
        {
            "trade_id": "25fe09c7-2a45-482a-b0c2-b93462188c86",
            "ticker": "KXHIGHMIA-25APR11-B81.5",
            "count": 167,
            "created_time": "2025-04-11T12:54:25.587207Z",
            "yes_price": 18,
            "no_price": 82,
            "taker_side": "yes"
        },
        {
            "trade_id": "0d69f5c8-b4ca-46cc-a644-52605bcda146",
            "ticker": "KXHIGHMIA-25APR11-B81.5",
            "count": 5,
            "created_time": "2025-04-11T12:54:25.587207Z",
            "yes_price": 15,
            "no_price": 85,
            "taker_side": "yes"
        },
        {
            "trade_id": "95d68184-0b10-42f6-8299-737274590d22",
            "ticker": "KXHIGHMIA-25APR11-B81.5",
            "count": 7,
            "created_time": "2025-04-11T12:32:44.233102Z",
            "yes_price": 15,
            "no_price": 85,
            "taker_side": "no"
        },
        {
            "trade_id": "8ac00c83-506c-4c4c-b44b-78e700c9237b",
            "ticker": "KXHIGHMIA-25APR11-B81.5",
            "count": 48,
            "created_time": "2025-04-11T12:32:44.233102Z",
            "yes_price": 13,
            "no_price": 87,
            "taker_side": "no"
        },
        {
            "trade_id": "7ebf42be-01f9-4fc3-a47b-d4048ad88cbb",
            "ticker": "KXHIGHMIA-25APR11-B81.5",
            "count": 18,
            "created_time": "2025-04-11T12:32:44.233102Z",
            "yes_price": 12,
            "no_price": 88,
            "taker_side": "no"
        },
        {
            "trade_id": "5a401dd9-763e-438a-ae08-f55ed19847b4",
            "ticker": "KXHIGHMIA-25APR11-B81.5",
            "count": 38,
            "created_time": "2025-04-11T12:32:44.233102Z",
            "yes_price": 11,
            "no_price": 89,
            "taker_side": "no"
        },
        {
            "trade_id": "02e71e5f-0249-4d96-bf30-444b3b985b94",
            "ticker": "KXHIGHMIA-25APR11-B81.5",
            "count": 9,
            "created_time": "2025-04-11T12:32:44.233102Z",
            "yes_price": 15,
            "no_price": 85,
            "taker_side": "no"
        },
        {
            "trade_id": "b61fb237-92ef-445f-9094-5c733c05b807",
            "ticker": "KXHIGHMIA-25APR11-B81.5",
            "count": 29,
            "created_time": "2025-04-11T12:32:21.813415Z",
            "yes_price": 16,
            "no_price": 84,
            "taker_side": "yes"
        },
        {
            "trade_id": "91186684-cebc-44de-971b-c5d070a37089",
            "ticker": "KXHIGHMIA-25APR11-B81.5",
            "count": 55,
            "created_time": "2025-04-11T12:17:22.911964Z",
            "yes_price": 19,
            "no_price": 81,
            "taker_side": "no"
        },
        {
            "trade_id": "41a7de10-50e1-4820-b861-4a95d81bbeea",
            "ticker": "KXHIGHMIA-25APR11-B81.5",
            "count": 5,
            "created_time": "2025-04-11T12:17:22.911964Z",
            "yes_price": 18,
            "no_price": 82,
            "taker_side": "no"
        },
        {
            "trade_id": "26a908d6-e090-43e7-9e07-115bd91bd9a7",
            "ticker": "KXHIGHMIA-25APR11-B81.5",
            "count": 7,
            "created_time": "2025-04-11T12:17:22.911964Z",
            "yes_price": 16,
            "no_price": 84,
            "taker_side": "no"
        },
        {
            "trade_id": "6a074005-545b-47a0-856d-d446bb197efd",
            "ticker": "KXHIGHMIA-25APR11-B81.5",
            "count": 6,
            "created_time": "2025-04-11T12:16:10.13561Z",
            "yes_price": 19,
            "no_price": 81,
            "taker_side": "yes"
        },
        {
            "trade_id": "4de21fcb-762d-482d-b61a-1ca9ea07c950",
            "ticker": "KXHIGHMIA-25APR11-B81.5",
            "count": 50,
            "created_time": "2025-04-11T12:08:34.094422Z",
            "yes_price": 16,
            "no_price": 84,
            "taker_side": "no"
        },
        {
            "trade_id": "5f2ef69e-06e0-4d9e-96ad-f23edeaf33f5",
            "ticker": "KXHIGHMIA-25APR11-B81.5",
            "count": 11,
            "created_time": "2025-04-11T12:04:01.84421Z",
            "yes_price": 17,
            "no_price": 83,
            "taker_side": "yes"
        },
        {
            "trade_id": "8f557ea6-a276-45b4-9eb7-758b9830efff",
            "ticker": "KXHIGHMIA-25APR11-B81.5",
            "count": 14,
            "created_time": "2025-04-11T06:33:20.067946Z",
            "yes_price": 19,
            "no_price": 81,
            "taker_side": "yes"
        },
        {
            "trade_id": "7c480f2a-cfa1-4f84-9fb3-a6903ba8455f",
            "ticker": "KXHIGHMIA-25APR11-B81.5",
            "count": 28,
            "created_time": "2025-04-11T06:33:20.067946Z",
            "yes_price": 19,
            "no_price": 81,
            "taker_side": "yes"
        },
        {
            "trade_id": "593cc7dd-8429-4a58-b3ed-fc429df16b93",
            "ticker": "KXHIGHMIA-25APR11-B81.5",
            "count": 10,
            "created_time": "2025-04-11T06:33:20.067946Z",
            "yes_price": 19,
            "no_price": 81,
            "taker_side": "yes"
        },
        {
            "trade_id": "4b617a33-580f-4dab-a4d5-3f7be9abdf46",
            "ticker": "KXHIGHMIA-25APR11-B81.5",
            "count": 3,
            "created_time": "2025-04-11T06:33:20.067946Z",
            "yes_price": 19,
            "no_price": 81,
            "taker_side": "yes"
        },
        {
            "trade_id": "faad99f7-eba1-4599-89b8-c2905f5f9de8",
            "ticker": "KXHIGHMIA-25APR11-B81.5",
            "count": 1,
            "created_time": "2025-04-11T06:21:34.774906Z",
            "yes_price": 22,
            "no_price": 78,
            "taker_side": "no"
        },
        {
            "trade_id": "d549b719-0ca8-4250-a9c1-76303720397f",
            "ticker": "KXHIGHMIA-25APR11-B81.5",
            "count": 6,
            "created_time": "2025-04-11T06:21:34.774906Z",
            "yes_price": 22,
            "no_price": 78,
            "taker_side": "no"
        },
        {
            "trade_id": "e44362b5-5a16-4872-a59c-c8dfc64117a0",
            "ticker": "KXHIGHMIA-25APR11-B81.5",
            "count": 14,
            "created_time": "2025-04-11T06:11:12.602163Z",
            "yes_price": 18,
            "no_price": 82,
            "taker_side": "no"
        },
        {
            "trade_id": "b2c6db18-72d9-4d28-a9a4-67bc8e3b995b",
            "ticker": "KXHIGHMIA-25APR11-B81.5",
            "count": 82,
            "created_time": "2025-04-11T06:11:12.602163Z",
            "yes_price": 17,
            "no_price": 83,
            "taker_side": "no"
        },
        {
            "trade_id": "b1d45a4d-ce39-4042-ac32-f6d59629731f",
            "ticker": "KXHIGHMIA-25APR11-B81.5",
            "count": 15,
            "created_time": "2025-04-11T06:11:12.602163Z",
            "yes_price": 23,
            "no_price": 77,
            "taker_side": "no"
        },
        {
            "trade_id": "9d581f27-1752-4004-9e36-8974acc3cff8",
            "ticker": "KXHIGHMIA-25APR11-B81.5",
            "count": 1,
            "created_time": "2025-04-11T06:11:12.602163Z",
            "yes_price": 27,
            "no_price": 73,
            "taker_side": "no"
        },
        {
            "trade_id": "51ab0bd1-1055-49b9-ae9c-29731b957c1a",
            "ticker": "KXHIGHMIA-25APR11-B81.5",
            "count": 1,
            "created_time": "2025-04-11T06:11:12.602163Z",
            "yes_price": 27,
            "no_price": 73,
            "taker_side": "no"
        },
        {
            "trade_id": "1a32021e-abae-4113-a049-4e17ae089578",
            "ticker": "KXHIGHMIA-25APR11-B81.5",
            "count": 8,
            "created_time": "2025-04-11T06:11:12.602163Z",
            "yes_price": 27,
            "no_price": 73,
            "taker_side": "no"
        },
        {
            "trade_id": "8b3f1c71-8626-4a1c-ad71-739f6b207766",
            "ticker": "KXHIGHMIA-25APR11-B81.5",
            "count": 2,
            "created_time": "2025-04-11T05:51:26.202499Z",
            "yes_price": 26,
            "no_price": 74,
            "taker_side": "yes"
        },
        {
            "trade_id": "890e3e24-f786-4f74-9c05-2120555a9f00",
            "ticker": "KXHIGHMIA-25APR11-B81.5",
            "count": 3,
            "created_time": "2025-04-11T05:51:26.202499Z",
            "yes_price": 25,
            "no_price": 75,
            "taker_side": "yes"
        },
        {
            "trade_id": "7e5f5122-84ea-404a-bfa4-635c18c6b7af",
            "ticker": "KXHIGHMIA-25APR11-B81.5",
            "count": 14,
            "created_time": "2025-04-11T05:40:34.473866Z",
            "yes_price": 23,
            "no_price": 77,
            "taker_side": "no"
        },
        {
            "trade_id": "a01ac3d4-c749-4e18-9d91-ae9125d4a2c0",
            "ticker": "KXHIGHMIA-25APR11-B81.5",
            "count": 10,
            "created_time": "2025-04-11T05:38:02.306368Z",
            "yes_price": 21,
            "no_price": 79,
            "taker_side": "yes"
        },
        {
            "trade_id": "4b9f77bb-d130-4cd0-a4b3-ecc011ec53b8",
            "ticker": "KXHIGHMIA-25APR11-B81.5",
            "count": 12,
            "created_time": "2025-04-11T05:38:02.306368Z",
            "yes_price": 21,
            "no_price": 79,
            "taker_side": "yes"
        },
        {
            "trade_id": "1358c8de-6e7a-49a0-8d86-43879e611d35",
            "ticker": "KXHIGHMIA-25APR11-B81.5",
            "count": 23,
            "created_time": "2025-04-11T05:18:31.661386Z",
            "yes_price": 21,
            "no_price": 79,
            "taker_side": "no"
        },
        {
            "trade_id": "a7bd0997-303e-4509-86d3-2bfcc67f901b",
            "ticker": "KXHIGHMIA-25APR11-B81.5",
            "count": 2,
            "created_time": "2025-04-11T05:14:29.532598Z",
            "yes_price": 21,
            "no_price": 79,
            "taker_side": "no"
        },
        {
            "trade_id": "7f8f3a50-a9ea-444f-a836-d4481c92b17c",
            "ticker": "KXHIGHMIA-25APR11-B81.5",
            "count": 20,
            "created_time": "2025-04-11T05:14:29.532598Z",
            "yes_price": 21,
            "no_price": 79,
            "taker_side": "no"
        },
        {
            "trade_id": "0da9caa9-951f-4294-9588-1fb73a6c4167",
            "ticker": "KXHIGHMIA-25APR11-B81.5",
            "count": 23,
            "created_time": "2025-04-11T05:07:23.963772Z",
            "yes_price": 21,
            "no_price": 79,
            "taker_side": "no"
        },
        {
            "trade_id": "ede84bcd-188a-4e9b-8761-908362b73767",
            "ticker": "KXHIGHMIA-25APR11-B81.5",
            "count": 7,
            "created_time": "2025-04-11T05:07:23.120968Z",
            "yes_price": 21,
            "no_price": 79,
            "taker_side": "no"
        },
        {
            "trade_id": "0c2fb47c-ec71-4e71-b894-985d731a01ac",
            "ticker": "KXHIGHMIA-25APR11-B81.5",
            "count": 10,
            "created_time": "2025-04-11T05:07:22.27633Z",
            "yes_price": 21,
            "no_price": 79,
            "taker_side": "no"
        },
        {
            "trade_id": "9fc40718-5b9b-4fe8-8790-0c3b1f45c7cd",
            "ticker": "KXHIGHMIA-25APR11-B81.5",
            "count": 8,
            "created_time": "2025-04-11T05:07:21.435108Z",
            "yes_price": 21,
            "no_price": 79,
            "taker_side": "no"
        },
        {
            "trade_id": "1c007921-5738-4665-801c-9cb1c49f19a7",
            "ticker": "KXHIGHMIA-25APR11-B81.5",
            "count": 17,
            "created_time": "2025-04-11T05:07:14.459625Z",
            "yes_price": 21,
            "no_price": 79,
            "taker_side": "no"
        },
        {
            "trade_id": "03582689-8d6e-46db-9056-99e7271b22ec",
            "ticker": "KXHIGHMIA-25APR11-B81.5",
            "count": 5,
            "created_time": "2025-04-11T05:07:13.639411Z",
            "yes_price": 21,
            "no_price": 79,
            "taker_side": "no"
        },
        {
            "trade_id": "f57d7a8b-b6f3-4e24-8e74-22dd3999fa65",
            "ticker": "KXHIGHMIA-25APR11-B81.5",
            "count": 3,
            "created_time": "2025-04-11T05:07:13.617257Z",
            "yes_price": 22,
            "no_price": 78,
            "taker_side": "no"
        },
        {
            "trade_id": "82d6ac7d-cafb-494c-965c-1b130f281ad9",
            "ticker": "KXHIGHMIA-25APR11-B81.5",
            "count": 1,
            "created_time": "2025-04-11T05:07:13.617257Z",
            "yes_price": 22,
            "no_price": 78,
            "taker_side": "no"
        },
        {
            "trade_id": "3acd05b1-9007-47f0-b21d-45a6354bee22",
            "ticker": "KXHIGHMIA-25APR11-B81.5",
            "count": 1,
            "created_time": "2025-04-11T05:07:13.617257Z",
            "yes_price": 22,
            "no_price": 78,
            "taker_side": "no"
        },
        {
            "trade_id": "67866b86-deaf-4b08-a1ca-021f4637a08e",
            "ticker": "KXHIGHMIA-25APR11-B81.5",
            "count": 8,
            "created_time": "2025-04-11T05:06:21.253396Z",
            "yes_price": 22,
            "no_price": 78,
            "taker_side": "no"
        },
        {
            "trade_id": "e01a13e0-0d29-4692-b310-5023ad4fcc7e",
            "ticker": "KXHIGHMIA-25APR11-B81.5",
            "count": 116,
            "created_time": "2025-04-11T04:58:15.501941Z",
            "yes_price": 23,
            "no_price": 77,
            "taker_side": "yes"
        },
        {
            "trade_id": "25e3d1c3-fcdd-45cf-a4ab-14d327a05ba9",
            "ticker": "KXHIGHMIA-25APR11-B81.5",
            "count": 2,
            "created_time": "2025-04-11T04:58:15.501941Z",
            "yes_price": 23,
            "no_price": 77,
            "taker_side": "yes"
        },
        {
            "trade_id": "c2bbffef-ef68-4860-a5e3-2c60b6403c07",
            "ticker": "KXHIGHMIA-25APR11-B81.5",
            "count": 240,
            "created_time": "2025-04-11T04:57:33.607183Z",
            "yes_price": 22,
            "no_price": 78,
            "taker_side": "yes"
        },
        {
            "trade_id": "274651cb-0810-4fdc-817d-244fb525add9",
            "ticker": "KXHIGHMIA-25APR11-B81.5",
            "count": 2,
            "created_time": "2025-04-11T04:57:33.607183Z",
            "yes_price": 22,
            "no_price": 78,
            "taker_side": "yes"
        },
        {
            "trade_id": "f19c170c-19d7-40d0-b6b9-7a0747ab1ac5",
            "ticker": "KXHIGHMIA-25APR11-B81.5",
            "count": 4,
            "created_time": "2025-04-11T04:57:17.974769Z",
            "yes_price": 21,
            "no_price": 79,
            "taker_side": "no"
        },
        {
            "trade_id": "51d4a562-af92-4753-ab3c-4eb3cf207700",
            "ticker": "KXHIGHMIA-25APR11-B81.5",
            "count": 5,
            "created_time": "2025-04-11T04:56:58.501634Z",
            "yes_price": 21,
            "no_price": 79,
            "taker_side": "no"
        },
        {
            "trade_id": "18107d64-8aa9-4302-b48e-0f00973e657c",
            "ticker": "KXHIGHMIA-25APR11-B81.5",
            "count": 18,
            "created_time": "2025-04-11T04:56:57.652632Z",
            "yes_price": 21,
            "no_price": 79,
            "taker_side": "no"
        },
        {
            "trade_id": "f5482353-df56-44cc-98ef-89df74ca44f2",
            "ticker": "KXHIGHMIA-25APR11-B81.5",
            "count": 16,
            "created_time": "2025-04-11T04:55:23.03806Z",
            "yes_price": 21,
            "no_price": 79,
            "taker_side": "yes"
        },
        {
            "trade_id": "cdeb492c-2124-4f83-ab74-06674b39c870",
            "ticker": "KXHIGHMIA-25APR11-B81.5",
            "count": 1,
            "created_time": "2025-04-11T04:55:23.03806Z",
            "yes_price": 21,
            "no_price": 79,
            "taker_side": "yes"
        },
        {
            "trade_id": "26025b84-1e51-45ea-bed7-7b478e0d91c7",
            "ticker": "KXHIGHMIA-25APR11-B81.5",
            "count": 2,
            "created_time": "2025-04-11T04:55:23.03806Z",
            "yes_price": 21,
            "no_price": 79,
            "taker_side": "yes"
        },
        {
            "trade_id": "59968f26-6d8c-4b66-8c23-b8f92a037b85",
            "ticker": "KXHIGHMIA-25APR11-B81.5",
            "count": 14,
            "created_time": "2025-04-11T04:54:35.820228Z",
            "yes_price": 20,
            "no_price": 80,
            "taker_side": "yes"
        },
        {
            "trade_id": "45fcf2ab-aece-4b3f-9995-de914dfdb45d",
            "ticker": "KXHIGHMIA-25APR11-B81.5",
            "count": 12,
            "created_time": "2025-04-11T04:54:35.820228Z",
            "yes_price": 20,
            "no_price": 80,
            "taker_side": "yes"
        },
        {
            "trade_id": "a7082453-a542-47c7-8c54-32aae5529fb4",
            "ticker": "KXHIGHMIA-25APR11-B81.5",
            "count": 12,
            "created_time": "2025-04-11T04:54:23.685046Z",
            "yes_price": 20,
            "no_price": 80,
            "taker_side": "no"
        },
        {
            "trade_id": "3425b3c6-7756-4f2a-a5b3-ae308d4bdf65",
            "ticker": "KXHIGHMIA-25APR11-B81.5",
            "count": 1,
            "created_time": "2025-04-11T04:51:23.415619Z",
            "yes_price": 20,
            "no_price": 80,
            "taker_side": "no"
        },
        {
            "trade_id": "28fa1586-2168-4cd1-a786-adb47dfacfa4",
            "ticker": "KXHIGHMIA-25APR11-B81.5",
            "count": 3,
            "created_time": "2025-04-11T04:48:19.615188Z",
            "yes_price": 20,
            "no_price": 80,
            "taker_side": "no"
        },
        {
            "trade_id": "8100877d-acdb-4ae6-b9e1-242ed8272394",
            "ticker": "KXHIGHMIA-25APR11-B81.5",
            "count": 19,
            "created_time": "2025-04-11T04:45:41.31511Z",
            "yes_price": 20,
            "no_price": 80,
            "taker_side": "yes"
        },
        {
            "trade_id": "e41dedb7-c2df-4147-a5be-c8f10817214f",
            "ticker": "KXHIGHMIA-25APR11-B81.5",
            "count": 31,
            "created_time": "2025-04-11T04:42:46.196338Z",
            "yes_price": 20,
            "no_price": 80,
            "taker_side": "yes"
        },
        {
            "trade_id": "82aed35b-4dcd-40e2-ad16-eec6160a3328",
            "ticker": "KXHIGHMIA-25APR11-B81.5",
            "count": 75,
            "created_time": "2025-04-11T04:42:46.196338Z",
            "yes_price": 20,
            "no_price": 80,
            "taker_side": "yes"
        },
        {
            "trade_id": "4134d961-4a19-4748-a8cd-9c2d9b60e531",
            "ticker": "KXHIGHMIA-25APR11-B81.5",
            "count": 2,
            "created_time": "2025-04-11T04:42:46.196338Z",
            "yes_price": 20,
            "no_price": 80,
            "taker_side": "yes"
        },
        {
            "trade_id": "26fab333-35f7-458b-8ac1-00c3671cf31d",
            "ticker": "KXHIGHMIA-25APR11-B81.5",
            "count": 20,
            "created_time": "2025-04-11T04:42:46.196338Z",
            "yes_price": 20,
            "no_price": 80,
            "taker_side": "yes"
        },
        {
            "trade_id": "7a0b3707-c675-4f01-b479-bf09d392d322",
            "ticker": "KXHIGHMIA-25APR11-B81.5",
            "count": 2,
            "created_time": "2025-04-11T04:41:39.981789Z",
            "yes_price": 19,
            "no_price": 81,
            "taker_side": "yes"
        },
        {
            "trade_id": "4f1b5ec9-c508-4ca2-9f15-0a4d78a9d2d4",
            "ticker": "KXHIGHMIA-25APR11-B81.5",
            "count": 5,
            "created_time": "2025-04-11T04:41:18.317397Z",
            "yes_price": 18,
            "no_price": 82,
            "taker_side": "yes"
        },
        {
            "trade_id": "701759c6-d28f-4f29-b232-8f0fa22f03d1",
            "ticker": "KXHIGHMIA-25APR11-B81.5",
            "count": 5,
            "created_time": "2025-04-11T04:40:32.60601Z",
            "yes_price": 19,
            "no_price": 81,
            "taker_side": "yes"
        },
        {
            "trade_id": "e8f4d74f-3b4b-41ed-aa6c-ea0885769a8a",
            "ticker": "KXHIGHMIA-25APR11-B81.5",
            "count": 4,
            "created_time": "2025-04-11T04:40:15.66829Z",
            "yes_price": 16,
            "no_price": 84,
            "taker_side": "yes"
        },
        {
            "trade_id": "60f38776-d7be-43a0-9f25-04d33d1d98a7",
            "ticker": "KXHIGHMIA-25APR11-B81.5",
            "count": 3,
            "created_time": "2025-04-11T04:40:15.66829Z",
            "yes_price": 16,
            "no_price": 84,
            "taker_side": "yes"
        },
        {
            "trade_id": "dbeb4a15-f709-4e7c-a023-9e93bdb0c7a7",
            "ticker": "KXHIGHMIA-25APR11-B81.5",
            "count": 8,
            "created_time": "2025-04-11T04:30:02.759676Z",
            "yes_price": 20,
            "no_price": 80,
            "taker_side": "no"
        },
        {
            "trade_id": "31c19ee5-45ed-4d9f-b7e2-a88ed4c0540a",
            "ticker": "KXHIGHMIA-25APR11-B81.5",
            "count": 4,
            "created_time": "2025-04-11T04:30:02.759676Z",
            "yes_price": 20,
            "no_price": 80,
            "taker_side": "no"
        },
        {
            "trade_id": "208873c8-a381-4573-bd30-0e2eb903afcc",
            "ticker": "KXHIGHMIA-25APR11-B81.5",
            "count": 12,
            "created_time": "2025-04-11T04:30:02.696919Z",
            "yes_price": 20,
            "no_price": 80,
            "taker_side": "no"
        },
        {
            "trade_id": "87a884db-607b-42d7-b14c-748bc8ecb331",
            "ticker": "KXHIGHMIA-25APR11-B81.5",
            "count": 119,
            "created_time": "2025-04-11T04:28:07.474117Z",
            "yes_price": 20,
            "no_price": 80,
            "taker_side": "no"
        },
        {
            "trade_id": "f386413e-9d03-4540-ba74-129e0e4abedd",
            "ticker": "KXHIGHMIA-25APR11-B81.5",
            "count": 5,
            "created_time": "2025-04-11T04:28:01.58507Z",
            "yes_price": 21,
            "no_price": 79,
            "taker_side": "no"
        },
        {
            "trade_id": "80df5708-6778-4f7c-9b40-85fbaec66f59",
            "ticker": "KXHIGHMIA-25APR11-B81.5",
            "count": 61,
            "created_time": "2025-04-11T04:28:01.58507Z",
            "yes_price": 20,
            "no_price": 80,
            "taker_side": "no"
        },
        {
            "trade_id": "f2b4154f-f1ca-4b47-ac40-47f2c2adc46e",
            "ticker": "KXHIGHMIA-25APR11-B81.5",
            "count": 25,
            "created_time": "2025-04-11T03:30:48.555789Z",
            "yes_price": 20,
            "no_price": 80,
            "taker_side": "yes"
        },
        {
            "trade_id": "7fa7ff1a-8480-404b-b0bf-42af4b88b381",
            "ticker": "KXHIGHMIA-25APR11-B81.5",
            "count": 5,
            "created_time": "2025-04-11T03:30:48.555789Z",
            "yes_price": 20,
            "no_price": 80,
            "taker_side": "yes"
        },
        {
            "trade_id": "615c7c2b-2fa7-4755-a540-b84a1998c077",
            "ticker": "KXHIGHMIA-25APR11-B81.5",
            "count": 16,
            "created_time": "2025-04-11T03:30:48.555789Z",
            "yes_price": 20,
            "no_price": 80,
            "taker_side": "yes"
        },
        {
            "trade_id": "42f2455a-7e14-4c38-a8df-a6d5e2520443",
            "ticker": "KXHIGHMIA-25APR11-B81.5",
            "count": 28,
            "created_time": "2025-04-11T03:11:08.780081Z",
            "yes_price": 20,
            "no_price": 80,
            "taker_side": "yes"
        },
        {
            "trade_id": "352bf6a2-529e-40e9-85f0-f100b63ce04e",
            "ticker": "KXHIGHMIA-25APR11-B81.5",
            "count": 19,
            "created_time": "2025-04-11T01:39:35.950501Z",
            "yes_price": 28,
            "no_price": 72,
            "taker_side": "yes"
        },
        {
            "trade_id": "31fb75c2-e40d-41eb-9919-d0485bd4a4ce",
            "ticker": "KXHIGHMIA-25APR11-B81.5",
            "count": 13,
            "created_time": "2025-04-11T01:39:35.950501Z",
            "yes_price": 28,
            "no_price": 72,
            "taker_side": "yes"
        },
        {
            "trade_id": "e6f8aadb-5f08-4e53-af0a-cb82ccfe9be0",
            "ticker": "KXHIGHMIA-25APR11-B81.5",
            "count": 27,
            "created_time": "2025-04-11T00:53:21.453366Z",
            "yes_price": 21,
            "no_price": 79,
            "taker_side": "yes"
        },
        {
            "trade_id": "3f84d241-95c8-49db-829b-0f8fa93048cd",
            "ticker": "KXHIGHMIA-25APR11-B81.5",
            "count": 21,
            "created_time": "2025-04-11T00:53:21.453366Z",
            "yes_price": 22,
            "no_price": 78,
            "taker_side": "yes"
        },
        {
            "trade_id": "fbba8608-3b2a-4094-b79b-455b4f92023b",
            "ticker": "KXHIGHMIA-25APR11-B81.5",
            "count": 81,
            "created_time": "2025-04-10T23:51:28.495655Z",
            "yes_price": 26,
            "no_price": 74,
            "taker_side": "yes"
        },
        {
            "trade_id": "43a01cb1-7b49-4a05-aa31-14810e2ea46d",
            "ticker": "KXHIGHMIA-25APR11-B81.5",
            "count": 3,
            "created_time": "2025-04-10T23:51:28.495655Z",
            "yes_price": 26,
            "no_price": 74,
            "taker_side": "yes"
        },
        {
            "trade_id": "d36912b4-295e-46c6-808b-18cb340084c0",
            "ticker": "KXHIGHMIA-25APR11-B81.5",
            "count": 119,
            "created_time": "2025-04-10T23:51:28.442343Z",
            "yes_price": 26,
            "no_price": 74,
            "taker_side": "yes"
        },
        {
            "trade_id": "434d4676-5507-4d30-aa13-588ac82f426f",
            "ticker": "KXHIGHMIA-25APR11-B81.5",
            "count": 15,
            "created_time": "2025-04-10T23:43:40.758295Z",
            "yes_price": 25,
            "no_price": 75,
            "taker_side": "yes"
        },
        {
            "trade_id": "2f87be2e-ed73-4cd0-9bb8-e2a6da898bc8",
            "ticker": "KXHIGHMIA-25APR11-B81.5",
            "count": 19,
            "created_time": "2025-04-10T23:24:30.858514Z",
            "yes_price": 25,
            "no_price": 75,
            "taker_side": "no"
        },
        {
            "trade_id": "12f32581-3039-46c9-be45-a12f6798b461",
            "ticker": "KXHIGHMIA-25APR11-B81.5",
            "count": 240,
            "created_time": "2025-04-10T22:51:42.637111Z",
            "yes_price": 26,
            "no_price": 74,
            "taker_side": "yes"
        },
        {
            "trade_id": "b3fbe480-c687-437d-8758-b1b5bbf16f0c",
            "ticker": "KXHIGHMIA-25APR11-B81.5",
            "count": 60,
            "created_time": "2025-04-10T22:51:42.575467Z",
            "yes_price": 26,
            "no_price": 74,
            "taker_side": "yes"
        },
        {
            "trade_id": "710f1588-e89d-4b55-a4a9-f12079a05ac5",
            "ticker": "KXHIGHMIA-25APR11-B81.5",
            "count": 28,
            "created_time": "2025-04-10T22:50:57.2368Z",
            "yes_price": 25,
            "no_price": 75,
            "taker_side": "no"
        },
        {
            "trade_id": "fd438a42-04fe-4e11-8c16-e91ba0f6bd76",
            "ticker": "KXHIGHMIA-25APR11-B81.5",
            "count": 2,
            "created_time": "2025-04-10T20:35:45.796687Z",
            "yes_price": 29,
            "no_price": 71,
            "taker_side": "yes"
        },
        {
            "trade_id": "54e4e3ab-eb30-4fd4-b07c-34bebf97f6c4",
            "ticker": "KXHIGHMIA-25APR11-B81.5",
            "count": 2,
            "created_time": "2025-04-10T20:35:45.796687Z",
            "yes_price": 27,
            "no_price": 73,
            "taker_side": "yes"
        },
        {
            "trade_id": "cdea3a1f-f3f2-4f8c-a4e4-0ff0a9221f2d",
            "ticker": "KXHIGHMIA-25APR11-B81.5",
            "count": 30,
            "created_time": "2025-04-10T19:56:03.43993Z",
            "yes_price": 34,
            "no_price": 66,
            "taker_side": "no"
        },
        {
            "trade_id": "3319820b-45e1-427d-97c5-402cbe598206",
            "ticker": "KXHIGHMIA-25APR11-B81.5",
            "count": 10,
            "created_time": "2025-04-10T19:56:03.43993Z",
            "yes_price": 34,
            "no_price": 66,
            "taker_side": "no"
        },
        {
            "trade_id": "a9a8849d-b47c-459c-99e4-0d1a03c5e0ac",
            "ticker": "KXHIGHMIA-25APR11-B81.5",
            "count": 27,
            "created_time": "2025-04-10T17:14:36.76945Z",
            "yes_price": 23,
            "no_price": 77,
            "taker_side": "no"
        },
        {
            "trade_id": "e1ae0843-0ce5-4a0e-96f9-59e8f08bd593",
            "ticker": "KXHIGHMIA-25APR11-B81.5",
            "count": 5,
            "created_time": "2025-04-10T17:11:15.275829Z",
            "yes_price": 34,
            "no_price": 66,
            "taker_side": "yes"
        },
        {
            "trade_id": "35cd009c-1512-4507-91af-95f05f8c3f83",
            "ticker": "KXHIGHMIA-25APR11-B81.5",
            "count": 22,
            "created_time": "2025-04-10T17:11:15.275829Z",
            "yes_price": 35,
            "no_price": 65,
            "taker_side": "yes"
        },
        {
            "trade_id": "2849a05a-3bee-4122-b471-9b53b2344263",
            "ticker": "KXHIGHMIA-25APR11-B81.5",
            "count": 6,
            "created_time": "2025-04-10T17:06:28.98489Z",
            "yes_price": 34,
            "no_price": 66,
            "taker_side": "yes"
        },
        {
            "trade_id": "430d59d9-78d1-4d8b-9adb-3b87d16dda83",
            "ticker": "KXHIGHMIA-25APR11-B81.5",
            "count": 2,
            "created_time": "2025-04-10T17:03:26.615079Z",
            "yes_price": 34,
            "no_price": 66,
            "taker_side": "yes"
        },
        {
            "trade_id": "a4d63fe4-bfa7-47c9-8c52-3e732631e6cc",
            "ticker": "KXHIGHMIA-25APR11-B81.5",
            "count": 9,
            "created_time": "2025-04-10T17:00:30.91557Z",
            "yes_price": 35,
            "no_price": 65,
            "taker_side": "yes"
        },
        {
            "trade_id": "0ac1eb01-c764-4f2e-a59e-1e3bf6f8d22d",
            "ticker": "KXHIGHMIA-25APR11-B81.5",
            "count": 42,
            "created_time": "2025-04-10T16:57:25.32526Z",
            "yes_price": 35,
            "no_price": 65,
            "taker_side": "yes"
        },
        {
            "trade_id": "78d40999-0f0d-4f29-ae9e-eef00e7cdc69",
            "ticker": "KXHIGHMIA-25APR11-B81.5",
            "count": 8,
