{
    "KXHIGHMIA-25MAR04-T73": [
        {
            "trade_id": "bb868810-558d-4182-82eb-d5a5264b576e",
            "ticker": "KXHIGHMIA-25MAR04-T73",
            "count": 101,
            "created_time": "2025-03-04T07:18:49.987964Z",
            "yes_price": 1,
            "no_price": 99,
            "taker_side": "yes"
        }
    ],
    "KXHIGHMIA-25MAR04-B73.5": [],
    "KXHIGHMIA-25MAR04-B75.5": [
        {
            "trade_id": "5cffeff7-e28e-4c69-8a7a-8c3e0ec68ea5",
            "ticker": "KXHIGHMIA-25MAR04-B75.5",
            "count": 1,
            "created_time": "2025-03-05T03:14:33.230112Z",
            "yes_price": 1,
            "no_price": 99,
            "taker_side": "yes"
        },
        {
            "trade_id": "47a78738-cb4a-4698-a384-1c83fbe4850a",
            "ticker": "KXHIGHMIA-25MAR04-B75.5",
            "count": 1,
            "created_time": "2025-03-04T23:25:47.972814Z",
            "yes_price": 1,
            "no_price": 99,
            "taker_side": "yes"
        },
        {
            "trade_id": "76e262de-c704-46ea-bc17-422d30303d88",
            "ticker": "KXHIGHMIA-25MAR04-B75.5",
            "count": 483,
            "created_time": "2025-03-04T18:46:28.841031Z",
            "yes_price": 1,
            "no_price": 99,
            "taker_side": "yes"
        },
        {
            "trade_id": "4b97396a-f1ed-46ed-aeba-eec78289eb76",
            "ticker": "KXHIGHMIA-25MAR04-B75.5",
            "count": 1,
            "created_time": "2025-03-04T17:20:59.321043Z",
            "yes_price": 1,
            "no_price": 99,
            "taker_side": "yes"
        },
        {
            "trade_id": "c1b0647e-7f76-4a5d-959b-185a85f5a191",
            "ticker": "KXHIGHMIA-25MAR04-B75.5",
            "count": 483,
            "created_time": "2025-03-04T17:13:23.129262Z",
            "yes_price": 1,
            "no_price": 99,
            "taker_side": "yes"
        },
        {
            "trade_id": "c247cb1c-a870-4f28-9859-81811e5757aa",
            "ticker": "KXHIGHMIA-25MAR04-B75.5",
            "count": 46,
            "created_time": "2025-03-04T15:20:02.358947Z",
            "yes_price": 1,
            "no_price": 99,
            "taker_side": "yes"
        },
        {
            "trade_id": "ab222647-fb8a-43c4-973f-d3a6e302bdf9",
            "ticker": "KXHIGHMIA-25MAR04-B75.5",
            "count": 500,
            "created_time": "2025-03-04T14:32:08.292436Z",
            "yes_price": 1,
            "no_price": 99,
            "taker_side": "no"
        },
        {
            "trade_id": "86fc7b0e-804d-43b3-8e34-2898d251b31e",
            "ticker": "KXHIGHMIA-25MAR04-B75.5",
            "count": 150,
            "created_time": "2025-03-04T14:11:24.927771Z",
            "yes_price": 1,
            "no_price": 99,
            "taker_side": "no"
        },
        {
            "trade_id": "2d0bb8cd-5405-458d-8dee-1871871b6e10",
            "ticker": "KXHIGHMIA-25MAR04-B75.5",
            "count": 6,
            "created_time": "2025-03-04T14:01:22.477316Z",
            "yes_price": 6,
            "no_price": 94,
            "taker_side": "no"
        },
        {
            "trade_id": "0ea4a295-12cd-4722-ae92-58e9e53622ad",
            "ticker": "KXHIGHMIA-25MAR04-B75.5",
            "count": 2,
            "created_time": "2025-03-04T14:00:01.362935Z",
            "yes_price": 7,
            "no_price": 93,
            "taker_side": "no"
        },
        {
            "trade_id": "7c4230f6-8d54-48fc-9da3-f64a173f65c0",
            "ticker": "KXHIGHMIA-25MAR04-B75.5",
            "count": 1,
            "created_time": "2025-03-04T14:00:00.815442Z",
            "yes_price": 7,
            "no_price": 93,
            "taker_side": "no"
        },
        {
            "trade_id": "f20eca90-8b7c-4cf8-943e-8a2d5f6705cb",
            "ticker": "KXHIGHMIA-25MAR04-B75.5",
            "count": 195,
            "created_time": "2025-03-04T13:56:05.312502Z",
            "yes_price": 1,
            "no_price": 99,
            "taker_side": "no"
        },
        {
            "trade_id": "e382a044-ebd4-4525-a01d-ffdc8cf69d26",
            "ticker": "KXHIGHMIA-25MAR04-B75.5",
            "count": 666,
            "created_time": "2025-03-04T13:56:05.312502Z",
            "yes_price": 1,
            "no_price": 99,
            "taker_side": "no"
        },
        {
            "trade_id": "87a28630-acce-41b2-98d7-5d0ebd84bb93",
            "ticker": "KXHIGHMIA-25MAR04-B75.5",
            "count": 2,
            "created_time": "2025-03-04T13:49:18.620543Z",
            "yes_price": 1,
            "no_price": 99,
            "taker_side": "no"
        },
        {
            "trade_id": "c84f4d27-aa79-4219-8356-8b3802226626",
            "ticker": "KXHIGHMIA-25MAR04-B75.5",
            "count": 200,
            "created_time": "2025-03-04T13:09:52.852718Z",
            "yes_price": 2,
            "no_price": 98,
            "taker_side": "no"
        },
        {
            "trade_id": "af31567a-7a99-4fc4-ad1e-92ebc5bcb083",
            "ticker": "KXHIGHMIA-25MAR04-B75.5",
            "count": 3,
            "created_time": "2025-03-04T13:09:52.852718Z",
            "yes_price": 1,
            "no_price": 99,
            "taker_side": "no"
        },
        {
            "trade_id": "ba4f73f0-c86a-4106-a5dd-d7b960183b64",
            "ticker": "KXHIGHMIA-25MAR04-B75.5",
            "count": 240,
            "created_time": "2025-03-04T07:36:37.07664Z",
            "yes_price": 5,
            "no_price": 95,
            "taker_side": "yes"
        },
        {
            "trade_id": "520c2fb0-ff84-48d2-a769-22e468d2fd68",
            "ticker": "KXHIGHMIA-25MAR04-B75.5",
            "count": 7,
            "created_time": "2025-03-04T07:36:37.07664Z",
            "yes_price": 3,
            "no_price": 97,
            "taker_side": "yes"
        },
        {
            "trade_id": "291f2345-932f-4af6-b35c-3cf1b788fc92",
            "ticker": "KXHIGHMIA-25MAR04-B75.5",
            "count": 1,
            "created_time": "2025-03-04T07:36:37.07664Z",
            "yes_price": 3,
            "no_price": 97,
            "taker_side": "yes"
        },
        {
            "trade_id": "252caf5c-dde0-4312-bfad-9651432a63d8",
            "ticker": "KXHIGHMIA-25MAR04-B75.5",
            "count": 7,
            "created_time": "2025-03-04T07:06:18.191527Z",
            "yes_price": 3,
            "no_price": 97,
            "taker_side": "no"
        },
        {
            "trade_id": "90a51d9b-8ec2-419a-892f-4bfe16ffab56",
            "ticker": "KXHIGHMIA-25MAR04-B75.5",
            "count": 1,
            "created_time": "2025-03-04T06:57:17.76858Z",
            "yes_price": 3,
            "no_price": 97,
            "taker_side": "no"
        },
        {
            "trade_id": "87df76e7-69a2-4295-b440-42018926dbcc",
            "ticker": "KXHIGHMIA-25MAR04-B75.5",
            "count": 2,
            "created_time": "2025-03-04T06:54:17.79411Z",
            "yes_price": 3,
            "no_price": 97,
            "taker_side": "no"
        },
        {
            "trade_id": "0abe9e6d-a84f-46b3-8f66-3aaf9f30e760",
            "ticker": "KXHIGHMIA-25MAR04-B75.5",
            "count": 11,
            "created_time": "2025-03-04T06:51:24.039163Z",
            "yes_price": 3,
            "no_price": 97,
            "taker_side": "no"
        },
        {
            "trade_id": "bc35e7c6-a5c5-4aa5-abf6-9b5792436b3b",
            "ticker": "KXHIGHMIA-25MAR04-B75.5",
            "count": 29,
            "created_time": "2025-03-04T06:48:15.590013Z",
            "yes_price": 3,
            "no_price": 97,
            "taker_side": "no"
        },
        {
            "trade_id": "42f96744-1073-4109-9c7b-1a35b1f3708a",
            "ticker": "KXHIGHMIA-25MAR04-B75.5",
            "count": 9,
            "created_time": "2025-03-04T06:48:15.590013Z",
            "yes_price": 3,
            "no_price": 97,
            "taker_side": "no"
        },
        {
            "trade_id": "742af58e-3fe1-428e-9aaa-3019bcf93567",
            "ticker": "KXHIGHMIA-25MAR04-B75.5",
            "count": 2,
            "created_time": "2025-03-04T06:45:38.607183Z",
            "yes_price": 3,
            "no_price": 97,
            "taker_side": "no"
        },
        {
            "trade_id": "72d37363-19e6-4632-b6d8-2cc829e49e76",
            "ticker": "KXHIGHMIA-25MAR04-B75.5",
            "count": 7,
            "created_time": "2025-03-04T06:45:20.519529Z",
            "yes_price": 3,
            "no_price": 97,
            "taker_side": "no"
        },
        {
            "trade_id": "40d2a9bc-9ad7-4518-b360-1ce98fb968e2",
            "ticker": "KXHIGHMIA-25MAR04-B75.5",
            "count": 6,
            "created_time": "2025-03-04T06:42:19.888431Z",
            "yes_price": 3,
            "no_price": 97,
            "taker_side": "no"
        },
        {
            "trade_id": "8bc4e78f-9522-4d3f-9c05-f12bc49889ae",
            "ticker": "KXHIGHMIA-25MAR04-B75.5",
            "count": 1,
            "created_time": "2025-03-04T06:39:23.533885Z",
            "yes_price": 3,
            "no_price": 97,
            "taker_side": "no"
        },
        {
            "trade_id": "6aa69a6b-4ace-4d77-bb3f-3a0f274da616",
            "ticker": "KXHIGHMIA-25MAR04-B75.5",
            "count": 1,
            "created_time": "2025-03-04T06:39:21.910519Z",
            "yes_price": 3,
            "no_price": 97,
            "taker_side": "no"
        },
        {
            "trade_id": "811cc3a6-c102-4b40-a03e-2f0cb58f654b",
            "ticker": "KXHIGHMIA-25MAR04-B75.5",
            "count": 6,
            "created_time": "2025-03-04T06:36:15.758014Z",
            "yes_price": 3,
            "no_price": 97,
            "taker_side": "no"
        },
        {
            "trade_id": "34a6b5fd-a7be-42e3-82d0-5f38e69dbf7a",
            "ticker": "KXHIGHMIA-25MAR04-B75.5",
            "count": 23,
            "created_time": "2025-03-04T06:33:19.779983Z",
            "yes_price": 3,
            "no_price": 97,
            "taker_side": "no"
        },
        {
            "trade_id": "50939b99-ead8-4385-87e4-58364d4c5b62",
            "ticker": "KXHIGHMIA-25MAR04-B75.5",
            "count": 58,
            "created_time": "2025-03-04T06:30:28.329304Z",
            "yes_price": 3,
            "no_price": 97,
            "taker_side": "no"
        },
        {
            "trade_id": "87536273-b8da-4f98-9d8a-bfb66a3cd91a",
            "ticker": "KXHIGHMIA-25MAR04-B75.5",
            "count": 58,
            "created_time": "2025-03-04T06:27:17.638677Z",
            "yes_price": 3,
            "no_price": 97,
            "taker_side": "no"
        },
        {
            "trade_id": "b7fef573-ca52-45a3-a948-f82bb3a0ac9f",
            "ticker": "KXHIGHMIA-25MAR04-B75.5",
            "count": 58,
            "created_time": "2025-03-04T06:24:15.538826Z",
            "yes_price": 3,
            "no_price": 97,
            "taker_side": "no"
        },
        {
            "trade_id": "8e684f44-349c-4188-9c58-dff582f64e0b",
            "ticker": "KXHIGHMIA-25MAR04-B75.5",
            "count": 58,
            "created_time": "2025-03-04T06:21:20.351178Z",
            "yes_price": 3,
            "no_price": 97,
            "taker_side": "no"
        },
        {
            "trade_id": "3d0b8841-fd84-4c61-91ce-9f794c282bda",
            "ticker": "KXHIGHMIA-25MAR04-B75.5",
            "count": 13,
            "created_time": "2025-03-04T06:18:20.057377Z",
            "yes_price": 3,
            "no_price": 97,
            "taker_side": "no"
        },
        {
            "trade_id": "246f9799-a7f8-4678-b7d9-a2dd5f2eec54",
            "ticker": "KXHIGHMIA-25MAR04-B75.5",
            "count": 45,
            "created_time": "2025-03-04T06:18:20.057377Z",
            "yes_price": 3,
            "no_price": 97,
            "taker_side": "no"
        },
        {
            "trade_id": "72678d0c-778e-4294-b77f-5b5bf983f482",
            "ticker": "KXHIGHMIA-25MAR04-B75.5",
            "count": 60,
            "created_time": "2025-03-04T06:15:21.432692Z",
            "yes_price": 3,
            "no_price": 97,
            "taker_side": "no"
        },
        {
            "trade_id": "7b30c7b7-7072-4389-b05c-7aa9a7d22df7",
            "ticker": "KXHIGHMIA-25MAR04-B75.5",
            "count": 2,
            "created_time": "2025-03-04T06:12:42.872867Z",
            "yes_price": 3,
            "no_price": 97,
            "taker_side": "no"
        },
        {
            "trade_id": "6539e177-f5df-4d14-8b59-5d0c6ee2b624",
            "ticker": "KXHIGHMIA-25MAR04-B75.5",
            "count": 50,
            "created_time": "2025-03-04T06:12:39.097946Z",
            "yes_price": 3,
            "no_price": 97,
            "taker_side": "no"
        },
        {
            "trade_id": "ea1fd929-d3df-4a6b-a1bc-9d4539b5ec2f",
            "ticker": "KXHIGHMIA-25MAR04-B75.5",
            "count": 3,
            "created_time": "2025-03-04T06:12:25.769316Z",
            "yes_price": 3,
            "no_price": 97,
            "taker_side": "no"
        },
        {
            "trade_id": "6a6b401f-f0a8-4636-ab29-69ff763ee757",
            "ticker": "KXHIGHMIA-25MAR04-B75.5",
            "count": 60,
            "created_time": "2025-03-04T06:12:16.514276Z",
            "yes_price": 3,
            "no_price": 97,
            "taker_side": "no"
        },
        {
            "trade_id": "b8b1c7ce-b329-4233-ab24-f1146616ea7b",
            "ticker": "KXHIGHMIA-25MAR04-B75.5",
            "count": 1,
            "created_time": "2025-03-04T06:10:26.318664Z",
            "yes_price": 3,
            "no_price": 97,
            "taker_side": "no"
        },
        {
            "trade_id": "8e3f9eba-702e-4e2f-a7ae-53d1d0610a21",
            "ticker": "KXHIGHMIA-25MAR04-B75.5",
            "count": 50,
            "created_time": "2025-03-04T06:09:36.234653Z",
            "yes_price": 3,
            "no_price": 97,
            "taker_side": "no"
        },
        {
            "trade_id": "7a4e90d0-388a-46c9-908f-f819ab16d0e2",
            "ticker": "KXHIGHMIA-25MAR04-B75.5",
            "count": 2,
            "created_time": "2025-03-04T06:09:22.280851Z",
            "yes_price": 3,
            "no_price": 97,
            "taker_side": "no"
        },
        {
            "trade_id": "a3642a93-d838-4b32-881c-34ad15e59a0f",
            "ticker": "KXHIGHMIA-25MAR04-B75.5",
            "count": 27,
            "created_time": "2025-03-04T06:09:18.233491Z",
            "yes_price": 3,
            "no_price": 97,
            "taker_side": "no"
        },
        {
            "trade_id": "13bbccae-f74e-4e23-9dee-53c4a7ae40cd",
            "ticker": "KXHIGHMIA-25MAR04-B75.5",
            "count": 23,
            "created_time": "2025-03-04T06:09:18.233491Z",
            "yes_price": 3,
            "no_price": 97,
            "taker_side": "no"
        },
        {
            "trade_id": "6762ef68-c1c6-4fe5-81b9-e4ad3ee10414",
            "ticker": "KXHIGHMIA-25MAR04-B75.5",
            "count": 1,
            "created_time": "2025-03-04T06:09:07.668934Z",
            "yes_price": 3,
            "no_price": 97,
            "taker_side": "no"
        },
        {
            "trade_id": "fe5145bc-20be-4804-9e34-8d7450637e49",
            "ticker": "KXHIGHMIA-25MAR04-B75.5",
            "count": 13,
            "created_time": "2025-03-04T06:06:17.349097Z",
            "yes_price": 3,
            "no_price": 97,
            "taker_side": "no"
        },
        {
            "trade_id": "e6180ff9-a4a3-4bd8-8b2d-b6626b0c8e64",
            "ticker": "KXHIGHMIA-25MAR04-B75.5",
            "count": 1,
            "created_time": "2025-03-04T06:06:17.349097Z",
            "yes_price": 3,
            "no_price": 97,
            "taker_side": "no"
        },
        {
            "trade_id": "d7dd2acb-0e5b-4f01-a3f5-98e0f5a94ea5",
            "ticker": "KXHIGHMIA-25MAR04-B75.5",
            "count": 54,
            "created_time": "2025-03-04T06:03:20.581414Z",
            "yes_price": 3,
            "no_price": 97,
            "taker_side": "no"
        },
        {
            "trade_id": "f85c3fed-2455-4e0d-b396-f531b2dfc8a7",
            "ticker": "KXHIGHMIA-25MAR04-B75.5",
            "count": 31,
            "created_time": "2025-03-04T05:46:27.960881Z",
            "yes_price": 3,
            "no_price": 97,
            "taker_side": "no"
        },
        {
            "trade_id": "c24561fb-88e0-4b6d-8d90-55091fe2d57d",
            "ticker": "KXHIGHMIA-25MAR04-B75.5",
            "count": 5,
            "created_time": "2025-03-04T05:42:22.011689Z",
            "yes_price": 3,
            "no_price": 97,
            "taker_side": "no"
        },
        {
            "trade_id": "66c34cc5-4baa-43f6-be2e-4ef35c1024fa",
            "ticker": "KXHIGHMIA-25MAR04-B75.5",
            "count": 7,
            "created_time": "2025-03-04T05:24:18.853929Z",
            "yes_price": 3,
            "no_price": 97,
            "taker_side": "no"
        },
        {
            "trade_id": "d55b6321-d69f-46d8-ae6a-9b0e828186c3",
            "ticker": "KXHIGHMIA-25MAR04-B75.5",
            "count": 1,
            "created_time": "2025-03-04T05:22:16.229135Z",
            "yes_price": 3,
            "no_price": 97,
            "taker_side": "no"
        },
        {
            "trade_id": "65575fef-7a6e-4abc-97de-648c8b501e7c",
            "ticker": "KXHIGHMIA-25MAR04-B75.5",
            "count": 7,
            "created_time": "2025-03-04T05:21:23.289146Z",
            "yes_price": 3,
            "no_price": 97,
            "taker_side": "no"
        },
        {
            "trade_id": "4c13e34b-a9fb-48b2-bcae-e131d30ab430",
            "ticker": "KXHIGHMIA-25MAR04-B75.5",
            "count": 7,
            "created_time": "2025-03-04T05:18:22.409558Z",
            "yes_price": 3,
            "no_price": 97,
            "taker_side": "no"
        },
        {
            "trade_id": "bf3dd37b-dba8-471a-9e42-d588230d12cb",
            "ticker": "KXHIGHMIA-25MAR04-B75.5",
            "count": 10,
            "created_time": "2025-03-04T05:13:01.7087Z",
            "yes_price": 4,
            "no_price": 96,
            "taker_side": "yes"
        },
        {
            "trade_id": "ab9d2caf-4c8e-4774-b94c-78c1b251f0a3",
            "ticker": "KXHIGHMIA-25MAR04-B75.5",
            "count": 55,
            "created_time": "2025-03-04T04:43:16.404066Z",
            "yes_price": 4,
            "no_price": 96,
            "taker_side": "yes"
        },
        {
            "trade_id": "5e73add7-552b-42ec-8668-985bc759a410",
            "ticker": "KXHIGHMIA-25MAR04-B75.5",
            "count": 31,
            "created_time": "2025-03-04T04:43:16.404066Z",
            "yes_price": 4,
            "no_price": 96,
            "taker_side": "yes"
        },
        {
            "trade_id": "432acf0e-47c3-479a-bb6e-8b6137c51e4f",
            "ticker": "KXHIGHMIA-25MAR04-B75.5",
            "count": 1,
            "created_time": "2025-03-04T04:43:16.404066Z",
            "yes_price": 4,
            "no_price": 96,
            "taker_side": "yes"
        },
        {
            "trade_id": "79fb064f-ff13-4c5f-a310-dd067acd1303",
            "ticker": "KXHIGHMIA-25MAR04-B75.5",
            "count": 118,
            "created_time": "2025-03-04T03:53:16.837525Z",
            "yes_price": 5,
            "no_price": 95,
            "taker_side": "yes"
        },
        {
            "trade_id": "9fe1a063-f7e6-40c5-aa74-b26a04ff9d6f",
            "ticker": "KXHIGHMIA-25MAR04-B75.5",
            "count": 22,
            "created_time": "2025-03-04T03:52:45.979673Z",
            "yes_price": 4,
            "no_price": 96,
            "taker_side": "yes"
        },
        {
            "trade_id": "424097cc-ff0b-48f4-8774-b8a5216062f8",
            "ticker": "KXHIGHMIA-25MAR04-B75.5",
            "count": 19,
            "created_time": "2025-03-04T03:52:45.979673Z",
            "yes_price": 4,
            "no_price": 96,
            "taker_side": "yes"
        },
        {
            "trade_id": "3dc3296e-fd23-4cdd-bfe9-b845c31a2882",
            "ticker": "KXHIGHMIA-25MAR04-B75.5",
            "count": 50,
            "created_time": "2025-03-04T03:52:45.979673Z",
            "yes_price": 4,
            "no_price": 96,
            "taker_side": "yes"
        },
        {
            "trade_id": "1684cee1-ed8d-48a1-9128-cba0295b0597",
            "ticker": "KXHIGHMIA-25MAR04-B75.5",
            "count": 56,
            "created_time": "2025-03-04T03:52:45.979673Z",
            "yes_price": 4,
            "no_price": 96,
            "taker_side": "yes"
        },
        {
            "trade_id": "54f5cfe1-6aee-4b1f-8e3d-d6990315dec3",
            "ticker": "KXHIGHMIA-25MAR04-B75.5",
            "count": 113,
            "created_time": "2025-03-04T03:23:42.702245Z",
            "yes_price": 3,
            "no_price": 97,
            "taker_side": "no"
        },
        {
            "trade_id": "fa79ec41-d620-481f-b470-dd14419ad77d",
            "ticker": "KXHIGHMIA-25MAR04-B75.5",
            "count": 2,
            "created_time": "2025-03-04T03:14:12.159133Z",
            "yes_price": 4,
            "no_price": 96,
            "taker_side": "yes"
        },
        {
            "trade_id": "b8fc032d-bcad-4d48-bfae-d9f56157d101",
            "ticker": "KXHIGHMIA-25MAR04-B75.5",
            "count": 19,
            "created_time": "2025-03-04T03:14:12.159133Z",
            "yes_price": 4,
            "no_price": 96,
            "taker_side": "yes"
        },
        {
            "trade_id": "a757a3ed-b77c-4fa5-ab06-9104e71f55d3",
            "ticker": "KXHIGHMIA-25MAR04-B75.5",
            "count": 3,
            "created_time": "2025-03-04T03:14:12.159133Z",
            "yes_price": 4,
            "no_price": 96,
            "taker_side": "yes"
        },
        {
            "trade_id": "7272984e-e59d-4084-a632-5b389875d242",
            "ticker": "KXHIGHMIA-25MAR04-B75.5",
            "count": 44,
            "created_time": "2025-03-04T03:14:12.159133Z",
            "yes_price": 4,
            "no_price": 96,
            "taker_side": "yes"
        },
        {
            "trade_id": "2cb9d51c-3613-4b84-ae53-62ea832de64c",
            "ticker": "KXHIGHMIA-25MAR04-B75.5",
            "count": 25,
            "created_time": "2025-03-04T03:14:12.159133Z",
            "yes_price": 4,
            "no_price": 96,
            "taker_side": "yes"
        },
        {
            "trade_id": "1b00a3d6-004f-4235-ab8e-c1842ae03533",
            "ticker": "KXHIGHMIA-25MAR04-B75.5",
            "count": 25,
            "created_time": "2025-03-04T03:09:12.575498Z",
            "yes_price": 3,
            "no_price": 97,
            "taker_side": "no"
        },
        {
            "trade_id": "66b41e35-47fd-4e4c-9fb7-320db2664745",
            "ticker": "KXHIGHMIA-25MAR04-B75.5",
            "count": 25,
            "created_time": "2025-03-04T03:06:17.69283Z",
            "yes_price": 3,
            "no_price": 97,
            "taker_side": "no"
        },
        {
            "trade_id": "47145342-a08a-4021-a0b0-bd04a23f0281",
            "ticker": "KXHIGHMIA-25MAR04-B75.5",
            "count": 25,
            "created_time": "2025-03-04T01:06:21.656729Z",
            "yes_price": 3,
            "no_price": 97,
            "taker_side": "no"
        },
        {
            "trade_id": "64015e91-24fd-4bbd-8251-2ae728324bee",
            "ticker": "KXHIGHMIA-25MAR04-B75.5",
            "count": 49,
            "created_time": "2025-03-03T22:23:58.604224Z",
            "yes_price": 3,
            "no_price": 97,
            "taker_side": "no"
        },
        {
            "trade_id": "c851422c-0f53-4e27-8873-af97d74d45c8",
            "ticker": "KXHIGHMIA-25MAR04-B75.5",
            "count": 2,
            "created_time": "2025-03-03T22:13:17.890315Z",
            "yes_price": 4,
            "no_price": 96,
            "taker_side": "yes"
        },
        {
            "trade_id": "7986c243-7760-454c-8a24-593e674923c0",
            "ticker": "KXHIGHMIA-25MAR04-B75.5",
            "count": 50,
            "created_time": "2025-03-03T22:13:17.102323Z",
            "yes_price": 3,
            "no_price": 97,
            "taker_side": "no"
        },
        {
            "trade_id": "c18db839-97a0-4886-b012-00110693f447",
            "ticker": "KXHIGHMIA-25MAR04-B75.5",
            "count": 62,
            "created_time": "2025-03-03T20:39:06.978123Z",
            "yes_price": 3,
            "no_price": 97,
            "taker_side": "no"
        },
        {
            "trade_id": "c1639e3f-431c-4e57-844f-6f603d0dc177",
            "ticker": "KXHIGHMIA-25MAR04-B75.5",
            "count": 12,
            "created_time": "2025-03-03T20:39:06.122413Z",
            "yes_price": 3,
            "no_price": 97,
            "taker_side": "no"
        },
        {
            "trade_id": "c9101f6c-6c15-42ba-82c2-32e7157ffb21",
            "ticker": "KXHIGHMIA-25MAR04-B75.5",
            "count": 59,
            "created_time": "2025-03-03T17:30:24.741486Z",
            "yes_price": 4,
            "no_price": 96,
            "taker_side": "no"
        },
        {
            "trade_id": "dc7ab895-5a33-465e-901c-bd24a5e0160c",
            "ticker": "KXHIGHMIA-25MAR04-B75.5",
            "count": 52,
            "created_time": "2025-03-03T17:27:25.660247Z",
            "yes_price": 4,
            "no_price": 96,
            "taker_side": "no"
        },
        {
            "trade_id": "74deb5cb-dc91-4fb0-8afc-44549843eb58",
            "ticker": "KXHIGHMIA-25MAR04-B75.5",
            "count": 41,
            "created_time": "2025-03-03T17:24:26.018423Z",
            "yes_price": 4,
            "no_price": 96,
            "taker_side": "no"
        },
        {
            "trade_id": "ea54cc2d-1856-4b35-bb82-0a9d6715e72a",
            "ticker": "KXHIGHMIA-25MAR04-B75.5",
            "count": 41,
            "created_time": "2025-03-03T17:21:26.163525Z",
            "yes_price": 4,
            "no_price": 96,
            "taker_side": "no"
        },
        {
            "trade_id": "6c8022a3-ccb1-41df-abf3-445fd672d87f",
            "ticker": "KXHIGHMIA-25MAR04-B75.5",
            "count": 2,
            "created_time": "2025-03-03T17:20:06.26578Z",
            "yes_price": 4,
            "no_price": 96,
            "taker_side": "no"
        },
        {
            "trade_id": "f663e65f-afcb-4ba6-9b04-77da0dd8433f",
            "ticker": "KXHIGHMIA-25MAR04-B75.5",
            "count": 41,
            "created_time": "2025-03-03T17:18:24.260861Z",
            "yes_price": 4,
            "no_price": 96,
            "taker_side": "no"
        },
        {
            "trade_id": "722df212-da72-41c0-99bc-0d02c65fc5cf",
            "ticker": "KXHIGHMIA-25MAR04-B75.5",
            "count": 1,
            "created_time": "2025-03-03T17:16:58.48104Z",
            "yes_price": 4,
            "no_price": 96,
            "taker_side": "no"
        },
        {
            "trade_id": "5eab1c3d-aa46-4037-82d2-7aceb9dba541",
            "ticker": "KXHIGHMIA-25MAR04-B75.5",
            "count": 41,
            "created_time": "2025-03-03T17:15:34.057239Z",
            "yes_price": 4,
            "no_price": 96,
            "taker_side": "no"
        },
        {
            "trade_id": "48e1937b-0783-4ec6-b01e-8e23712eafe5",
            "ticker": "KXHIGHMIA-25MAR04-B75.5",
            "count": 1,
            "created_time": "2025-03-03T17:13:56.150513Z",
            "yes_price": 4,
            "no_price": 96,
            "taker_side": "no"
        },
        {
            "trade_id": "ce541ccb-4ae5-44f0-b434-72929d0e830f",
            "ticker": "KXHIGHMIA-25MAR04-B75.5",
            "count": 1,
            "created_time": "2025-03-03T17:13:33.750168Z",
            "yes_price": 4,
            "no_price": 96,
            "taker_side": "no"
        },
        {
            "trade_id": "bf0cb473-bda1-469e-bd6b-efc4f219ae6d",
            "ticker": "KXHIGHMIA-25MAR04-B75.5",
            "count": 1,
            "created_time": "2025-03-03T17:12:52.414861Z",
            "yes_price": 4,
            "no_price": 96,
            "taker_side": "no"
        },
        {
            "trade_id": "453d5f9c-33a4-4664-837c-bcb6bc7e862e",
            "ticker": "KXHIGHMIA-25MAR04-B75.5",
            "count": 23,
            "created_time": "2025-03-03T17:12:25.420561Z",
            "yes_price": 4,
            "no_price": 96,
            "taker_side": "no"
        },
        {
            "trade_id": "d666f577-dc2d-4641-8d8b-f561d845a465",
            "ticker": "KXHIGHMIA-25MAR04-B75.5",
            "count": 115,
            "created_time": "2025-03-03T15:52:24.57037Z",
            "yes_price": 5,
            "no_price": 95,
            "taker_side": "yes"
        },
        {
            "trade_id": "7fcde431-c8be-4da3-8ea2-716410bbe4de",
            "ticker": "KXHIGHMIA-25MAR04-B75.5",
            "count": 81,
            "created_time": "2025-03-03T15:30:42.649626Z",
            "yes_price": 5,
            "no_price": 95,
            "taker_side": "yes"
        }
    ],
    "KXHIGHMIA-25MAR04-B77.5": [
        {
            "trade_id": "66e9f0e6-cd6a-4d71-9e00-b5af1edb7fdf",
            "ticker": "KXHIGHMIA-25MAR04-B77.5",
            "count": 5,
            "created_time": "2025-03-04T21:40:36.289978Z",
            "yes_price": 1,
            "no_price": 99,
            "taker_side": "yes"
        },
        {
            "trade_id": "3fbb6a3a-44ad-4fd8-ba61-a04076495913",
            "ticker": "KXHIGHMIA-25MAR04-B77.5",
            "count": 2,
            "created_time": "2025-03-04T21:17:57.753541Z",
            "yes_price": 1,
            "no_price": 99,
            "taker_side": "yes"
        },
        {
            "trade_id": "625c983a-2298-4367-8933-14233cd7ea3b",
            "ticker": "KXHIGHMIA-25MAR04-B77.5",
            "count": 271,
            "created_time": "2025-03-04T19:30:48.726609Z",
            "yes_price": 1,
            "no_price": 99,
            "taker_side": "yes"
        },
        {
            "trade_id": "afbd36ef-8a27-450b-8515-b885424ff647",
            "ticker": "KXHIGHMIA-25MAR04-B77.5",
            "count": 197,
            "created_time": "2025-03-04T19:27:57.648714Z",
            "yes_price": 1,
            "no_price": 99,
            "taker_side": "yes"
        },
        {
            "trade_id": "fc00e02f-89c8-423c-9353-90739cf72a4f",
            "ticker": "KXHIGHMIA-25MAR04-B77.5",
            "count": 483,
            "created_time": "2025-03-04T18:47:16.751259Z",
            "yes_price": 1,
            "no_price": 99,
            "taker_side": "yes"
        },
        {
            "trade_id": "271a7d4a-3b0a-4af1-87b6-0137a07a9faa",
            "ticker": "KXHIGHMIA-25MAR04-B77.5",
            "count": 1159,
            "created_time": "2025-03-04T18:33:17.678066Z",
            "yes_price": 1,
            "no_price": 99,
            "taker_side": "yes"
        },
        {
            "trade_id": "de48ce28-5f80-4367-addc-8f0c922880f8",
            "ticker": "KXHIGHMIA-25MAR04-B77.5",
            "count": 116,
            "created_time": "2025-03-04T18:22:43.695974Z",
            "yes_price": 1,
            "no_price": 99,
            "taker_side": "yes"
        },
        {
            "trade_id": "7b96b1ae-6c5d-4e36-8906-9dad03ea9bd5",
            "ticker": "KXHIGHMIA-25MAR04-B77.5",
            "count": 37,
            "created_time": "2025-03-04T18:15:49.884319Z",
            "yes_price": 1,
            "no_price": 99,
            "taker_side": "yes"
        },
        {
            "trade_id": "0bcd0721-a92f-49eb-92cf-b0c60bdf8257",
            "ticker": "KXHIGHMIA-25MAR04-B77.5",
            "count": 300,
            "created_time": "2025-03-04T18:03:18.134929Z",
            "yes_price": 1,
            "no_price": 99,
            "taker_side": "yes"
        },
        {
            "trade_id": "d1aa2543-0d5f-46fd-ab57-70a588dab940",
            "ticker": "KXHIGHMIA-25MAR04-B77.5",
            "count": 100,
            "created_time": "2025-03-04T17:57:32.811202Z",
            "yes_price": 1,
            "no_price": 99,
            "taker_side": "yes"
        },
        {
            "trade_id": "7d0fd305-1c44-410a-bd1b-7712c4a93a93",
            "ticker": "KXHIGHMIA-25MAR04-B77.5",
            "count": 85,
            "created_time": "2025-03-04T17:52:58.336206Z",
            "yes_price": 1,
            "no_price": 99,
            "taker_side": "yes"
        },
        {
            "trade_id": "33710470-d57f-4f82-b005-f36b79fcba1e",
            "ticker": "KXHIGHMIA-25MAR04-B77.5",
            "count": 966,
            "created_time": "2025-03-04T17:43:46.052067Z",
            "yes_price": 1,
            "no_price": 99,
            "taker_side": "yes"
        },
        {
            "trade_id": "ac38961a-4c62-475e-86f2-4dd15f0666d3",
            "ticker": "KXHIGHMIA-25MAR04-B77.5",
            "count": 2165,
            "created_time": "2025-03-04T17:43:28.323261Z",
            "yes_price": 1,
            "no_price": 99,
            "taker_side": "yes"
        },
        {
            "trade_id": "e1c829ae-7705-459f-9267-e612b80f3436",
            "ticker": "KXHIGHMIA-25MAR04-B77.5",
            "count": 96,
            "created_time": "2025-03-04T17:11:52.260111Z",
            "yes_price": 1,
            "no_price": 99,
            "taker_side": "yes"
        },
        {
            "trade_id": "b655f9d4-d15a-48ee-8d9e-139f40531061",
            "ticker": "KXHIGHMIA-25MAR04-B77.5",
            "count": 483,
            "created_time": "2025-03-04T17:05:32.539368Z",
            "yes_price": 1,
            "no_price": 99,
            "taker_side": "yes"
        },
        {
            "trade_id": "e62ba20e-910a-472d-902b-ae9dc34ad82c",
            "ticker": "KXHIGHMIA-25MAR04-B77.5",
            "count": 483,
            "created_time": "2025-03-04T17:05:01.67512Z",
            "yes_price": 1,
            "no_price": 99,
            "taker_side": "yes"
        },
        {
            "trade_id": "125e28cb-df55-4ae6-ab02-3fd03d8ef8c3",
            "ticker": "KXHIGHMIA-25MAR04-B77.5",
            "count": 40,
            "created_time": "2025-03-04T17:04:34.4078Z",
            "yes_price": 1,
            "no_price": 99,
            "taker_side": "yes"
        },
        {
            "trade_id": "510d8e5d-0e9c-432d-8295-23fd5f8b53fd",
            "ticker": "KXHIGHMIA-25MAR04-B77.5",
            "count": 966,
            "created_time": "2025-03-04T16:51:53.218995Z",
            "yes_price": 1,
            "no_price": 99,
            "taker_side": "yes"
        },
        {
            "trade_id": "61932b31-835d-49bc-a4fa-81ee62ce8152",
            "ticker": "KXHIGHMIA-25MAR04-B77.5",
            "count": 141,
            "created_time": "2025-03-04T16:48:50.398669Z",
            "yes_price": 1,
            "no_price": 99,
            "taker_side": "yes"
        },
        {
            "trade_id": "1108e0f0-ae16-4f98-b83c-0b595496d36b",
            "ticker": "KXHIGHMIA-25MAR04-B77.5",
            "count": 11,
            "created_time": "2025-03-04T16:47:09.532246Z",
            "yes_price": 1,
            "no_price": 99,
            "taker_side": "yes"
        },
        {
            "trade_id": "ad1fa91f-add8-427b-9661-3cb7d6ba0e87",
            "ticker": "KXHIGHMIA-25MAR04-B77.5",
            "count": 100,
            "created_time": "2025-03-04T16:47:09.39015Z",
            "yes_price": 8,
            "no_price": 92,
            "taker_side": "no"
        },
        {
            "trade_id": "964f6444-6c3a-44b5-89af-9038f14f439e",
            "ticker": "KXHIGHMIA-25MAR04-B77.5",
            "count": 60,
            "created_time": "2025-03-04T16:47:09.39015Z",
            "yes_price": 9,
            "no_price": 91,
            "taker_side": "no"
        },
        {
            "trade_id": "88b337fc-0ebf-4a2c-ba07-c1a3ee311d9c",
            "ticker": "KXHIGHMIA-25MAR04-B77.5",
            "count": 150,
            "created_time": "2025-03-04T16:47:09.39015Z",
            "yes_price": 1,
            "no_price": 99,
            "taker_side": "no"
        },
        {
            "trade_id": "6ef5034f-8f71-4173-85a9-efe93a1ed1fa",
            "ticker": "KXHIGHMIA-25MAR04-B77.5",
            "count": 11,
            "created_time": "2025-03-04T16:47:09.39015Z",
            "yes_price": 3,
            "no_price": 97,
            "taker_side": "no"
        },
        {
            "trade_id": "6b85e6ae-032f-4216-827a-860b3db52ee6",
            "ticker": "KXHIGHMIA-25MAR04-B77.5",
            "count": 99,
            "created_time": "2025-03-04T16:47:09.39015Z",
            "yes_price": 6,
            "no_price": 94,
            "taker_side": "no"
        },
        {
            "trade_id": "5e36fb7d-5b50-4ea0-af89-aa0641a4d758",
            "ticker": "KXHIGHMIA-25MAR04-B77.5",
            "count": 50,
            "created_time": "2025-03-04T16:47:09.39015Z",
            "yes_price": 2,
            "no_price": 98,
            "taker_side": "no"
        },
        {
            "trade_id": "5d580d82-0d1f-4b80-88a7-b9143a769188",
            "ticker": "KXHIGHMIA-25MAR04-B77.5",
            "count": 200,
            "created_time": "2025-03-04T16:47:09.39015Z",
            "yes_price": 1,
            "no_price": 99,
            "taker_side": "no"
        },
        {
            "trade_id": "4479b513-4c64-40e1-bf89-b348e66b9075",
            "ticker": "KXHIGHMIA-25MAR04-B77.5",
            "count": 18,
            "created_time": "2025-03-04T16:47:09.39015Z",
            "yes_price": 1,
            "no_price": 99,
            "taker_side": "no"
        },
        {
            "trade_id": "3cfb70f9-7979-45d8-8eaa-c15c1f1dfb3a",
            "ticker": "KXHIGHMIA-25MAR04-B77.5",
            "count": 280,
            "created_time": "2025-03-04T16:47:09.39015Z",
            "yes_price": 5,
            "no_price": 95,
            "taker_side": "no"
        },
        {
            "trade_id": "11fd4646-db07-4202-b119-284de0de1dab",
            "ticker": "KXHIGHMIA-25MAR04-B77.5",
            "count": 30,
            "created_time": "2025-03-04T16:47:09.39015Z",
            "yes_price": 3,
            "no_price": 97,
            "taker_side": "no"
        },
        {
            "trade_id": "bcd49322-4e8a-4a30-819b-c7805684e3c0",
            "ticker": "KXHIGHMIA-25MAR04-B77.5",
            "count": 75,
            "created_time": "2025-03-04T16:40:55.790463Z",
            "yes_price": 9,
            "no_price": 91,
            "taker_side": "no"
        },
        {
            "trade_id": "74a38cbf-ea4d-49ea-b9f6-ed6997f7dccc",
            "ticker": "KXHIGHMIA-25MAR04-B77.5",
            "count": 16,
            "created_time": "2025-03-04T16:40:55.790463Z",
            "yes_price": 7,
            "no_price": 93,
            "taker_side": "no"
        },
        {
            "trade_id": "4d0e0379-d811-454c-ae9c-fd00e5d288f2",
            "ticker": "KXHIGHMIA-25MAR04-B77.5",
            "count": 50,
            "created_time": "2025-03-04T16:40:55.790463Z",
            "yes_price": 10,
            "no_price": 90,
            "taker_side": "no"
        },
        {
            "trade_id": "9719e10f-2e36-4785-a582-5bdb09d71e63",
            "ticker": "KXHIGHMIA-25MAR04-B77.5",
            "count": 107,
            "created_time": "2025-03-04T16:40:39.686004Z",
            "yes_price": 15,
            "no_price": 85,
            "taker_side": "yes"
        },
        {
            "trade_id": "f7c8a847-5618-45db-b972-f63f7953184b",
            "ticker": "KXHIGHMIA-25MAR04-B77.5",
            "count": 20,
            "created_time": "2025-03-04T16:40:16.182572Z",
            "yes_price": 13,
            "no_price": 87,
            "taker_side": "yes"
        },
        {
            "trade_id": "5e7adbcf-1f81-4ebe-a1bb-fb73ed5ee4c3",
            "ticker": "KXHIGHMIA-25MAR04-B77.5",
            "count": 281,
            "created_time": "2025-03-04T16:40:16.182572Z",
            "yes_price": 14,
            "no_price": 86,
            "taker_side": "yes"
        },
        {
            "trade_id": "397e5b19-1e15-4090-9427-649bb0da218e",
            "ticker": "KXHIGHMIA-25MAR04-B77.5",
            "count": 50,
            "created_time": "2025-03-04T16:40:16.182572Z",
            "yes_price": 13,
            "no_price": 87,
            "taker_side": "yes"
        },
        {
            "trade_id": "4ed3a4e9-3a86-4d96-8153-3d0c39624ec7",
            "ticker": "KXHIGHMIA-25MAR04-B77.5",
            "count": 3,
            "created_time": "2025-03-04T16:19:11.771978Z",
            "yes_price": 10,
            "no_price": 90,
            "taker_side": "yes"
        },
        {
            "trade_id": "fa41a28a-d729-4b85-9e37-c7f502677763",
            "ticker": "KXHIGHMIA-25MAR04-B77.5",
            "count": 32,
            "created_time": "2025-03-04T16:17:51.700937Z",
            "yes_price": 10,
            "no_price": 90,
            "taker_side": "yes"
        },
        {
            "trade_id": "d0d36a19-92dc-4e69-aeb0-42bdde3b7962",
            "ticker": "KXHIGHMIA-25MAR04-B77.5",
            "count": 18,
            "created_time": "2025-03-04T16:17:51.700937Z",
            "yes_price": 9,
            "no_price": 91,
            "taker_side": "yes"
        },
        {
            "trade_id": "79176bc4-b8be-49de-beae-30156983ea33",
            "ticker": "KXHIGHMIA-25MAR04-B77.5",
            "count": 95,
            "created_time": "2025-03-04T16:17:51.700937Z",
            "yes_price": 11,
            "no_price": 89,
            "taker_side": "yes"
        },
        {
            "trade_id": "0d4c1f71-5b6e-42e9-afee-0f54439470f0",
            "ticker": "KXHIGHMIA-25MAR04-B77.5",
            "count": 50,
            "created_time": "2025-03-04T16:17:51.700937Z",
            "yes_price": 8,
            "no_price": 92,
            "taker_side": "yes"
        },
        {
            "trade_id": "d7ab72ef-8674-4527-b332-edf1ca331d25",
            "ticker": "KXHIGHMIA-25MAR04-B77.5",
            "count": 50,
            "created_time": "2025-03-04T16:11:42.386471Z",
            "yes_price": 7,
            "no_price": 93,
            "taker_side": "yes"
        },
        {
            "trade_id": "52598f0a-7868-42ba-bb2b-25014586799d",
            "ticker": "KXHIGHMIA-25MAR04-B77.5",
            "count": 50,
            "created_time": "2025-03-04T16:11:42.386471Z",
            "yes_price": 7,
            "no_price": 93,
            "taker_side": "yes"
        },
        {
            "trade_id": "6338ea11-01d9-442d-b852-59ee89503bfd",
            "ticker": "KXHIGHMIA-25MAR04-B77.5",
            "count": 9,
            "created_time": "2025-03-04T16:06:40.868846Z",
            "yes_price": 4,
            "no_price": 96,
            "taker_side": "yes"
        },
        {
            "trade_id": "dd85a684-6908-4452-a098-53714ca64d32",
            "ticker": "KXHIGHMIA-25MAR04-B77.5",
            "count": 15,
            "created_time": "2025-03-04T16:05:20.121402Z",
            "yes_price": 4,
            "no_price": 96,
            "taker_side": "yes"
        },
        {
            "trade_id": "1dd2152e-8316-48b5-8a34-3fb2060feb25",
            "ticker": "KXHIGHMIA-25MAR04-B77.5",
            "count": 20,
            "created_time": "2025-03-04T15:59:52.402556Z",
            "yes_price": 2,
            "no_price": 98,
            "taker_side": "no"
        },
        {
            "trade_id": "b403f7e1-2c69-45a2-985a-97756c3f0666",
            "ticker": "KXHIGHMIA-25MAR04-B77.5",
            "count": 50,
            "created_time": "2025-03-04T15:59:41.603344Z",
            "yes_price": 3,
            "no_price": 97,
            "taker_side": "yes"
        },
        {
            "trade_id": "0d82a884-2d35-40e1-9f1c-12280fc8eced",
            "ticker": "KXHIGHMIA-25MAR04-B77.5",
            "count": 83,
            "created_time": "2025-03-04T15:59:41.603344Z",
            "yes_price": 4,
            "no_price": 96,
            "taker_side": "yes"
        },
        {
            "trade_id": "8632d349-f834-45c9-bba7-36e898a4a040",
            "ticker": "KXHIGHMIA-25MAR04-B77.5",
            "count": 10,
            "created_time": "2025-03-04T15:52:52.437511Z",
            "yes_price": 3,
            "no_price": 97,
            "taker_side": "no"
        },
        {
            "trade_id": "e67a9b49-ab74-44a5-b390-f1854af13240",
            "ticker": "KXHIGHMIA-25MAR04-B77.5",
            "count": 171,
            "created_time": "2025-03-04T15:50:22.701525Z",
            "yes_price": 5,
            "no_price": 95,
            "taker_side": "yes"
        },
        {
            "trade_id": "5036cd77-a7a1-47c8-9c1e-af49a8c9b456",
            "ticker": "KXHIGHMIA-25MAR04-B77.5",
            "count": 50,
            "created_time": "2025-03-04T15:50:22.701525Z",
            "yes_price": 4,
            "no_price": 96,
            "taker_side": "yes"
        },
        {
            "trade_id": "e1638192-e64a-4ee3-8c58-88587cf36d2c",
            "ticker": "KXHIGHMIA-25MAR04-B77.5",
            "count": 50,
            "created_time": "2025-03-04T15:49:33.421652Z",
            "yes_price": 5,
            "no_price": 95,
            "taker_side": "no"
        },
        {
            "trade_id": "dcc3b587-dd1f-42b0-86b6-cc1fc25623a6",
            "ticker": "KXHIGHMIA-25MAR04-B77.5",
            "count": 50,
            "created_time": "2025-03-04T15:49:33.421652Z",
            "yes_price": 5,
            "no_price": 95,
            "taker_side": "no"
        },
        {
            "trade_id": "45943ba9-df97-4b73-a467-dd040f3df04b",
            "ticker": "KXHIGHMIA-25MAR04-B77.5",
            "count": 50,
            "created_time": "2025-03-04T15:46:39.19003Z",
            "yes_price": 6,
            "no_price": 94,
            "taker_side": "no"
        },
        {
            "trade_id": "3f2a9345-5eff-4b43-9806-73d1eb385ee4",
            "ticker": "KXHIGHMIA-25MAR04-B77.5",
            "count": 50,
            "created_time": "2025-03-04T15:46:39.19003Z",
            "yes_price": 5,
            "no_price": 95,
            "taker_side": "no"
        },
        {
            "trade_id": "d2481456-19fc-4de1-b26c-2be3bdf28379",
            "ticker": "KXHIGHMIA-25MAR04-B77.5",
            "count": 5,
            "created_time": "2025-03-04T15:29:24.274255Z",
            "yes_price": 4,
            "no_price": 96,
            "taker_side": "no"
        },
        {
            "trade_id": "70c4abf1-598b-46a7-9cc6-ceed80dad3f8",
            "ticker": "KXHIGHMIA-25MAR04-B77.5",
            "count": 8,
            "created_time": "2025-03-04T15:25:27.894404Z",
            "yes_price": 5,
            "no_price": 95,
            "taker_side": "no"
        },
        {
            "trade_id": "635ad198-d38f-4a8e-aa08-ab6ea7608943",
            "ticker": "KXHIGHMIA-25MAR04-B77.5",
            "count": 32,
            "created_time": "2025-03-04T15:25:27.894404Z",
            "yes_price": 5,
            "no_price": 95,
            "taker_side": "no"
        },
        {
            "trade_id": "edd5872f-ecca-4334-9ac3-4a2b06bc6d1c",
            "ticker": "KXHIGHMIA-25MAR04-B77.5",
            "count": 60,
            "created_time": "2025-03-04T15:23:01.052478Z",
            "yes_price": 6,
            "no_price": 94,
            "taker_side": "no"
        },
        {
            "trade_id": "2904df3e-e97a-4e65-a011-aec9f75772a7",
            "ticker": "KXHIGHMIA-25MAR04-B77.5",
            "count": 50,
            "created_time": "2025-03-04T15:23:01.052478Z",
            "yes_price": 6,
            "no_price": 94,
            "taker_side": "no"
        },
        {
            "trade_id": "0bc23f3a-4a34-4cea-96d4-b698c791d4d2",
            "ticker": "KXHIGHMIA-25MAR04-B77.5",
            "count": 7,
            "created_time": "2025-03-04T15:19:38.565709Z",
            "yes_price": 17,
            "no_price": 83,
            "taker_side": "yes"
        },
        {
            "trade_id": "c202eb68-a49d-4738-a795-bebc501e9963",
            "ticker": "KXHIGHMIA-25MAR04-B77.5",
            "count": 93,
            "created_time": "2025-03-04T15:14:56.761355Z",
            "yes_price": 9,
            "no_price": 91,
            "taker_side": "yes"
        },
        {
            "trade_id": "14b8fec6-56d9-42b5-81ee-eaf0890dae26",
            "ticker": "KXHIGHMIA-25MAR04-B77.5",
            "count": 50,
            "created_time": "2025-03-04T15:14:56.761355Z",
            "yes_price": 10,
            "no_price": 90,
            "taker_side": "yes"
        },
        {
            "trade_id": "da1283ef-a867-473e-b22a-6637c52935e9",
            "ticker": "KXHIGHMIA-25MAR04-B77.5",
            "count": 11,
            "created_time": "2025-03-04T15:13:05.25183Z",
            "yes_price": 6,
            "no_price": 94,
            "taker_side": "yes"
        },
        {
            "trade_id": "a8aaf93b-e46d-4ab9-9703-9d02c479e44c",
            "ticker": "KXHIGHMIA-25MAR04-B77.5",
            "count": 50,
            "created_time": "2025-03-04T15:13:05.25183Z",
            "yes_price": 7,
            "no_price": 93,
            "taker_side": "yes"
        },
        {
            "trade_id": "075a4861-3840-42e8-b618-f7e330b7dbd7",
            "ticker": "KXHIGHMIA-25MAR04-B77.5",
            "count": 7,
            "created_time": "2025-03-04T15:13:05.25183Z",
            "yes_price": 9,
            "no_price": 91,
            "taker_side": "yes"
        },
        {
            "trade_id": "dbfbccfe-5b55-40ae-8ac9-59b205acd824",
            "ticker": "KXHIGHMIA-25MAR04-B77.5",
            "count": 26,
            "created_time": "2025-03-04T15:06:30.186472Z",
            "yes_price": 7,
            "no_price": 93,
            "taker_side": "no"
        },
        {
            "trade_id": "db75a690-690d-40bc-a482-6b277443958b",
            "ticker": "KXHIGHMIA-25MAR04-B77.5",
            "count": 60,
            "created_time": "2025-03-04T15:06:30.186472Z",
            "yes_price": 8,
            "no_price": 92,
            "taker_side": "no"
        },
        {
            "trade_id": "5071f309-1a1a-4c87-ba4c-0ce065d0caf6",
            "ticker": "KXHIGHMIA-25MAR04-B77.5",
            "count": 125,
            "created_time": "2025-03-04T15:00:08.003868Z",
            "yes_price": 8,
            "no_price": 92,
            "taker_side": "no"
        },
        {
            "trade_id": "ce9234d1-ff97-4141-97dc-f26c7f8b957b",
            "ticker": "KXHIGHMIA-25MAR04-B77.5",
            "count": 15,
            "created_time": "2025-03-04T14:55:48.020664Z",
            "yes_price": 8,
            "no_price": 92,
            "taker_side": "no"
        },
        {
            "trade_id": "f75b7c1d-33c4-4844-b6c4-5a1133cd78bc",
            "ticker": "KXHIGHMIA-25MAR04-B77.5",
            "count": 11,
            "created_time": "2025-03-04T14:53:30.783457Z",
            "yes_price": 10,
            "no_price": 90,
            "taker_side": "no"
        },
        {
            "trade_id": "e8804975-216c-42e8-be51-8d6cc8b44f28",
            "ticker": "KXHIGHMIA-25MAR04-B77.5",
            "count": 43,
            "created_time": "2025-03-04T14:53:30.783457Z",
            "yes_price": 9,
            "no_price": 91,
            "taker_side": "no"
        },
        {
            "trade_id": "bfba1897-6a40-4075-8808-756e933649fb",
            "ticker": "KXHIGHMIA-25MAR04-B77.5",
            "count": 2,
            "created_time": "2025-03-04T14:53:30.783457Z",
            "yes_price": 10,
            "no_price": 90,
            "taker_side": "no"
        },
        {
            "trade_id": "89aba26a-4b88-40e7-be08-3df2484c17ee",
            "ticker": "KXHIGHMIA-25MAR04-B77.5",
            "count": 95,
            "created_time": "2025-03-04T14:53:30.783457Z",
            "yes_price": 9,
            "no_price": 91,
            "taker_side": "no"
        },
        {
            "trade_id": "5e02d91b-510e-4685-8ed7-a9f04b63e280",
            "ticker": "KXHIGHMIA-25MAR04-B77.5",
            "count": 20,
            "created_time": "2025-03-04T14:53:30.783457Z",
            "yes_price": 13,
            "no_price": 87,
            "taker_side": "no"
        },
        {
            "trade_id": "5cf18841-b45b-4304-8a89-c82cc737e61e",
            "ticker": "KXHIGHMIA-25MAR04-B77.5",
            "count": 50,
            "created_time": "2025-03-04T14:53:30.783457Z",
            "yes_price": 12,
            "no_price": 88,
            "taker_side": "no"
        },
        {
            "trade_id": "490d4774-2885-491e-95d1-cf85f806eb6e",
            "ticker": "KXHIGHMIA-25MAR04-B77.5",
            "count": 3,
            "created_time": "2025-03-04T14:36:57.717926Z",
            "yes_price": 24,
            "no_price": 76,
            "taker_side": "no"
        },
        {
            "trade_id": "0eeda0b7-e8f1-4cb0-8dec-f453fa3ae187",
            "ticker": "KXHIGHMIA-25MAR04-B77.5",
            "count": 198,
            "created_time": "2025-03-04T14:36:57.717926Z",
            "yes_price": 23,
            "no_price": 77,
            "taker_side": "no"
        },
        {
            "trade_id": "3b3cbd1a-11b1-42c3-b86d-fb46097469f4",
            "ticker": "KXHIGHMIA-25MAR04-B77.5",
            "count": 75,
            "created_time": "2025-03-04T14:13:59.257205Z",
            "yes_price": 25,
            "no_price": 75,
            "taker_side": "yes"
        },
        {
            "trade_id": "65894428-d0f0-4f65-a89b-fcbc1ef3a1bb",
            "ticker": "KXHIGHMIA-25MAR04-B77.5",
            "count": 13,
            "created_time": "2025-03-04T14:09:28.657889Z",
            "yes_price": 24,
            "no_price": 76,
            "taker_side": "no"
        },
        {
            "trade_id": "ade3d9d3-076d-4d24-842f-ca43a1d7904f",
            "ticker": "KXHIGHMIA-25MAR04-B77.5",
            "count": 54,
            "created_time": "2025-03-04T14:09:18.893045Z",
            "yes_price": 27,
            "no_price": 73,
            "taker_side": "yes"
        },
        {
            "trade_id": "8b7762e6-c082-4541-8a08-5badf65121e8",
            "ticker": "KXHIGHMIA-25MAR04-B77.5",
            "count": 50,
            "created_time": "2025-03-04T14:09:18.893045Z",
            "yes_price": 28,
            "no_price": 72,
            "taker_side": "yes"
        },
        {
            "trade_id": "65001727-6662-472e-bb37-4498a45048e4",
            "ticker": "KXHIGHMIA-25MAR04-B77.5",
            "count": 6,
            "created_time": "2025-03-04T14:01:22.466172Z",
            "yes_price": 24,
            "no_price": 76,
            "taker_side": "no"
        },
        {
            "trade_id": "faefb90c-d9da-4787-8c2a-1267fcc689bd",
            "ticker": "KXHIGHMIA-25MAR04-B77.5",
            "count": 1,
            "created_time": "2025-03-04T14:00:59.677998Z",
            "yes_price": 25,
            "no_price": 75,
            "taker_side": "yes"
        },
        {
            "trade_id": "9b8b9291-24d9-4be6-81c5-3edee98f2a10",
            "ticker": "KXHIGHMIA-25MAR04-B77.5",
            "count": 1,
            "created_time": "2025-03-04T14:00:59.677998Z",
            "yes_price": 25,
            "no_price": 75,
            "taker_side": "yes"
        },
        {
            "trade_id": "865772a0-0f70-4fbc-8f3d-03a61ddd91f6",
            "ticker": "KXHIGHMIA-25MAR04-B77.5",
            "count": 1,
            "created_time": "2025-03-04T14:00:59.677998Z",
            "yes_price": 25,
            "no_price": 75,
            "taker_side": "yes"
        },
        {
            "trade_id": "6da55f41-3692-4bc2-852b-892ddc8b3030",
            "ticker": "KXHIGHMIA-25MAR04-B77.5",
            "count": 2,
            "created_time": "2025-03-04T14:00:59.677998Z",
            "yes_price": 25,
            "no_price": 75,
            "taker_side": "yes"
        },
        {
            "trade_id": "1cef3fe8-b1e5-4d22-9694-fdc4b4aeeef5",
            "ticker": "KXHIGHMIA-25MAR04-B77.5",
            "count": 2,
            "created_time": "2025-03-04T14:00:59.677998Z",
            "yes_price": 25,
            "no_price": 75,
            "taker_side": "yes"
        },
        {
            "trade_id": "7ca66a8d-fb55-440f-b4b7-cbe7c27bb598",
            "ticker": "KXHIGHMIA-25MAR04-B77.5",
            "count": 1,
            "created_time": "2025-03-04T14:00:01.59527Z",
            "yes_price": 25,
            "no_price": 75,
            "taker_side": "no"
        },
        {
            "trade_id": "4423fda0-76b9-451c-b707-3aa26b4cbebb",
            "ticker": "KXHIGHMIA-25MAR04-B77.5",
            "count": 3,
            "created_time": "2025-03-04T14:00:01.375566Z",
            "yes_price": 25,
            "no_price": 75,
            "taker_side": "no"
        },
        {
            "trade_id": "a2efad60-128a-43dc-abf4-b83f79ea9e65",
            "ticker": "KXHIGHMIA-25MAR04-B77.5",
            "count": 1,
            "created_time": "2025-03-04T14:00:00.556977Z",
            "yes_price": 32,
            "no_price": 68,
            "taker_side": "yes"
        },
        {
            "trade_id": "2a8d84ee-28d0-4bd6-8427-bf8a27c64c49",
            "ticker": "KXHIGHMIA-25MAR04-B77.5",
            "count": 4,
            "created_time": "2025-03-04T14:00:00.556977Z",
            "yes_price": 37,
            "no_price": 63,
            "taker_side": "yes"
        },
        {
            "trade_id": "0e58c632-7c90-4b79-8414-b3ab881b9080",
            "ticker": "KXHIGHMIA-25MAR04-B77.5",
            "count": 23,
            "created_time": "2025-03-04T14:00:00.556977Z",
            "yes_price": 33,
            "no_price": 67,
            "taker_side": "yes"
        },
        {
            "trade_id": "e3c48495-afb0-4d52-901c-83a583ee18c4",
            "ticker": "KXHIGHMIA-25MAR04-B77.5",
            "count": 2,
            "created_time": "2025-03-04T13:49:18.619487Z",
            "yes_price": 23,
            "no_price": 77,
            "taker_side": "no"
        },
        {
            "trade_id": "c9b55ea4-6d55-499d-b597-b9e3c4d8e4bf",
            "ticker": "KXHIGHMIA-25MAR04-B77.5",
            "count": 24,
            "created_time": "2025-03-04T13:44:11.791511Z",
            "yes_price": 23,
            "no_price": 77,
            "taker_side": "no"
        },
        {
            "trade_id": "1c24b090-f918-4974-aa43-72ebbad095ca",
            "ticker": "KXHIGHMIA-25MAR04-B77.5",
            "count": 855,
            "created_time": "2025-03-04T13:44:11.791511Z",
            "yes_price": 22,
            "no_price": 78,
            "taker_side": "no"
        },
        {
            "trade_id": "2148981a-4bb4-44c2-bffa-09d5784e00c7",
            "ticker": "KXHIGHMIA-25MAR04-B77.5",
            "count": 2,
            "created_time": "2025-03-04T13:38:58.455601Z",
            "yes_price": 23,
            "no_price": 77,
            "taker_side": "no"
        },
        {
            "trade_id": "d06309ef-bed0-41a0-9675-bed15dec8e22",
            "ticker": "KXHIGHMIA-25MAR04-B77.5",
            "count": 8,
            "created_time": "2025-03-04T13:37:43.660797Z",
            "yes_price": 23,
            "no_price": 77,
            "taker_side": "no"
        },
        {
            "trade_id": "5480fa7a-e174-456a-b095-cc2cb5c6e480",
            "ticker": "KXHIGHMIA-25MAR04-B77.5",
            "count": 20,
            "created_time": "2025-03-04T13:37:43.660797Z",
            "yes_price": 24,
            "no_price": 76,
            "taker_side": "no"
        },
        {
            "trade_id": "3222142d-309c-46b2-9052-04bc36d2f53e",
            "ticker": "KXHIGHMIA-25MAR04-B77.5",
            "count": 10,
            "created_time": "2025-03-04T13:37:43.660797Z",
            "yes_price": 22,
            "no_price": 78,
            "taker_side": "no"
        },
        {
            "trade_id": "fdbb6888-5b79-4717-9895-a33469a9b160",
            "ticker": "KXHIGHMIA-25MAR04-B77.5",
            "count": 6,
            "created_time": "2025-03-04T13:36:56.079123Z",
            "yes_price": 28,
            "no_price": 72,
            "taker_side": "yes"
        },
        {
            "trade_id": "ca8b737d-fbfc-4f2a-89dd-52aced74328e",
            "ticker": "KXHIGHMIA-25MAR04-B77.5",
            "count": 4,
            "created_time": "2025-03-04T13:36:56.079123Z",
            "yes_price": 31,
            "no_price": 69,
            "taker_side": "yes"
        },
        {
            "trade_id": "be543133-d611-48c0-8fc7-a2a9644d8978",
            "ticker": "KXHIGHMIA-25MAR04-B77.5",
            "count": 50,
            "created_time": "2025-03-04T13:36:56.079123Z",
            "yes_price": 32,
            "no_price": 68,
            "taker_side": "yes"
        },
        {
            "trade_id": "6272d024-fe5f-48fd-8183-b8f5de4d0ce2",
            "ticker": "KXHIGHMIA-25MAR04-B77.5",
            "count": 11,
            "created_time": "2025-03-04T13:36:56.079123Z",
            "yes_price": 37,
            "no_price": 63,
            "taker_side": "yes"
        },
        {
            "trade_id": "62564a84-bb14-48bc-a3f5-a6e32ef5bb71",
            "ticker": "KXHIGHMIA-25MAR04-B77.5",
            "count": 3,
            "created_time": "2025-03-04T13:36:56.079123Z",
            "yes_price": 38,
            "no_price": 62,
            "taker_side": "yes"
        },
        {
            "trade_id": "5abf0fd4-0fbe-4efc-8290-167f9ca20a4e",
            "ticker": "KXHIGHMIA-25MAR04-B77.5",
            "count": 14,
            "created_time": "2025-03-04T13:36:56.079123Z",
            "yes_price": 27,
            "no_price": 73,
            "taker_side": "yes"
        },
        {
            "trade_id": "5242b3ca-3d47-4987-a702-79db7c69e902",
            "ticker": "KXHIGHMIA-25MAR04-B77.5",
            "count": 11,
            "created_time": "2025-03-04T13:36:56.079123Z",
            "yes_price": 38,
            "no_price": 62,
            "taker_side": "yes"
        },
        {
            "trade_id": "24dc63a5-e93a-4495-b624-b2a25fe2b6e7",
            "ticker": "KXHIGHMIA-25MAR04-B77.5",
            "count": 20,
            "created_time": "2025-03-04T13:36:56.079123Z",
            "yes_price": 38,
            "no_price": 62,
            "taker_side": "yes"
        },
        {
            "trade_id": "17f4b2f7-341e-438a-b6e8-cd0f0718b22c",
            "ticker": "KXHIGHMIA-25MAR04-B77.5",
            "count": 16,
            "created_time": "2025-03-04T13:36:56.079123Z",
            "yes_price": 34,
            "no_price": 66,
            "taker_side": "yes"
        },
        {
            "trade_id": "ff82f11a-85a5-464b-b48e-48dbf0723e05",
            "ticker": "KXHIGHMIA-25MAR04-B77.5",
            "count": 500,
            "created_time": "2025-03-04T13:00:17.472463Z",
            "yes_price": 22,
            "no_price": 78,
            "taker_side": "no"
        },
        {
            "trade_id": "e5b6dc65-52f0-466a-9d3e-f542d37739eb",
            "ticker": "KXHIGHMIA-25MAR04-B77.5",
            "count": 25,
            "created_time": "2025-03-04T07:09:23.688443Z",
            "yes_price": 23,
            "no_price": 77,
            "taker_side": "no"
        },
        {
            "trade_id": "c33dfccb-0bd6-4a84-ab5c-64fafa57c4ab",
            "ticker": "KXHIGHMIA-25MAR04-B77.5",
            "count": 27,
            "created_time": "2025-03-04T07:08:24.37133Z",
            "yes_price": 23,
            "no_price": 77,
            "taker_side": "no"
        },
        {
            "trade_id": "b6d38c11-71e9-4bbe-8dbf-328c2ac1a66b",
            "ticker": "KXHIGHMIA-25MAR04-B77.5",
            "count": 93,
            "created_time": "2025-03-04T07:08:24.37133Z",
            "yes_price": 23,
            "no_price": 77,
            "taker_side": "no"
        },
        {
            "trade_id": "3c673a32-7efa-4d1b-ad1f-927c1f471949",
            "ticker": "KXHIGHMIA-25MAR04-B77.5",
            "count": 50,
            "created_time": "2025-03-04T06:12:39.098521Z",
            "yes_price": 23,
            "no_price": 77,
            "taker_side": "no"
        },
        {
            "trade_id": "bea2780a-8a4d-4ce9-bf89-7746c7508e68",
            "ticker": "KXHIGHMIA-25MAR04-B77.5",
            "count": 34,
            "created_time": "2025-03-04T06:09:36.160201Z",
            "yes_price": 25,
            "no_price": 75,
            "taker_side": "no"
        },
        {
            "trade_id": "9f3c0b00-a0c0-42a3-a86b-15ccd6b561c1",
            "ticker": "KXHIGHMIA-25MAR04-B77.5",
            "count": 16,
            "created_time": "2025-03-04T06:09:36.160201Z",
            "yes_price": 27,
            "no_price": 73,
            "taker_side": "no"
        },
        {
            "trade_id": "8f573b8b-5b7c-4771-8466-cdbf428b5a72",
            "ticker": "KXHIGHMIA-25MAR04-B77.5",
            "count": 50,
            "created_time": "2025-03-04T06:09:18.169219Z",
            "yes_price": 27,
            "no_price": 73,
            "taker_side": "no"
        },
        {
            "trade_id": "910ae89f-d7d0-48af-8f7f-ae6772347b4f",
            "ticker": "KXHIGHMIA-25MAR04-B77.5",
            "count": 240,
            "created_time": "2025-03-04T05:51:46.517806Z",
            "yes_price": 28,
            "no_price": 72,
            "taker_side": "no"
        },
        {
            "trade_id": "860436c9-ed42-4320-a3a5-172190e4c83a",
            "ticker": "KXHIGHMIA-25MAR04-B77.5",
            "count": 54,
            "created_time": "2025-03-04T05:51:46.517806Z",
            "yes_price": 30,
            "no_price": 70,
            "taker_side": "no"
        },
        {
            "trade_id": "6bf189cd-e93c-4095-b811-80c237727b16",
            "ticker": "KXHIGHMIA-25MAR04-B77.5",
            "count": 51,
            "created_time": "2025-03-04T05:34:46.478723Z",
            "yes_price": 28,
            "no_price": 72,
            "taker_side": "yes"
        },
        {
            "trade_id": "9e639f24-e66d-4f2b-ac62-18d40b475146",
            "ticker": "KXHIGHMIA-25MAR04-B77.5",
            "count": 157,
            "created_time": "2025-03-04T05:29:55.322506Z",
            "yes_price": 23,
            "no_price": 77,
            "taker_side": "no"
        },
        {
            "trade_id": "13e9d359-354e-44ad-9260-34dbd30834f1",
            "ticker": "KXHIGHMIA-25MAR04-B77.5",
            "count": 40,
            "created_time": "2025-03-04T05:29:55.322506Z",
            "yes_price": 24,
            "no_price": 76,
            "taker_side": "no"
        },
        {
            "trade_id": "c0ff4288-09a9-47bd-9c04-5dfe34a09c0d",
            "ticker": "KXHIGHMIA-25MAR04-B77.5",
            "count": 240,
            "created_time": "2025-03-04T04:42:14.950076Z",
            "yes_price": 23,
            "no_price": 77,
            "taker_side": "no"
        },
        {
            "trade_id": "856cd21b-c6a3-4a4c-983f-090d990beb51",
            "ticker": "KXHIGHMIA-25MAR04-B77.5",
            "count": 18,
            "created_time": "2025-03-04T04:42:14.950076Z",
            "yes_price": 22,
            "no_price": 78,
            "taker_side": "no"
        },
        {
            "trade_id": "7ec9d5f8-24cc-4295-936b-5f2a705c9ff2",
            "ticker": "KXHIGHMIA-25MAR04-B77.5",
            "count": 8,
            "created_time": "2025-03-04T04:42:14.950076Z",
            "yes_price": 26,
            "no_price": 74,
            "taker_side": "no"
        },
        {
            "trade_id": "7e5f00f6-6209-4257-9e11-b94bbea63bea",
            "ticker": "KXHIGHMIA-25MAR04-B77.5",
            "count": 9,
            "created_time": "2025-03-04T04:42:14.950076Z",
            "yes_price": 25,
            "no_price": 75,
            "taker_side": "no"
        },
        {
            "trade_id": "7231256b-3488-4b21-8225-29b513906e85",
            "ticker": "KXHIGHMIA-25MAR04-B77.5",
            "count": 30,
            "created_time": "2025-03-04T04:42:14.950076Z",
            "yes_price": 25,
            "no_price": 75,
            "taker_side": "no"
        },
        {
            "trade_id": "4bf4faa1-7cf7-406a-886f-52fbb55bf8c9",
            "ticker": "KXHIGHMIA-25MAR04-B77.5",
            "count": 200,
            "created_time": "2025-03-04T04:42:14.950076Z",
            "yes_price": 24,
            "no_price": 76,
            "taker_side": "no"
        },
        {
            "trade_id": "06fa168a-a8fd-4a82-b96f-3296eaa3471b",
            "ticker": "KXHIGHMIA-25MAR04-B77.5",
            "count": 7,
            "created_time": "2025-03-04T04:42:14.950076Z",
            "yes_price": 25,
            "no_price": 75,
            "taker_side": "no"
        },
        {
            "trade_id": "8f2b8bbe-04a3-4a46-8fcf-acd37295da7d",
            "ticker": "KXHIGHMIA-25MAR04-B77.5",
            "count": 26,
            "created_time": "2025-03-04T04:27:49.578346Z",
            "yes_price": 30,
            "no_price": 70,
            "taker_side": "yes"
        },
        {
            "trade_id": "8576abe0-9bcc-4fe5-8207-6a07c0eeebfe",
            "ticker": "KXHIGHMIA-25MAR04-B77.5",
            "count": 24,
            "created_time": "2025-03-04T04:27:49.578346Z",
            "yes_price": 30,
            "no_price": 70,
            "taker_side": "yes"
        },
        {
            "trade_id": "38e20885-1caf-4a12-84f2-fb7aaf228283",
            "ticker": "KXHIGHMIA-25MAR04-B77.5",
            "count": 21,
            "created_time": "2025-03-04T04:27:49.578346Z",
            "yes_price": 29,
            "no_price": 71,
            "taker_side": "yes"
        },
        {
            "trade_id": "0b64386b-1fac-4085-9046-11d6ac9f3897",
            "ticker": "KXHIGHMIA-25MAR04-B77.5",
            "count": 9,
            "created_time": "2025-03-04T04:27:49.578346Z",
            "yes_price": 30,
            "no_price": 70,
            "taker_side": "yes"
        },
        {
            "trade_id": "e88168e4-0e7c-4459-a357-6d7f49180dc0",
            "ticker": "KXHIGHMIA-25MAR04-B77.5",
            "count": 92,
            "created_time": "2025-03-04T04:06:44.509838Z",
            "yes_price": 25,
            "no_price": 75,
            "taker_side": "no"
        },
        {
            "trade_id": "5c594c20-3044-4e4b-bdd7-ca3da0981e2e",
            "ticker": "KXHIGHMIA-25MAR04-B77.5",
            "count": 17,
            "created_time": "2025-03-04T04:06:44.509838Z",
            "yes_price": 25,
            "no_price": 75,
            "taker_side": "no"
        },
        {
            "trade_id": "3c59184d-c09f-4bb3-98d0-13868883e285",
            "ticker": "KXHIGHMIA-25MAR04-B77.5",
            "count": 16,
            "created_time": "2025-03-04T04:05:47.572029Z",
            "yes_price": 25,
            "no_price": 75,
            "taker_side": "no"
        },
        {
            "trade_id": "1b2c064a-110e-4f2d-b104-67693fa92935",
            "ticker": "KXHIGHMIA-25MAR04-B77.5",
            "count": 240,
            "created_time": "2025-03-04T04:05:47.572029Z",
            "yes_price": 25,
            "no_price": 75,
            "taker_side": "no"
        },
        {
            "trade_id": "ca36afe8-dbd9-4b59-ad40-d1d06ab8a9b8",
            "ticker": "KXHIGHMIA-25MAR04-B77.5",
            "count": 39,
            "created_time": "2025-03-04T04:04:12.716768Z",
            "yes_price": 27,
            "no_price": 73,
            "taker_side": "no"
        },
        {
            "trade_id": "066e57e0-68c6-4a01-b821-fbd7a40a3562",
            "ticker": "KXHIGHMIA-25MAR04-B77.5",
            "count": 118,
            "created_time": "2025-03-04T03:59:08.626672Z",
            "yes_price": 25,
            "no_price": 75,
            "taker_side": "no"
        },
        {
            "trade_id": "60543fbc-87a1-43c4-9c2b-f93b4754ee0e",
            "ticker": "KXHIGHMIA-25MAR04-B77.5",
            "count": 1,
            "created_time": "2025-03-04T03:58:02.953391Z",
            "yes_price": 27,
            "no_price": 73,
            "taker_side": "no"
        },
        {
            "trade_id": "0eb0b632-0b04-4580-a0da-788eeae49b5a",
            "ticker": "KXHIGHMIA-25MAR04-B77.5",
            "count": 117,
            "created_time": "2025-03-04T03:58:02.953391Z",
            "yes_price": 26,
            "no_price": 74,
            "taker_side": "no"
        },
        {
            "trade_id": "c3525b98-15b6-44b4-b527-49e6618bb3f6",
            "ticker": "KXHIGHMIA-25MAR04-B77.5",
            "count": 7,
            "created_time": "2025-03-04T03:57:43.484726Z",
            "yes_price": 27,
            "no_price": 73,
            "taker_side": "no"
        },
        {
            "trade_id": "a9dbfdeb-56c9-4e3e-972e-1cca91c9efea",
            "ticker": "KXHIGHMIA-25MAR04-B77.5",
            "count": 114,
            "created_time": "2025-03-04T03:57:43.484726Z",
            "yes_price": 27,
            "no_price": 73,
            "taker_side": "no"
        },
        {
            "trade_id": "9c7a99e3-8c71-46d2-95df-d52e3e5f4246",
            "ticker": "KXHIGHMIA-25MAR04-B77.5",
            "count": 1,
            "created_time": "2025-03-04T03:57:43.484726Z",
            "yes_price": 27,
            "no_price": 73,
            "taker_side": "no"
        },
        {
            "trade_id": "b2135abf-012d-408f-acf1-847841810371",
            "ticker": "KXHIGHMIA-25MAR04-B77.5",
            "count": 56,
            "created_time": "2025-03-04T03:57:35.366301Z",
            "yes_price": 28,
            "no_price": 72,
            "taker_side": "no"
        },
        {
            "trade_id": "9be5347a-8301-422e-902e-6c1d0b55bb54",
            "ticker": "KXHIGHMIA-25MAR04-B77.5",
            "count": 25,
            "created_time": "2025-03-04T03:57:35.366301Z",
            "yes_price": 30,
            "no_price": 70,
            "taker_side": "no"
        },
        {
            "trade_id": "5e8c20a0-3360-40b3-9419-403dc1625b87",
            "ticker": "KXHIGHMIA-25MAR04-B77.5",
            "count": 94,
            "created_time": "2025-03-04T03:57:35.366301Z",
            "yes_price": 30,
            "no_price": 70,
            "taker_side": "no"
        },
        {
            "trade_id": "38fd9a3f-c70c-41e4-ae17-b67b98c0d4cc",
            "ticker": "KXHIGHMIA-25MAR04-B77.5",
            "count": 184,
            "created_time": "2025-03-04T03:57:35.366301Z",
            "yes_price": 28,
            "no_price": 72,
            "taker_side": "no"
        },
        {
            "trade_id": "e4c22c39-d418-4c8c-838a-77c74de4cf56",
            "ticker": "KXHIGHMIA-25MAR04-B77.5",
            "count": 119,
            "created_time": "2025-03-04T03:55:11.187201Z",
            "yes_price": 33,
            "no_price": 67,
            "taker_side": "yes"
        },
        {
            "trade_id": "d529daeb-9dd3-453c-a0bd-00bdc808f83b",
            "ticker": "KXHIGHMIA-25MAR04-B77.5",
            "count": 21,
            "created_time": "2025-03-04T03:55:11.187201Z",
            "yes_price": 33,
            "no_price": 67,
            "taker_side": "yes"
        },
        {
            "trade_id": "76a91c34-d559-42df-ac0b-28e74cfe4c31",
            "ticker": "KXHIGHMIA-25MAR04-B77.5",
            "count": 15,
            "created_time": "2025-03-04T03:54:35.813683Z",
            "yes_price": 32,
            "no_price": 68,
            "taker_side": "yes"
        },
        {
            "trade_id": "67af3ada-eb9f-43e4-ab3c-94e93d9de806",
            "ticker": "KXHIGHMIA-25MAR04-B77.5",
            "count": 71,
            "created_time": "2025-03-04T03:54:35.813683Z",
            "yes_price": 32,
            "no_price": 68,
            "taker_side": "yes"
        },
        {
            "trade_id": "d82770b9-e764-4af7-b7e2-3d1dddb0657e",
            "ticker": "KXHIGHMIA-25MAR04-B77.5",
            "count": 240,
            "created_time": "2025-03-04T03:54:15.808282Z",
            "yes_price": 36,
            "no_price": 64,
            "taker_side": "yes"
        },
        {
            "trade_id": "ab3b35f8-af0a-4811-a1ff-f527b3d3ad41",
            "ticker": "KXHIGHMIA-25MAR04-B77.5",
            "count": 24,
            "created_time": "2025-03-04T03:54:15.808282Z",
            "yes_price": 33,
            "no_price": 67,
            "taker_side": "yes"
        },
        {
            "trade_id": "9d6973d2-bb29-479a-8fe9-16c204f6c91a",
            "ticker": "KXHIGHMIA-25MAR04-B77.5",
            "count": 29,
            "created_time": "2025-03-04T03:54:15.808282Z",
            "yes_price": 32,
            "no_price": 68,
            "taker_side": "yes"
        },
        {
            "trade_id": "60fbc478-b1ca-4b39-999e-a956551d9210",
            "ticker": "KXHIGHMIA-25MAR04-B77.5",
            "count": 18,
            "created_time": "2025-03-04T03:54:15.808282Z",
            "yes_price": 34,
            "no_price": 66,
            "taker_side": "yes"
        },
        {
            "trade_id": "208e273c-3326-4f2c-bdbd-386dbc7f266e",
            "ticker": "KXHIGHMIA-25MAR04-B77.5",
            "count": 240,
            "created_time": "2025-03-04T03:54:15.808282Z",
            "yes_price": 34,
            "no_price": 66,
            "taker_side": "yes"
        },
        {
            "trade_id": "196f1c3e-641b-45d1-81a0-1fae6dfca7e4",
            "ticker": "KXHIGHMIA-25MAR04-B77.5",
            "count": 34,
            "created_time": "2025-03-04T03:54:15.808282Z",
            "yes_price": 32,
            "no_price": 68,
            "taker_side": "yes"
        },
        {
            "trade_id": "0b6b50da-30f2-4ad8-9a4e-d028ef75fbb1",
            "ticker": "KXHIGHMIA-25MAR04-B77.5",
            "count": 50,
            "created_time": "2025-03-04T03:54:15.808282Z",
            "yes_price": 32,
            "no_price": 68,
            "taker_side": "yes"
        },
        {
            "trade_id": "dcb9089b-7c30-426c-8fc5-270f3fda581f",
            "ticker": "KXHIGHMIA-25MAR04-B77.5",
            "count": 2,
            "created_time": "2025-03-04T03:49:18.064183Z",
            "yes_price": 29,
            "no_price": 71,
            "taker_side": "yes"
        },
        {
            "trade_id": "c7783b70-b52a-41d3-ba84-c684b7064e33",
            "ticker": "KXHIGHMIA-25MAR04-B77.5",
            "count": 168,
            "created_time": "2025-03-04T03:49:18.064183Z",
            "yes_price": 33,
            "no_price": 67,
            "taker_side": "yes"
        },
        {
            "trade_id": "c38f0230-5721-40d5-b4a0-6a3b3b27f8dc",
            "ticker": "KXHIGHMIA-25MAR04-B77.5",
            "count": 17,
            "created_time": "2025-03-04T03:49:18.064183Z",
            "yes_price": 31,
            "no_price": 69,
            "taker_side": "yes"
        },
        {
            "trade_id": "5060e5eb-05ca-4bc7-8d81-2ebc41ce9439",
            "ticker": "KXHIGHMIA-25MAR04-B77.5",
            "count": 19,
            "created_time": "2025-03-04T03:49:18.064183Z",
            "yes_price": 29,
            "no_price": 71,
            "taker_side": "yes"
        },
        {
            "trade_id": "30233ef8-ea05-4e09-a809-7a43f5ab2358",
            "ticker": "KXHIGHMIA-25MAR04-B77.5",
            "count": 21,
            "created_time": "2025-03-04T03:49:18.064183Z",
            "yes_price": 31,
            "no_price": 69,
            "taker_side": "yes"
        },
        {
            "trade_id": "17545fe1-8b75-463a-9987-2b5c4a51d060",
            "ticker": "KXHIGHMIA-25MAR04-B77.5",
            "count": 73,
            "created_time": "2025-03-04T03:49:18.064183Z",
            "yes_price": 31,
            "no_price": 69,
            "taker_side": "yes"
        },
        {
            "trade_id": "99b936b9-ec26-4938-8f21-2dfc5fb080f9",
            "ticker": "KXHIGHMIA-25MAR04-B77.5",
            "count": 12,
            "created_time": "2025-03-04T03:27:25.710145Z",
            "yes_price": 27,
            "no_price": 73,
            "taker_side": "no"
        },
        {
            "trade_id": "61a1f98f-f0c6-4f31-8336-582638f70003",
            "ticker": "KXHIGHMIA-25MAR04-B77.5",
            "count": 113,
            "created_time": "2025-03-04T03:23:42.703348Z",
            "yes_price": 27,
            "no_price": 73,
            "taker_side": "no"
        },
        {
            "trade_id": "aa67e020-319d-49b4-ad61-16da1a14761b",
            "ticker": "KXHIGHMIA-25MAR04-B77.5",
            "count": 13,
            "created_time": "2025-03-04T02:54:47.192562Z",
            "yes_price": 30,
            "no_price": 70,
            "taker_side": "yes"
        },
        {
            "trade_id": "4e237f7d-53d9-431f-9f15-bbf818163475",
            "ticker": "KXHIGHMIA-25MAR04-B77.5",
            "count": 18,
            "created_time": "2025-03-04T02:54:47.192562Z",
            "yes_price": 30,
            "no_price": 70,
            "taker_side": "yes"
        },
        {
            "trade_id": "58e1a8e4-7718-4ba4-941e-0c98135c8d2b",
            "ticker": "KXHIGHMIA-25MAR04-B77.5",
            "count": 3,
            "created_time": "2025-03-04T02:42:37.782818Z",
            "yes_price": 27,
            "no_price": 73,
            "taker_side": "yes"
        },
        {
            "trade_id": "1829a97b-d182-4656-a868-51c7415d33e9",
            "ticker": "KXHIGHMIA-25MAR04-B77.5",
            "count": 17,
            "created_time": "2025-03-04T02:35:28.028976Z",
            "yes_price": 28,
            "no_price": 72,
            "taker_side": "yes"
        },
        {
            "trade_id": "b77bb515-c581-4fd5-8ad6-e91ac0a62f70",
            "ticker": "KXHIGHMIA-25MAR04-B77.5",
            "count": 19,
            "created_time": "2025-03-04T02:34:22.814192Z",
            "yes_price": 28,
            "no_price": 72,
            "taker_side": "yes"
        },
        {
            "trade_id": "72ed4483-5562-4ffe-9369-7cfb0d08b7b0",
            "ticker": "KXHIGHMIA-25MAR04-B77.5",
            "count": 5,
            "created_time": "2025-03-04T02:34:22.814192Z",
            "yes_price": 29,
            "no_price": 71,
            "taker_side": "yes"
        },
        {
            "trade_id": "493d5084-0b27-48d8-9c89-58263da4c7ec",
            "ticker": "KXHIGHMIA-25MAR04-B77.5",
            "count": 10,
            "created_time": "2025-03-04T02:34:22.814192Z",
            "yes_price": 27,
            "no_price": 73,
            "taker_side": "yes"
        },
        {
            "trade_id": "c6ad0b1d-6a5c-4380-8816-a20b8991a476",
            "ticker": "KXHIGHMIA-25MAR04-B77.5",
            "count": 100,
            "created_time": "2025-03-04T02:33:22.367471Z",
            "yes_price": 27,
            "no_price": 73,
            "taker_side": "yes"
        },
        {
            "trade_id": "07be0e26-c32b-4812-a676-38230edbfa1c",
            "ticker": "KXHIGHMIA-25MAR04-B77.5",
            "count": 32,
            "created_time": "2025-03-04T02:27:18.62482Z",
            "yes_price": 23,
            "no_price": 77,
            "taker_side": "no"
        },
        {
            "trade_id": "66f518a5-12d4-4581-b3b2-eb85d39d47e2",
            "ticker": "KXHIGHMIA-25MAR04-B77.5",
            "count": 75,
            "created_time": "2025-03-04T02:23:15.278984Z",
            "yes_price": 25,
            "no_price": 75,
            "taker_side": "yes"
        },
        {
            "trade_id": "20f3ed76-7788-4ca7-8646-4c6a664cc05b",
            "ticker": "KXHIGHMIA-25MAR04-B77.5",
            "count": 240,
            "created_time": "2025-03-04T02:23:15.278984Z",
            "yes_price": 26,
            "no_price": 74,
            "taker_side": "yes"
        },
        {
            "trade_id": "fc484093-a847-405c-8610-2edfa11c395a",
            "ticker": "KXHIGHMIA-25MAR04-B77.5",
            "count": 5,
            "created_time": "2025-03-04T01:41:19.208851Z",
            "yes_price": 16,
            "no_price": 84,
            "taker_side": "no"
        },
        {
            "trade_id": "d10c3665-5937-4e94-a5b1-a99475e9f138",
            "ticker": "KXHIGHMIA-25MAR04-B77.5",
            "count": 52,
            "created_time": "2025-03-04T01:21:59.169412Z",
            "yes_price": 18,
            "no_price": 82,
            "taker_side": "yes"
        },
        {
            "trade_id": "feb72014-0431-46fb-8d3f-ea92f1341a87",
            "ticker": "KXHIGHMIA-25MAR04-B77.5",
            "count": 18,
            "created_time": "2025-03-04T00:57:40.333209Z",
            "yes_price": 16,
            "no_price": 84,
            "taker_side": "no"
        },
        {
            "trade_id": "50ba3bb2-f557-478a-9036-1ca1642d70e6",
            "ticker": "KXHIGHMIA-25MAR04-B77.5",
            "count": 11,
            "created_time": "2025-03-04T00:57:40.333209Z",
            "yes_price": 16,
            "no_price": 84,
            "taker_side": "no"
        },
        {
            "trade_id": "d12a0799-efa8-4062-80b5-0430913e6ee9",
            "ticker": "KXHIGHMIA-25MAR04-B77.5",
            "count": 80,
            "created_time": "2025-03-04T00:53:53.233084Z",
            "yes_price": 15,
            "no_price": 85,
            "taker_side": "no"
        },
        {
            "trade_id": "701b94eb-7f70-458e-a55f-40b5a05bac72",
            "ticker": "KXHIGHMIA-25MAR04-B77.5",
            "count": 36,
            "created_time": "2025-03-04T00:53:53.233084Z",
            "yes_price": 16,
            "no_price": 84,
            "taker_side": "no"
        },
        {
            "trade_id": "98923b0b-1af5-43c7-b722-f13e79354669",
            "ticker": "KXHIGHMIA-25MAR04-B77.5",
            "count": 28,
            "created_time": "2025-03-04T00:49:22.069085Z",
            "yes_price": 21,
            "no_price": 79,
            "taker_side": "yes"
        },
        {
            "trade_id": "82e7d74c-0a33-41e8-a7f9-775985bd00b1",
            "ticker": "KXHIGHMIA-25MAR04-B77.5",
            "count": 44,
            "created_time": "2025-03-04T00:49:22.069085Z",
            "yes_price": 23,
            "no_price": 77,
            "taker_side": "yes"
        },
        {
            "trade_id": "a05a2d75-5bb8-4560-b39a-c4476f1ada8f",
            "ticker": "KXHIGHMIA-25MAR04-B77.5",
            "count": 5,
            "created_time": "2025-03-04T00:27:52.193525Z",
            "yes_price": 18,
            "no_price": 82,
            "taker_side": "yes"
        },
        {
            "trade_id": "3c48ec21-b96a-4260-a045-5f99a518bb90",
            "ticker": "KXHIGHMIA-25MAR04-B77.5",
            "count": 1,
            "created_time": "2025-03-04T00:24:24.552838Z",
            "yes_price": 17,
            "no_price": 83,
            "taker_side": "yes"
        },
        {
            "trade_id": "32bb64b9-72ff-43af-8438-026df1eb2f83",
            "ticker": "KXHIGHMIA-25MAR04-B77.5",
            "count": 4,
            "created_time": "2025-03-04T00:24:24.552838Z",
            "yes_price": 19,
            "no_price": 81,
            "taker_side": "yes"
        },
        {
            "trade_id": "ec2bc040-bce4-4bf7-b32f-5bfad7228002",
            "ticker": "KXHIGHMIA-25MAR04-B77.5",
            "count": 39,
            "created_time": "2025-03-03T23:57:16.170331Z",
            "yes_price": 17,
            "no_price": 83,
            "taker_side": "no"
        },
        {
            "trade_id": "43fa65b0-e423-450d-918d-96aa69e3d6cb",
            "ticker": "KXHIGHMIA-25MAR04-B77.5",
            "count": 111,
            "created_time": "2025-03-03T23:55:47.485319Z",
            "yes_price": 18,
            "no_price": 82,
            "taker_side": "no"
        },
        {
            "trade_id": "e56ac135-d167-470d-b0ab-1c0d14077d72",
            "ticker": "KXHIGHMIA-25MAR04-B77.5",
            "count": 240,
            "created_time": "2025-03-03T23:54:50.353125Z",
            "yes_price": 21,
            "no_price": 79,
            "taker_side": "no"
        },
        {
            "trade_id": "af8a1a83-7253-4b36-b6e2-b0cc7af5f7b8",
            "ticker": "KXHIGHMIA-25MAR04-B77.5",
            "count": 240,
            "created_time": "2025-03-03T23:54:50.353125Z",
            "yes_price": 19,
            "no_price": 81,
            "taker_side": "no"
        },
        {
            "trade_id": "f58904d4-631d-4409-badd-3b25c077575c",
            "ticker": "KXHIGHMIA-25MAR04-B77.5",
            "count": 10,
            "created_time": "2025-03-03T23:16:19.026562Z",
            "yes_price": 23,
            "no_price": 77,
            "taker_side": "yes"
        },
        {
            "trade_id": "ee35ec35-b4ff-4601-a452-294b0e9a040a",
            "ticker": "KXHIGHMIA-25MAR04-B77.5",
            "count": 33,
            "created_time": "2025-03-03T23:16:19.026562Z",
            "yes_price": 22,
            "no_price": 78,
            "taker_side": "yes"
        },
        {
            "trade_id": "d97140fe-ac97-41f3-953f-01a3a7648eef",
            "ticker": "KXHIGHMIA-25MAR04-B77.5",
            "count": 2,
            "created_time": "2025-03-03T23:16:19.026562Z",
            "yes_price": 20,
            "no_price": 80,
            "taker_side": "yes"
        },
        {
            "trade_id": "b2facdb9-da35-46f2-b0be-302be2b50c8f",
            "ticker": "KXHIGHMIA-25MAR04-B77.5",
            "count": 207,
            "created_time": "2025-03-03T23:16:19.026562Z",
            "yes_price": 22,
            "no_price": 78,
            "taker_side": "yes"
        },
        {
            "trade_id": "a144836b-8675-4158-a791-3c930e56dab9",
            "ticker": "KXHIGHMIA-25MAR04-B77.5",
            "count": 2,
            "created_time": "2025-03-03T23:16:19.026562Z",
            "yes_price": 20,
            "no_price": 80,
            "taker_side": "yes"
        },
        {
            "trade_id": "3e142d7a-3e2c-4e21-93df-26a8e2983927",
            "ticker": "KXHIGHMIA-25MAR04-B77.5",
            "count": 77,
            "created_time": "2025-03-03T23:16:19.026562Z",
            "yes_price": 24,
            "no_price": 76,
            "taker_side": "yes"
        },
        {
            "trade_id": "023909ef-2395-4e46-964e-e26779ee6bb6",
            "ticker": "KXHIGHMIA-25MAR04-B77.5",
            "count": 102,
            "created_time": "2025-03-03T23:16:19.026562Z",
            "yes_price": 20,
            "no_price": 80,
            "taker_side": "yes"
        },
        {
            "trade_id": "38b7a8cb-463f-43ae-bcb6-c699012dca1a",
            "ticker": "KXHIGHMIA-25MAR04-B77.5",
            "count": 3,
            "created_time": "2025-03-03T23:09:26.27152Z",
            "yes_price": 20,
            "no_price": 80,
            "taker_side": "yes"
        },
        {
            "trade_id": "fbbfb083-481c-4a52-972b-319b1a314e9a",
            "ticker": "KXHIGHMIA-25MAR04-B77.5",
            "count": 2,
            "created_time": "2025-03-03T22:50:02.160825Z",
            "yes_price": 20,
            "no_price": 80,
            "taker_side": "yes"
        },
        {
            "trade_id": "160bc321-5cb0-4c4d-a20f-4cef8840d30c",
            "ticker": "KXHIGHMIA-25MAR04-B77.5",
            "count": 92,
            "created_time": "2025-03-03T22:50:02.160825Z",
            "yes_price": 20,
            "no_price": 80,
            "taker_side": "yes"
        },
        {
            "trade_id": "e42991d8-01bf-41b1-9ccc-5ee207a21b39",
            "ticker": "KXHIGHMIA-25MAR04-B77.5",
            "count": 136,
            "created_time": "2025-03-03T22:44:22.370072Z",
            "yes_price": 22,
            "no_price": 78,
            "taker_side": "yes"
        },
        {
            "trade_id": "c07d09ce-5de2-4de9-bbc6-c335ab647581",
            "ticker": "KXHIGHMIA-25MAR04-B77.5",
            "count": 15,
            "created_time": "2025-03-03T22:44:06.363708Z",
            "yes_price": 16,
            "no_price": 84,
            "taker_side": "yes"
        },
        {
            "trade_id": "a4dd6082-5d7f-4493-b2db-72a9084fcfd9",
            "ticker": "KXHIGHMIA-25MAR04-B77.5",
            "count": 193,
            "created_time": "2025-03-03T22:44:06.363708Z",
            "yes_price": 20,
            "no_price": 80,
            "taker_side": "yes"
        },
        {
            "trade_id": "872a016a-b375-46fb-a46e-eb647fa7ecb8",
            "ticker": "KXHIGHMIA-25MAR04-B77.5",
            "count": 240,
            "created_time": "2025-03-03T22:44:06.363708Z",
            "yes_price": 18,
            "no_price": 82,
            "taker_side": "yes"
        },
        {
            "trade_id": "1659a21e-3d03-483a-914a-fe2071b3a76d",
            "ticker": "KXHIGHMIA-25MAR04-B77.5",
            "count": 36,
            "created_time": "2025-03-03T22:44:06.363708Z",
            "yes_price": 16,
            "no_price": 84,
            "taker_side": "yes"
        },
        {
            "trade_id": "0977cfa8-b203-441e-948f-c46bb6ac92d2",
            "ticker": "KXHIGHMIA-25MAR04-B77.5",
            "count": 28,
            "created_time": "2025-03-03T22:44:06.363708Z",
            "yes_price": 16,
            "no_price": 84,
            "taker_side": "yes"
        },
        {
            "trade_id": "1649f2b5-e897-4813-8678-bd98418b5051",
            "ticker": "KXHIGHMIA-25MAR04-B77.5",
            "count": 10,
            "created_time": "2025-03-03T22:25:07.708588Z",
            "yes_price": 16,
            "no_price": 84,
            "taker_side": "yes"
        },
        {
            "trade_id": "d5b4630a-bd6a-4b40-8049-8546347aed0f",
            "ticker": "KXHIGHMIA-25MAR04-B77.5",
            "count": 49,
            "created_time": "2025-03-03T22:23:58.603146Z",
            "yes_price": 15,
            "no_price": 85,
            "taker_side": "no"
        },
        {
            "trade_id": "c2736ec1-86e6-4f54-ad1d-675dc74f2d39",
            "ticker": "KXHIGHMIA-25MAR04-B77.5",
            "count": 5,
            "created_time": "2025-03-03T22:23:05.597769Z",
            "yes_price": 16,
            "no_price": 84,
            "taker_side": "yes"
        },
        {
            "trade_id": "932cccdc-2da4-4646-92cd-548a6e99a571",
            "ticker": "KXHIGHMIA-25MAR04-B77.5",
            "count": 1,
            "created_time": "2025-03-03T22:23:05.597769Z",
            "yes_price": 16,
            "no_price": 84,
            "taker_side": "yes"
        },
        {
            "trade_id": "87241bca-c70a-495f-90c7-8e35cf9794b8",
            "ticker": "KXHIGHMIA-25MAR04-B77.5",
            "count": 34,
            "created_time": "2025-03-03T22:23:05.597769Z",
            "yes_price": 16,
            "no_price": 84,
            "taker_side": "yes"
        },
        {
            "trade_id": "76f68b87-6eb9-4044-9812-171b7c57234b",
            "ticker": "KXHIGHMIA-25MAR04-B77.5",
            "count": 57,
            "created_time": "2025-03-03T22:23:05.597769Z",
            "yes_price": 18,
            "no_price": 82,
            "taker_side": "yes"
        },
        {
            "trade_id": "60b9bc52-e0fd-448e-93de-89d49cd930ab",
            "ticker": "KXHIGHMIA-25MAR04-B77.5",
            "count": 39,
            "created_time": "2025-03-03T22:23:05.597769Z",
            "yes_price": 18,
            "no_price": 82,
            "taker_side": "yes"
        },
        {
            "trade_id": "f40e4bc2-ed1b-43ac-8ee8-a004a9c9a872",
            "ticker": "KXHIGHMIA-25MAR04-B77.5",
            "count": 11,
            "created_time": "2025-03-03T22:04:38.321258Z",
            "yes_price": 16,
            "no_price": 84,
            "taker_side": "yes"
        },
        {
            "trade_id": "797a0ebf-2c47-4453-8499-7a36378c2d22",
            "ticker": "KXHIGHMIA-25MAR04-B77.5",
            "count": 15,
            "created_time": "2025-03-03T21:48:48.281508Z",
            "yes_price": 18,
            "no_price": 82,
            "taker_side": "yes"
        },
        {
            "trade_id": "6e130131-b1fe-40db-9b4e-ad8386b04fea",
            "ticker": "KXHIGHMIA-25MAR04-B77.5",
            "count": 168,
            "created_time": "2025-03-03T21:24:14.151729Z",
            "yes_price": 19,
            "no_price": 81,
            "taker_side": "yes"
        },
        {
            "trade_id": "4dc07188-7c9b-4913-91ec-19e8ac6474df",
            "ticker": "KXHIGHMIA-25MAR04-B77.5",
            "count": 90,
            "created_time": "2025-03-03T21:24:14.151729Z",
            "yes_price": 17,
            "no_price": 83,
            "taker_side": "yes"
        },
        {
            "trade_id": "3cf41523-647f-48f6-8cb8-17ad8564de26",
            "ticker": "KXHIGHMIA-25MAR04-B77.5",
            "count": 29,
            "created_time": "2025-03-03T21:21:27.728589Z",
            "yes_price": 17,
            "no_price": 83,
            "taker_side": "no"
        },
        {
            "trade_id": "e939d1a3-6872-4533-a441-e8b6ec0f7176",
            "ticker": "KXHIGHMIA-25MAR04-B77.5",
            "count": 29,
            "created_time": "2025-03-03T21:21:24.90049Z",
            "yes_price": 17,
            "no_price": 83,
            "taker_side": "no"
        },
        {
            "trade_id": "6e049c27-99c5-48bd-bccf-a360be3a39cb",
            "ticker": "KXHIGHMIA-25MAR04-B77.5",
            "count": 2,
            "created_time": "2025-03-03T21:12:26.888265Z",
            "yes_price": 21,
            "no_price": 79,
            "taker_side": "yes"
        },
        {
            "trade_id": "c6a0e8f4-0232-488a-9b02-c5f45acb2a80",
            "ticker": "KXHIGHMIA-25MAR04-B77.5",
            "count": 41,
            "created_time": "2025-03-03T20:45:53.193006Z",
            "yes_price": 23,
            "no_price": 77,
            "taker_side": "yes"
        },
        {
            "trade_id": "9c7d6238-0579-4ad7-966c-dbd0431881c6",
            "ticker": "KXHIGHMIA-25MAR04-B77.5",
            "count": 14,
            "created_time": "2025-03-03T20:39:27.326253Z",
            "yes_price": 16,
            "no_price": 84,
            "taker_side": "no"
        },
        {
            "trade_id": "9439d485-1307-4f8b-9018-1fdfb6824874",
            "ticker": "KXHIGHMIA-25MAR04-B77.5",
            "count": 26,
            "created_time": "2025-03-03T20:39:27.326253Z",
            "yes_price": 18,
            "no_price": 82,
            "taker_side": "no"
        },
        {
            "trade_id": "31203e3b-99a8-474d-a564-96052e849647",
            "ticker": "KXHIGHMIA-25MAR04-B77.5",
            "count": 62,
            "created_time": "2025-03-03T20:39:06.975958Z",
            "yes_price": 18,
            "no_price": 82,
            "taker_side": "no"
        },
        {
            "trade_id": "f299c6e3-f89f-4330-84b2-3fed5dbf338c",
            "ticker": "KXHIGHMIA-25MAR04-B77.5",
            "count": 12,
            "created_time": "2025-03-03T20:39:06.127737Z",
            "yes_price": 18,
            "no_price": 82,
            "taker_side": "no"
        },
        {
            "trade_id": "e79e5ff1-8d19-4f35-93b0-e8aa17b43532",
            "ticker": "KXHIGHMIA-25MAR04-B77.5",
            "count": 6,
            "created_time": "2025-03-03T19:19:34.604482Z",
            "yes_price": 27,
            "no_price": 73,
            "taker_side": "yes"
        },
        {
            "trade_id": "e1782d2c-acc3-481a-8910-4324a7aadb36",
            "ticker": "KXHIGHMIA-25MAR04-B77.5",
            "count": 12,
