{
    "KXHIGHMIA-25APR26-T79": [
        {
            "trade_id": "ed5ef2af-423b-48f8-afe9-a501723a8132",
            "ticker": "KXHIGHMIA-25APR26-T79",
            "count": 195,
            "created_time": "2025-04-26T17:41:15.597655Z",
            "yes_price": 1,
            "no_price": 99,
            "taker_side": "yes"
        },
        {
            "trade_id": "022f640f-fe93-4bf7-bf17-668933592706",
            "ticker": "KXHIGHMIA-25APR26-T79",
            "count": 5,
            "created_time": "2025-04-26T17:41:15.597655Z",
            "yes_price": 1,
            "no_price": 99,
            "taker_side": "yes"
        }
    ],
    "KXHIGHMIA-25APR26-B79.5": [
        {
            "trade_id": "2c7f7012-77d5-4708-ab3e-2b259ddc07ef",
            "ticker": "KXHIGHMIA-25APR26-B79.5",
            "count": 100,
            "created_time": "2025-04-26T18:01:25.118602Z",
            "yes_price": 1,
            "no_price": 99,
            "taker_side": "yes"
        },
        {
            "trade_id": "7caab7bd-1ef5-4b2f-b33a-dd73042dba5c",
            "ticker": "KXHIGHMIA-25APR26-B79.5",
            "count": 187,
            "created_time": "2025-04-26T12:07:19.828887Z",
            "yes_price": 5,
            "no_price": 95,
            "taker_side": "yes"
        },
        {
            "trade_id": "8f5223da-38b6-410b-9c4f-55b4967cb508",
            "ticker": "KXHIGHMIA-25APR26-B79.5",
            "count": 200,
            "created_time": "2025-04-26T12:05:20.569313Z",
            "yes_price": 2,
            "no_price": 98,
            "taker_side": "yes"
        },
        {
            "trade_id": "8cf8df02-62cf-4516-ae06-bfd4432b96bc",
            "ticker": "KXHIGHMIA-25APR26-B79.5",
            "count": 165,
            "created_time": "2025-04-26T12:05:20.569313Z",
            "yes_price": 1,
            "no_price": 99,
            "taker_side": "yes"
        },
        {
            "trade_id": "65b98bc1-05e4-42d9-991e-bc38ff6695a7",
            "ticker": "KXHIGHMIA-25APR26-B79.5",
            "count": 258,
            "created_time": "2025-04-26T12:05:20.569313Z",
            "yes_price": 1,
            "no_price": 99,
            "taker_side": "yes"
        },
        {
            "trade_id": "1b1ae3ca-81c2-414d-a63f-83ed4837fb21",
            "ticker": "KXHIGHMIA-25APR26-B79.5",
            "count": 22,
            "created_time": "2025-04-26T12:05:20.569313Z",
            "yes_price": 5,
            "no_price": 95,
            "taker_side": "yes"
        }
    ],
    "KXHIGHMIA-25APR26-B81.5": [
        {
            "trade_id": "31a89c9d-72c5-483a-83f0-7e9e57dda13e",
            "ticker": "KXHIGHMIA-25APR26-B81.5",
            "count": 134,
            "created_time": "2025-04-26T12:06:59.553117Z",
            "yes_price": 7,
            "no_price": 93,
            "taker_side": "yes"
        },
        {
            "trade_id": "571c9a22-216f-4cca-8f88-b197a0aef70b",
            "ticker": "KXHIGHMIA-25APR26-B81.5",
            "count": 67,
            "created_time": "2025-04-26T12:06:38.090505Z",
            "yes_price": 7,
            "no_price": 93,
            "taker_side": "yes"
        },
        {
            "trade_id": "6c44d118-2e1b-4b94-b264-3cbed0b816f5",
            "ticker": "KXHIGHMIA-25APR26-B81.5",
            "count": 300,
            "created_time": "2025-04-26T12:04:58.176116Z",
            "yes_price": 5,
            "no_price": 95,
            "taker_side": "yes"
        },
        {
            "trade_id": "21aef78c-1728-4a89-be2b-27df79dff70f",
            "ticker": "KXHIGHMIA-25APR26-B81.5",
            "count": 46,
            "created_time": "2025-04-26T12:04:58.176116Z",
            "yes_price": 8,
            "no_price": 92,
            "taker_side": "yes"
        },
        {
            "trade_id": "2c7798c3-7d96-46fd-be14-8e69920acfb5",
            "ticker": "KXHIGHMIA-25APR26-B81.5",
            "count": 14,
            "created_time": "2025-04-26T04:45:23.197539Z",
            "yes_price": 1,
            "no_price": 99,
            "taker_side": "no"
        },
        {
            "trade_id": "c3cba91a-1425-4f04-bcdf-fabf2d006e8e",
            "ticker": "KXHIGHMIA-25APR26-B81.5",
            "count": 36,
            "created_time": "2025-04-26T04:45:19.553675Z",
            "yes_price": 1,
            "no_price": 99,
            "taker_side": "no"
        },
        {
            "trade_id": "a3795a32-d5a6-481e-8c07-2401ecc8584a",
            "ticker": "KXHIGHMIA-25APR26-B81.5",
            "count": 50,
            "created_time": "2025-04-26T03:42:27.316373Z",
            "yes_price": 2,
            "no_price": 98,
            "taker_side": "no"
        },
        {
            "trade_id": "fea51c73-bef9-4852-82e8-46efb4531f33",
            "ticker": "KXHIGHMIA-25APR26-B81.5",
            "count": 20,
            "created_time": "2025-04-26T02:59:54.542336Z",
            "yes_price": 9,
            "no_price": 91,
            "taker_side": "yes"
        },
        {
            "trade_id": "d136ed1f-7414-4f60-be45-babc1533b7e9",
            "ticker": "KXHIGHMIA-25APR26-B81.5",
            "count": 5,
            "created_time": "2025-04-26T02:33:17.705642Z",
            "yes_price": 5,
            "no_price": 95,
            "taker_side": "no"
        },
        {
            "trade_id": "3dd930a2-5d79-4161-b827-05993b5bd282",
            "ticker": "KXHIGHMIA-25APR26-B81.5",
            "count": 15,
            "created_time": "2025-04-25T15:36:23.361615Z",
            "yes_price": 11,
            "no_price": 89,
            "taker_side": "no"
        },
        {
            "trade_id": "eaf773fb-5034-4214-b374-3616cf8af1a3",
            "ticker": "KXHIGHMIA-25APR26-B81.5",
            "count": 10,
            "created_time": "2025-04-25T15:36:20.561764Z",
            "yes_price": 2,
            "no_price": 98,
            "taker_side": "no"
        },
        {
            "trade_id": "49e40fb1-590f-4b01-ab1c-222a74c20fbf",
            "ticker": "KXHIGHMIA-25APR26-B81.5",
            "count": 10,
            "created_time": "2025-04-25T15:36:20.476847Z",
            "yes_price": 11,
            "no_price": 89,
            "taker_side": "no"
        },
        {
            "trade_id": "14c175c0-9159-4785-a17a-e96327a64feb",
            "ticker": "KXHIGHMIA-25APR26-B81.5",
            "count": 15,
            "created_time": "2025-04-25T15:33:27.447403Z",
            "yes_price": 2,
            "no_price": 98,
            "taker_side": "no"
        }
    ],
    "KXHIGHMIA-25APR26-B83.5": [
        {
            "trade_id": "5b054591-186f-440c-8033-5bd31d7932f1",
            "ticker": "KXHIGHMIA-25APR26-B83.5",
            "count": 935,
            "created_time": "2025-04-27T03:56:55.564742Z",
            "yes_price": 1,
            "no_price": 99,
            "taker_side": "yes"
        },
        {
            "trade_id": "be87e652-c1b2-4c77-800b-b7495ada76c5",
            "ticker": "KXHIGHMIA-25APR26-B83.5",
            "count": 1378,
            "created_time": "2025-04-27T03:45:15.643014Z",
            "yes_price": 1,
            "no_price": 99,
            "taker_side": "yes"
        },
        {
            "trade_id": "17f36c22-c340-46cb-b38c-8d84d4e0cb4c",
            "ticker": "KXHIGHMIA-25APR26-B83.5",
            "count": 2362,
            "created_time": "2025-04-27T03:45:15.643014Z",
            "yes_price": 1,
            "no_price": 99,
            "taker_side": "yes"
        },
        {
            "trade_id": "8a6a2dbf-0d61-47da-826f-631401fe2f67",
            "ticker": "KXHIGHMIA-25APR26-B83.5",
            "count": 3740,
            "created_time": "2025-04-26T20:02:29.181575Z",
            "yes_price": 1,
            "no_price": 99,
            "taker_side": "yes"
        },
        {
            "trade_id": "ccc98b0a-7f33-487d-9e46-7270522978b5",
            "ticker": "KXHIGHMIA-25APR26-B83.5",
            "count": 200,
            "created_time": "2025-04-26T19:54:35.792Z",
            "yes_price": 1,
            "no_price": 99,
            "taker_side": "yes"
        },
        {
            "trade_id": "16acff72-13d6-439d-8e5f-550eb7050647",
            "ticker": "KXHIGHMIA-25APR26-B83.5",
            "count": 467,
            "created_time": "2025-04-26T19:22:24.593942Z",
            "yes_price": 1,
            "no_price": 99,
            "taker_side": "yes"
        },
        {
            "trade_id": "377a0ff0-d65e-4fe3-8180-fd3a31002673",
            "ticker": "KXHIGHMIA-25APR26-B83.5",
            "count": 100,
            "created_time": "2025-04-26T19:16:18.115794Z",
            "yes_price": 1,
            "no_price": 99,
            "taker_side": "yes"
        },
        {
            "trade_id": "e9ac476a-d740-49dc-8124-0ae7193e23b8",
            "ticker": "KXHIGHMIA-25APR26-B83.5",
            "count": 64,
            "created_time": "2025-04-26T18:13:31.458055Z",
            "yes_price": 1,
            "no_price": 99,
            "taker_side": "yes"
        },
        {
            "trade_id": "691df1d3-c9ce-4ebc-a3dc-0ff8d4dfa8fb",
            "ticker": "KXHIGHMIA-25APR26-B83.5",
            "count": 1028,
            "created_time": "2025-04-26T18:08:31.355819Z",
            "yes_price": 1,
            "no_price": 99,
            "taker_side": "yes"
        },
        {
            "trade_id": "5d326c37-d384-42f2-a623-25b04c42951a",
            "ticker": "KXHIGHMIA-25APR26-B83.5",
            "count": 93,
            "created_time": "2025-04-26T18:05:33.663747Z",
            "yes_price": 1,
            "no_price": 99,
            "taker_side": "yes"
        },
        {
            "trade_id": "5aef52c1-f16b-4ef8-a044-64310edef455",
            "ticker": "KXHIGHMIA-25APR26-B83.5",
            "count": 39,
            "created_time": "2025-04-26T17:55:46.07693Z",
            "yes_price": 1,
            "no_price": 99,
            "taker_side": "yes"
        },
        {
            "trade_id": "20ce48a4-2d20-450e-8d1c-41084aef011a",
            "ticker": "KXHIGHMIA-25APR26-B83.5",
            "count": 26,
            "created_time": "2025-04-26T17:55:27.585393Z",
            "yes_price": 1,
            "no_price": 99,
            "taker_side": "yes"
        },
        {
            "trade_id": "a28f7d71-5761-4e6f-a13c-bf93e25f0648",
            "ticker": "KXHIGHMIA-25APR26-B83.5",
            "count": 149,
            "created_time": "2025-04-26T17:55:27.584913Z",
            "yes_price": 1,
            "no_price": 99,
            "taker_side": "yes"
        },
        {
            "trade_id": "1bb0bdae-0a08-4726-9b04-822ee6f3043a",
            "ticker": "KXHIGHMIA-25APR26-B83.5",
            "count": 501,
            "created_time": "2025-04-26T17:55:27.530902Z",
            "yes_price": 1,
            "no_price": 99,
            "taker_side": "yes"
        },
        {
            "trade_id": "e6db56e9-195f-4312-a665-1e2c08cc9bba",
            "ticker": "KXHIGHMIA-25APR26-B83.5",
            "count": 50,
            "created_time": "2025-04-26T17:55:27.428818Z",
            "yes_price": 5,
            "no_price": 95,
            "taker_side": "no"
        },
        {
            "trade_id": "e45c8a9a-39e4-49f7-9835-5e484ec9766c",
            "ticker": "KXHIGHMIA-25APR26-B83.5",
            "count": 25,
            "created_time": "2025-04-26T17:55:27.428818Z",
            "yes_price": 20,
            "no_price": 80,
            "taker_side": "no"
        },
        {
            "trade_id": "df48a2c1-a4df-4e3b-a9ac-9163b1a47e42",
            "ticker": "KXHIGHMIA-25APR26-B83.5",
            "count": 9,
            "created_time": "2025-04-26T17:55:27.428818Z",
            "yes_price": 16,
            "no_price": 84,
            "taker_side": "no"
        },
        {
            "trade_id": "b7b05cc7-4467-4027-bb7a-59465032d17d",
            "ticker": "KXHIGHMIA-25APR26-B83.5",
            "count": 50,
            "created_time": "2025-04-26T17:55:27.428818Z",
            "yes_price": 6,
            "no_price": 94,
            "taker_side": "no"
        },
        {
            "trade_id": "b32f1e52-c421-43fa-ba46-a9e88558c269",
            "ticker": "KXHIGHMIA-25APR26-B83.5",
            "count": 149,
            "created_time": "2025-04-26T17:55:27.428818Z",
            "yes_price": 15,
            "no_price": 85,
            "taker_side": "no"
        },
        {
            "trade_id": "6626b728-6662-4ab5-98c2-5715d3a11bd2",
            "ticker": "KXHIGHMIA-25APR26-B83.5",
            "count": 150,
            "created_time": "2025-04-26T17:55:27.428818Z",
            "yes_price": 1,
            "no_price": 99,
            "taker_side": "no"
        },
        {
            "trade_id": "64af87d6-94fe-4073-9466-663aa64cd4f9",
            "ticker": "KXHIGHMIA-25APR26-B83.5",
            "count": 200,
            "created_time": "2025-04-26T17:55:27.428818Z",
            "yes_price": 1,
            "no_price": 99,
            "taker_side": "no"
        },
        {
            "trade_id": "29ffa9d7-4f4e-480e-abae-ccf14196bf86",
            "ticker": "KXHIGHMIA-25APR26-B83.5",
            "count": 9,
            "created_time": "2025-04-26T17:55:27.428818Z",
            "yes_price": 17,
            "no_price": 83,
            "taker_side": "no"
        },
        {
            "trade_id": "27586c8d-a62e-4e24-846f-6020460d9e80",
            "ticker": "KXHIGHMIA-25APR26-B83.5",
            "count": 60,
            "created_time": "2025-04-26T17:55:27.428818Z",
            "yes_price": 19,
            "no_price": 81,
            "taker_side": "no"
        },
        {
            "trade_id": "005e0f97-61f3-4bd7-93cd-e712207b7b8c",
            "ticker": "KXHIGHMIA-25APR26-B83.5",
            "count": 29,
            "created_time": "2025-04-26T17:55:27.428818Z",
            "yes_price": 16,
            "no_price": 84,
            "taker_side": "no"
        },
        {
            "trade_id": "0caf1206-b52c-4dee-83e1-2f8bb6542eca",
            "ticker": "KXHIGHMIA-25APR26-B83.5",
            "count": 3,
            "created_time": "2025-04-26T17:48:03.029598Z",
            "yes_price": 29,
            "no_price": 71,
            "taker_side": "yes"
        },
        {
            "trade_id": "95fcecf4-e8ef-4dd4-ac4c-415b2152f45a",
            "ticker": "KXHIGHMIA-25APR26-B83.5",
            "count": 10,
            "created_time": "2025-04-26T17:46:12.488213Z",
            "yes_price": 26,
            "no_price": 74,
            "taker_side": "yes"
        },
        {
            "trade_id": "2c633999-8f68-4665-aac1-7266419dae9d",
            "ticker": "KXHIGHMIA-25APR26-B83.5",
            "count": 50,
            "created_time": "2025-04-26T17:46:12.488213Z",
            "yes_price": 28,
            "no_price": 72,
            "taker_side": "yes"
        },
        {
            "trade_id": "85f5bd97-d668-45f9-bd8a-ea97716a93e9",
            "ticker": "KXHIGHMIA-25APR26-B83.5",
            "count": 22,
            "created_time": "2025-04-26T17:39:33.313912Z",
            "yes_price": 20,
            "no_price": 80,
            "taker_side": "no"
        },
        {
            "trade_id": "733aa286-0327-45b1-8c41-bea564f950a8",
            "ticker": "KXHIGHMIA-25APR26-B83.5",
            "count": 10,
            "created_time": "2025-04-26T17:39:33.313912Z",
            "yes_price": 21,
            "no_price": 79,
            "taker_side": "no"
        },
        {
            "trade_id": "34082a4f-8f98-42d2-96eb-6803354e72e4",
            "ticker": "KXHIGHMIA-25APR26-B83.5",
            "count": 13,
            "created_time": "2025-04-26T17:32:16.88842Z",
            "yes_price": 18,
            "no_price": 82,
            "taker_side": "no"
        },
        {
            "trade_id": "015d4a1d-aac0-4205-bd21-3446201a6faa",
            "ticker": "KXHIGHMIA-25APR26-B83.5",
            "count": 20,
            "created_time": "2025-04-26T17:32:16.88842Z",
            "yes_price": 23,
            "no_price": 77,
            "taker_side": "no"
        },
        {
            "trade_id": "d982a81c-9329-4a68-b39f-132672323811",
            "ticker": "KXHIGHMIA-25APR26-B83.5",
            "count": 11,
            "created_time": "2025-04-26T17:31:13.028101Z",
            "yes_price": 29,
            "no_price": 71,
            "taker_side": "yes"
        },
        {
            "trade_id": "6e2996db-fbef-4ab4-941b-e595fabde1f6",
            "ticker": "KXHIGHMIA-25APR26-B83.5",
            "count": 10,
            "created_time": "2025-04-26T17:31:13.028101Z",
            "yes_price": 29,
            "no_price": 71,
            "taker_side": "yes"
        },
        {
            "trade_id": "4614a23c-017b-4924-89f9-4d3c2c541ddf",
            "ticker": "KXHIGHMIA-25APR26-B83.5",
            "count": 12,
            "created_time": "2025-04-26T17:31:13.028101Z",
            "yes_price": 27,
            "no_price": 73,
            "taker_side": "yes"
        },
        {
            "trade_id": "93243ece-cbb4-439d-825c-994d1de2dca0",
            "ticker": "KXHIGHMIA-25APR26-B83.5",
            "count": 10,
            "created_time": "2025-04-26T17:26:31.646015Z",
            "yes_price": 26,
            "no_price": 74,
            "taker_side": "yes"
        },
        {
            "trade_id": "1dd86554-6b32-4b9b-ab43-8306fcb22718",
            "ticker": "KXHIGHMIA-25APR26-B83.5",
            "count": 23,
            "created_time": "2025-04-26T17:26:31.646015Z",
            "yes_price": 30,
            "no_price": 70,
            "taker_side": "yes"
        },
        {
            "trade_id": "9c34c2e9-4098-46f8-a990-cd71a9cec451",
            "ticker": "KXHIGHMIA-25APR26-B83.5",
            "count": 4,
            "created_time": "2025-04-26T17:14:06.639976Z",
            "yes_price": 36,
            "no_price": 64,
            "taker_side": "yes"
        },
        {
            "trade_id": "5e6883b3-356c-49ed-b087-22616d3d9d73",
            "ticker": "KXHIGHMIA-25APR26-B83.5",
            "count": 12,
            "created_time": "2025-04-26T17:14:06.639976Z",
            "yes_price": 42,
            "no_price": 58,
            "taker_side": "yes"
        },
        {
            "trade_id": "5020e856-562d-4dbc-908a-8b4b672b7232",
            "ticker": "KXHIGHMIA-25APR26-B83.5",
            "count": 104,
            "created_time": "2025-04-26T17:12:30.765404Z",
            "yes_price": 34,
            "no_price": 66,
            "taker_side": "no"
        },
        {
            "trade_id": "6bd0cd59-f49d-44aa-b96b-abadece8a694",
            "ticker": "KXHIGHMIA-25APR26-B83.5",
            "count": 64,
            "created_time": "2025-04-26T17:08:50.809545Z",
            "yes_price": 29,
            "no_price": 71,
            "taker_side": "no"
        },
        {
            "trade_id": "a5df14c4-2366-46ca-b81d-7a9a79284e33",
            "ticker": "KXHIGHMIA-25APR26-B83.5",
            "count": 10,
            "created_time": "2025-04-26T17:03:56.904103Z",
            "yes_price": 30,
            "no_price": 70,
            "taker_side": "yes"
        },
        {
            "trade_id": "a4551196-5396-4296-a98a-e58ecce0e582",
            "ticker": "KXHIGHMIA-25APR26-B83.5",
            "count": 10,
            "created_time": "2025-04-26T17:03:56.904103Z",
            "yes_price": 25,
            "no_price": 75,
            "taker_side": "yes"
        },
        {
            "trade_id": "5a938f0d-c44b-4b64-a145-d90f91febd21",
            "ticker": "KXHIGHMIA-25APR26-B83.5",
            "count": 50,
            "created_time": "2025-04-26T17:03:56.904103Z",
            "yes_price": 30,
            "no_price": 70,
            "taker_side": "yes"
        },
        {
            "trade_id": "b2cf7cb4-7156-4d28-b0d7-424effbf743c",
            "ticker": "KXHIGHMIA-25APR26-B83.5",
            "count": 10,
            "created_time": "2025-04-26T16:55:23.067408Z",
            "yes_price": 26,
            "no_price": 74,
            "taker_side": "yes"
        },
        {
            "trade_id": "f33e6614-f091-499f-a72b-c077e3282d9d",
            "ticker": "KXHIGHMIA-25APR26-B83.5",
            "count": 25,
            "created_time": "2025-04-26T16:48:21.522398Z",
            "yes_price": 21,
            "no_price": 79,
            "taker_side": "no"
        },
        {
            "trade_id": "dd9a09b5-3345-4c63-9980-f1db8cdfbacb",
            "ticker": "KXHIGHMIA-25APR26-B83.5",
            "count": 5,
            "created_time": "2025-04-26T16:48:21.522398Z",
            "yes_price": 20,
            "no_price": 80,
            "taker_side": "no"
        },
        {
            "trade_id": "f64e23b8-8fff-444e-9ba2-3cced0d983d9",
            "ticker": "KXHIGHMIA-25APR26-B83.5",
            "count": 10,
            "created_time": "2025-04-26T16:46:45.962168Z",
            "yes_price": 23,
            "no_price": 77,
            "taker_side": "yes"
        },
        {
            "trade_id": "2fa2dbf3-127d-43b2-bb5d-59ed4ae46d00",
            "ticker": "KXHIGHMIA-25APR26-B83.5",
            "count": 10,
            "created_time": "2025-04-26T16:46:45.962168Z",
            "yes_price": 26,
            "no_price": 74,
            "taker_side": "yes"
        },
        {
            "trade_id": "11c922cb-cc2a-4fc7-a901-74fac1468edc",
            "ticker": "KXHIGHMIA-25APR26-B83.5",
            "count": 13,
            "created_time": "2025-04-26T16:46:45.962168Z",
            "yes_price": 27,
            "no_price": 73,
            "taker_side": "yes"
        },
        {
            "trade_id": "54e70218-6657-45a6-bf8f-83319f42b59b",
            "ticker": "KXHIGHMIA-25APR26-B83.5",
            "count": 10,
            "created_time": "2025-04-26T16:20:12.681653Z",
            "yes_price": 27,
            "no_price": 73,
            "taker_side": "yes"
        },
        {
            "trade_id": "477f9dd8-3f27-4c0b-b314-8b6c6cf976eb",
            "ticker": "KXHIGHMIA-25APR26-B83.5",
            "count": 7,
            "created_time": "2025-04-26T16:20:12.681653Z",
            "yes_price": 27,
            "no_price": 73,
            "taker_side": "yes"
        },
        {
            "trade_id": "f481ae25-2bc2-4c9b-a02a-c7f8596479c0",
            "ticker": "KXHIGHMIA-25APR26-B83.5",
            "count": 10,
            "created_time": "2025-04-26T16:14:28.54131Z",
            "yes_price": 20,
            "no_price": 80,
            "taker_side": "no"
        },
        {
            "trade_id": "e2234a25-8718-4a8b-b87b-69e2fa4e1724",
            "ticker": "KXHIGHMIA-25APR26-B83.5",
            "count": 10,
            "created_time": "2025-04-26T16:12:47.220863Z",
            "yes_price": 23,
            "no_price": 77,
            "taker_side": "yes"
        },
        {
            "trade_id": "ac6f5e2f-83e7-40cf-968d-f5d6d4e74308",
            "ticker": "KXHIGHMIA-25APR26-B83.5",
            "count": 10,
            "created_time": "2025-04-26T16:12:47.220863Z",
            "yes_price": 22,
            "no_price": 78,
            "taker_side": "yes"
        },
        {
            "trade_id": "064ebcfe-0bf5-42de-9fac-1614c3f0a170",
            "ticker": "KXHIGHMIA-25APR26-B83.5",
            "count": 10,
            "created_time": "2025-04-26T16:12:47.220863Z",
            "yes_price": 19,
            "no_price": 81,
            "taker_side": "yes"
        },
        {
            "trade_id": "1ef49077-dc72-472d-b0de-9c3037b1fc29",
            "ticker": "KXHIGHMIA-25APR26-B83.5",
            "count": 5,
            "created_time": "2025-04-26T16:11:03.127801Z",
            "yes_price": 19,
            "no_price": 81,
            "taker_side": "yes"
        },
        {
            "trade_id": "1ebb12ae-e809-4bb5-95e3-bba06ca4a1ee",
            "ticker": "KXHIGHMIA-25APR26-B83.5",
            "count": 10,
            "created_time": "2025-04-26T16:10:12.853485Z",
            "yes_price": 18,
            "no_price": 82,
            "taker_side": "no"
        },
        {
            "trade_id": "b5144b8d-6be9-4cea-bd6a-71e5ae96d7a3",
            "ticker": "KXHIGHMIA-25APR26-B83.5",
            "count": 50,
            "created_time": "2025-04-26T16:07:50.941817Z",
            "yes_price": 17,
            "no_price": 83,
            "taker_side": "no"
        },
        {
            "trade_id": "c93efc95-6c75-4113-9be0-f48593213086",
            "ticker": "KXHIGHMIA-25APR26-B83.5",
            "count": 1,
            "created_time": "2025-04-26T16:07:20.149447Z",
            "yes_price": 16,
            "no_price": 84,
            "taker_side": "no"
        },
        {
            "trade_id": "26684693-2a55-4b12-af90-52b0129eaab0",
            "ticker": "KXHIGHMIA-25APR26-B83.5",
            "count": 23,
            "created_time": "2025-04-26T16:05:55.204486Z",
            "yes_price": 17,
            "no_price": 83,
            "taker_side": "no"
        },
        {
            "trade_id": "d15c8b1a-e707-4038-b5d7-b6ae33b06966",
            "ticker": "KXHIGHMIA-25APR26-B83.5",
            "count": 54,
            "created_time": "2025-04-26T16:04:37.396518Z",
            "yes_price": 26,
            "no_price": 74,
            "taker_side": "no"
        },
        {
            "trade_id": "ca69cb19-4d6b-40c3-b61a-96206040ddfb",
            "ticker": "KXHIGHMIA-25APR26-B83.5",
            "count": 12,
            "created_time": "2025-04-26T16:04:33.349372Z",
            "yes_price": 27,
            "no_price": 73,
            "taker_side": "no"
        },
        {
            "trade_id": "926f7f6d-21e5-4bd1-8829-ebeb34ed29a6",
            "ticker": "KXHIGHMIA-25APR26-B83.5",
            "count": 10,
            "created_time": "2025-04-26T16:04:28.769081Z",
            "yes_price": 28,
            "no_price": 72,
            "taker_side": "no"
        },
        {
            "trade_id": "a7be4dcf-f843-4c2c-b831-e2fcbe20c55f",
            "ticker": "KXHIGHMIA-25APR26-B83.5",
            "count": 50,
            "created_time": "2025-04-26T15:40:30.427812Z",
            "yes_price": 38,
            "no_price": 62,
            "taker_side": "yes"
        },
        {
            "trade_id": "7d00d73b-cbd8-42d6-8104-5343941714cd",
            "ticker": "KXHIGHMIA-25APR26-B83.5",
            "count": 12,
            "created_time": "2025-04-26T15:40:30.427812Z",
            "yes_price": 39,
            "no_price": 61,
            "taker_side": "yes"
        },
        {
            "trade_id": "3642a67e-547e-49c6-9ef5-9389cadccc99",
            "ticker": "KXHIGHMIA-25APR26-B83.5",
            "count": 1,
            "created_time": "2025-04-26T15:39:57.522656Z",
            "yes_price": 41,
            "no_price": 59,
            "taker_side": "no"
        },
        {
            "trade_id": "8a22b927-8dba-4e1f-b401-fc94cb82b4f0",
            "ticker": "KXHIGHMIA-25APR26-B83.5",
            "count": 7,
            "created_time": "2025-04-26T15:39:31.810409Z",
            "yes_price": 36,
            "no_price": 64,
            "taker_side": "no"
        },
        {
            "trade_id": "7834a091-5369-4c4a-8d10-a55454c87caa",
            "ticker": "KXHIGHMIA-25APR26-B83.5",
            "count": 40,
            "created_time": "2025-04-26T15:38:55.356942Z",
            "yes_price": 34,
            "no_price": 66,
            "taker_side": "yes"
        },
        {
            "trade_id": "2f15cb07-b6fc-4dff-9a17-9c12bbc0d172",
            "ticker": "KXHIGHMIA-25APR26-B83.5",
            "count": 50,
            "created_time": "2025-04-26T15:38:16.245372Z",
            "yes_price": 40,
            "no_price": 60,
            "taker_side": "no"
        },
        {
            "trade_id": "b768a37a-13d9-47af-8ce7-0a0149b11bb6",
            "ticker": "KXHIGHMIA-25APR26-B83.5",
            "count": 8,
            "created_time": "2025-04-26T15:38:01.174742Z",
            "yes_price": 38,
            "no_price": 62,
            "taker_side": "yes"
        },
        {
            "trade_id": "a7cefb42-2586-41e4-8a13-8d66a85e59d6",
            "ticker": "KXHIGHMIA-25APR26-B83.5",
            "count": 50,
            "created_time": "2025-04-26T15:38:01.174742Z",
            "yes_price": 37,
            "no_price": 63,
            "taker_side": "yes"
        },
        {
            "trade_id": "15f9485d-00aa-49bc-829b-4722939cc74b",
            "ticker": "KXHIGHMIA-25APR26-B83.5",
            "count": 6,
            "created_time": "2025-04-26T15:38:01.174742Z",
            "yes_price": 38,
            "no_price": 62,
            "taker_side": "yes"
        },
        {
            "trade_id": "892e6aff-33d1-4e6d-b40a-1ec0ab827a99",
            "ticker": "KXHIGHMIA-25APR26-B83.5",
            "count": 25,
            "created_time": "2025-04-26T15:37:32.656564Z",
            "yes_price": 41,
            "no_price": 59,
            "taker_side": "yes"
        },
        {
            "trade_id": "1650e52e-6df0-40fc-9d09-a6303894b556",
            "ticker": "KXHIGHMIA-25APR26-B83.5",
            "count": 1,
            "created_time": "2025-04-26T15:20:25.650912Z",
            "yes_price": 28,
            "no_price": 72,
            "taker_side": "yes"
        },
        {
            "trade_id": "401bffd0-e126-42b6-9525-efd9d7550118",
            "ticker": "KXHIGHMIA-25APR26-B83.5",
            "count": 26,
            "created_time": "2025-04-26T15:10:57.388924Z",
            "yes_price": 20,
            "no_price": 80,
            "taker_side": "no"
        },
        {
            "trade_id": "29487b31-4c2a-41af-af82-49dab8c09c27",
            "ticker": "KXHIGHMIA-25APR26-B83.5",
            "count": 34,
            "created_time": "2025-04-26T15:04:46.938655Z",
            "yes_price": 20,
            "no_price": 80,
            "taker_side": "no"
        },
        {
            "trade_id": "fd21bdb3-2a57-4e91-b365-fa63ef6d1501",
            "ticker": "KXHIGHMIA-25APR26-B83.5",
            "count": 7,
            "created_time": "2025-04-26T15:04:40.944833Z",
            "yes_price": 21,
            "no_price": 79,
            "taker_side": "no"
        },
        {
            "trade_id": "b5b41dc8-595e-4118-acbd-afbc9d2bc348",
            "ticker": "KXHIGHMIA-25APR26-B83.5",
            "count": 15,
            "created_time": "2025-04-26T15:04:40.944833Z",
            "yes_price": 21,
            "no_price": 79,
            "taker_side": "no"
        },
        {
            "trade_id": "af2d8d9f-b66a-40df-948c-8ceb8e1c83a1",
            "ticker": "KXHIGHMIA-25APR26-B83.5",
            "count": 3,
            "created_time": "2025-04-26T15:04:40.944833Z",
            "yes_price": 21,
            "no_price": 79,
            "taker_side": "no"
        },
        {
            "trade_id": "8de7d66f-b385-4606-941b-4ba59e7b2252",
            "ticker": "KXHIGHMIA-25APR26-B83.5",
            "count": 25,
            "created_time": "2025-04-26T15:02:55.584131Z",
            "yes_price": 37,
            "no_price": 63,
            "taker_side": "yes"
        },
        {
            "trade_id": "d6e5158c-2b48-4745-b30a-5acb43fea5dd",
            "ticker": "KXHIGHMIA-25APR26-B83.5",
            "count": 22,
            "created_time": "2025-04-26T14:56:53.108802Z",
            "yes_price": 21,
            "no_price": 79,
            "taker_side": "no"
        },
        {
            "trade_id": "cad1606e-c60f-4fff-83eb-53336e68b09d",
            "ticker": "KXHIGHMIA-25APR26-B83.5",
            "count": 15,
            "created_time": "2025-04-26T14:56:53.108802Z",
            "yes_price": 21,
            "no_price": 79,
            "taker_side": "no"
        },
        {
            "trade_id": "b02e17c5-e884-40d9-907a-65d7f1d0f114",
            "ticker": "KXHIGHMIA-25APR26-B83.5",
            "count": 2,
            "created_time": "2025-04-26T14:49:06.141928Z",
            "yes_price": 37,
            "no_price": 63,
            "taker_side": "no"
        },
        {
            "trade_id": "2713e318-283f-4dee-8764-16ec214bb895",
            "ticker": "KXHIGHMIA-25APR26-B83.5",
            "count": 11,
            "created_time": "2025-04-26T14:47:10.31238Z",
            "yes_price": 43,
            "no_price": 57,
            "taker_side": "yes"
        },
        {
            "trade_id": "a1988760-ecba-4fc7-913e-3123f00eb742",
            "ticker": "KXHIGHMIA-25APR26-B83.5",
            "count": 19,
            "created_time": "2025-04-26T14:33:13.343224Z",
            "yes_price": 45,
            "no_price": 55,
            "taker_side": "yes"
        },
        {
            "trade_id": "34e3e21f-2e88-411d-97f8-39dafb83f19a",
            "ticker": "KXHIGHMIA-25APR26-B83.5",
            "count": 25,
            "created_time": "2025-04-26T14:33:13.343224Z",
            "yes_price": 44,
            "no_price": 56,
            "taker_side": "yes"
        },
        {
            "trade_id": "8b8052e5-705b-49d4-ae04-5707cc54e50f",
            "ticker": "KXHIGHMIA-25APR26-B83.5",
            "count": 50,
            "created_time": "2025-04-26T14:33:02.274519Z",
            "yes_price": 43,
            "no_price": 57,
            "taker_side": "yes"
        },
        {
            "trade_id": "7d62077a-2bdc-42b5-8c56-35e4420c5041",
            "ticker": "KXHIGHMIA-25APR26-B83.5",
            "count": 8,
            "created_time": "2025-04-26T14:16:18.179288Z",
            "yes_price": 41,
            "no_price": 59,
            "taker_side": "no"
        },
        {
            "trade_id": "39ac0625-0a36-4a20-b904-1d697cb47eb4",
            "ticker": "KXHIGHMIA-25APR26-B83.5",
            "count": 1,
            "created_time": "2025-04-26T14:08:54.883114Z",
            "yes_price": 42,
            "no_price": 58,
            "taker_side": "yes"
        },
        {
            "trade_id": "ea682a57-e2de-4724-a6ec-1a3252937b60",
            "ticker": "KXHIGHMIA-25APR26-B83.5",
            "count": 6,
            "created_time": "2025-04-26T13:00:15.405418Z",
            "yes_price": 46,
            "no_price": 54,
            "taker_side": "yes"
        },
        {
            "trade_id": "2313d630-9644-4a2a-ab21-c87912625e05",
            "ticker": "KXHIGHMIA-25APR26-B83.5",
            "count": 15,
            "created_time": "2025-04-26T13:00:15.405418Z",
            "yes_price": 45,
            "no_price": 55,
            "taker_side": "yes"
        },
        {
            "trade_id": "d1dd5809-6af2-4c89-a656-92b9f5a17c8a",
            "ticker": "KXHIGHMIA-25APR26-B83.5",
            "count": 26,
            "created_time": "2025-04-26T12:47:41.416048Z",
            "yes_price": 44,
            "no_price": 56,
            "taker_side": "yes"
        },
        {
            "trade_id": "93e614f7-e731-46a3-b15c-d5f8b6b9744f",
            "ticker": "KXHIGHMIA-25APR26-B83.5",
            "count": 17,
            "created_time": "2025-04-26T12:47:41.416048Z",
            "yes_price": 44,
            "no_price": 56,
            "taker_side": "yes"
        },
        {
            "trade_id": "a184dea9-a92f-42f3-bac6-add2a66a996e",
            "ticker": "KXHIGHMIA-25APR26-B83.5",
            "count": 25,
            "created_time": "2025-04-26T12:00:34.572549Z",
            "yes_price": 22,
            "no_price": 78,
            "taker_side": "yes"
        },
        {
            "trade_id": "634d60f9-3f47-487b-824d-7b5a95266324",
            "ticker": "KXHIGHMIA-25APR26-B83.5",
            "count": 15,
            "created_time": "2025-04-26T12:00:34.572549Z",
            "yes_price": 22,
            "no_price": 78,
            "taker_side": "yes"
        },
        {
            "trade_id": "f132e5ec-6985-44c4-8c59-027bc1521677",
            "ticker": "KXHIGHMIA-25APR26-B83.5",
            "count": 26,
            "created_time": "2025-04-26T12:00:10.375775Z",
            "yes_price": 36,
            "no_price": 64,
            "taker_side": "no"
        },
        {
            "trade_id": "92f4d2dc-7161-4534-8cfc-41a662bbbdbf",
            "ticker": "KXHIGHMIA-25APR26-B83.5",
            "count": 25,
            "created_time": "2025-04-26T12:00:10.375775Z",
            "yes_price": 37,
            "no_price": 63,
            "taker_side": "no"
        },
        {
            "trade_id": "3d822af0-4a8d-4b98-8eab-56b69aeb4a92",
            "ticker": "KXHIGHMIA-25APR26-B83.5",
            "count": 1,
            "created_time": "2025-04-26T12:00:10.375775Z",
            "yes_price": 25,
            "no_price": 75,
            "taker_side": "no"
        },
        {
            "trade_id": "22b3b203-5998-48af-9b91-28d2d1a09ea5",
            "ticker": "KXHIGHMIA-25APR26-B83.5",
            "count": 15,
            "created_time": "2025-04-26T12:00:10.375775Z",
            "yes_price": 37,
            "no_price": 63,
            "taker_side": "no"
        },
        {
            "trade_id": "8529ad52-157f-4345-a791-edb2f2d92724",
            "ticker": "KXHIGHMIA-25APR26-B83.5",
            "count": 18,
            "created_time": "2025-04-26T06:40:51.69269Z",
            "yes_price": 41,
            "no_price": 59,
            "taker_side": "yes"
        },
        {
            "trade_id": "80860d8e-8ad7-4ea8-9c1c-ce65e42eb0de",
            "ticker": "KXHIGHMIA-25APR26-B83.5",
            "count": 40,
            "created_time": "2025-04-26T06:40:51.69269Z",
            "yes_price": 41,
            "no_price": 59,
            "taker_side": "yes"
        },
        {
            "trade_id": "77b0436c-6eac-4c2b-8475-24b5f3e51f31",
            "ticker": "KXHIGHMIA-25APR26-B83.5",
            "count": 30,
            "created_time": "2025-04-26T06:40:51.69269Z",
            "yes_price": 43,
            "no_price": 57,
            "taker_side": "yes"
        },
        {
            "trade_id": "440c044a-36ec-4e92-9e59-9c58b4d1f783",
            "ticker": "KXHIGHMIA-25APR26-B83.5",
            "count": 64,
            "created_time": "2025-04-26T06:40:51.69269Z",
            "yes_price": 41,
            "no_price": 59,
            "taker_side": "yes"
        },
        {
            "trade_id": "37d7ef1a-b543-42f4-99b8-310007188f4b",
            "ticker": "KXHIGHMIA-25APR26-B83.5",
            "count": 40,
            "created_time": "2025-04-26T06:40:51.69269Z",
            "yes_price": 42,
            "no_price": 58,
            "taker_side": "yes"
        },
        {
            "trade_id": "3270ebf2-87ce-4b95-80cd-82017a4121c4",
            "ticker": "KXHIGHMIA-25APR26-B83.5",
            "count": 40,
            "created_time": "2025-04-26T06:40:51.69269Z",
            "yes_price": 40,
            "no_price": 60,
            "taker_side": "yes"
        },
        {
            "trade_id": "e3137ef8-6e3e-44db-b5c1-3873f4bfb641",
            "ticker": "KXHIGHMIA-25APR26-B83.5",
            "count": 27,
            "created_time": "2025-04-26T05:24:17.566151Z",
            "yes_price": 29,
            "no_price": 71,
            "taker_side": "no"
        },
        {
            "trade_id": "64aaf543-113b-412d-86a0-b181dd2ffc72",
            "ticker": "KXHIGHMIA-25APR26-B83.5",
            "count": 43,
            "created_time": "2025-04-26T05:24:17.486816Z",
            "yes_price": 29,
            "no_price": 71,
            "taker_side": "no"
        },
        {
            "trade_id": "db4bc799-edf0-4526-9faf-d25d3f0c2104",
            "ticker": "KXHIGHMIA-25APR26-B83.5",
            "count": 10,
            "created_time": "2025-04-26T05:21:21.487525Z",
            "yes_price": 35,
            "no_price": 65,
            "taker_side": "no"
        },
        {
            "trade_id": "43e249a9-a980-44d3-8edc-e897ee31f311",
            "ticker": "KXHIGHMIA-25APR26-B83.5",
            "count": 33,
            "created_time": "2025-04-26T05:21:21.426707Z",
            "yes_price": 36,
            "no_price": 64,
            "taker_side": "no"
        },
        {
            "trade_id": "f7a4f12c-6c32-476c-9167-84ca6d13e91e",
            "ticker": "KXHIGHMIA-25APR26-B83.5",
            "count": 10,
            "created_time": "2025-04-26T05:21:21.366751Z",
            "yes_price": 36,
            "no_price": 64,
            "taker_side": "no"
        },
        {
            "trade_id": "eca2f24f-ebcf-4b9c-ace4-3ea35fb78e9b",
            "ticker": "KXHIGHMIA-25APR26-B83.5",
            "count": 26,
            "created_time": "2025-04-26T05:06:18.782654Z",
            "yes_price": 54,
            "no_price": 46,
            "taker_side": "no"
        },
        {
            "trade_id": "6bde881a-56b8-45c9-bbb9-afe2ebb855b9",
            "ticker": "KXHIGHMIA-25APR26-B83.5",
            "count": 14,
            "created_time": "2025-04-26T05:06:18.664444Z",
            "yes_price": 54,
            "no_price": 46,
            "taker_side": "no"
        },
        {
            "trade_id": "465e4c50-d5ce-47fe-aaa7-fbc17c290bcc",
            "ticker": "KXHIGHMIA-25APR26-B83.5",
            "count": 4,
            "created_time": "2025-04-26T05:06:18.664444Z",
            "yes_price": 55,
            "no_price": 45,
            "taker_side": "no"
        },
        {
            "trade_id": "d488c85b-6086-41d4-aa99-a01b30e58345",
            "ticker": "KXHIGHMIA-25APR26-B83.5",
            "count": 6,
            "created_time": "2025-04-26T04:58:56.729916Z",
            "yes_price": 56,
            "no_price": 44,
            "taker_side": "yes"
        },
        {
            "trade_id": "7951d99f-f0c9-467d-a70c-87a50b1c0002",
            "ticker": "KXHIGHMIA-25APR26-B83.5",
            "count": 11,
            "created_time": "2025-04-26T04:58:56.729916Z",
            "yes_price": 57,
            "no_price": 43,
            "taker_side": "yes"
        },
        {
            "trade_id": "ef82ae1b-b5d8-4682-9d89-b2cad2ca3a4d",
            "ticker": "KXHIGHMIA-25APR26-B83.5",
            "count": 7,
            "created_time": "2025-04-26T04:57:35.791045Z",
            "yes_price": 55,
            "no_price": 45,
            "taker_side": "no"
        },
        {
            "trade_id": "8fc51770-91f3-4736-81d1-cad27b54ce5c",
            "ticker": "KXHIGHMIA-25APR26-B83.5",
            "count": 11,
            "created_time": "2025-04-26T04:57:35.791045Z",
            "yes_price": 55,
            "no_price": 45,
            "taker_side": "no"
        },
        {
            "trade_id": "5d08bdc2-8e1c-4c30-856f-26fe996af262",
            "ticker": "KXHIGHMIA-25APR26-B83.5",
            "count": 34,
            "created_time": "2025-04-26T04:54:31.513942Z",
            "yes_price": 56,
            "no_price": 44,
            "taker_side": "yes"
        },
        {
            "trade_id": "82936c37-e9ea-4cd3-94ec-061cc5e70c97",
            "ticker": "KXHIGHMIA-25APR26-B83.5",
            "count": 15,
            "created_time": "2025-04-26T04:45:23.01489Z",
            "yes_price": 55,
            "no_price": 45,
            "taker_side": "yes"
        },
        {
            "trade_id": "41c66467-87d8-4502-a0ea-c245c284b9c2",
            "ticker": "KXHIGHMIA-25APR26-B83.5",
            "count": 14,
            "created_time": "2025-04-26T04:45:23.01489Z",
            "yes_price": 55,
            "no_price": 45,
            "taker_side": "yes"
        },
        {
            "trade_id": "4ce27707-d890-4736-ae7b-2e7d21b56674",
            "ticker": "KXHIGHMIA-25APR26-B83.5",
            "count": 36,
            "created_time": "2025-04-26T04:45:19.50228Z",
            "yes_price": 52,
            "no_price": 48,
            "taker_side": "no"
        },
        {
            "trade_id": "976a5688-b91e-46d8-a521-65edd54a260b",
            "ticker": "KXHIGHMIA-25APR26-B83.5",
            "count": 100,
            "created_time": "2025-04-26T04:45:19.393943Z",
            "yes_price": 50,
            "no_price": 50,
            "taker_side": "yes"
        },
        {
            "trade_id": "fd989123-b6bb-405b-8154-d2a037723a80",
            "ticker": "KXHIGHMIA-25APR26-B83.5",
            "count": 32,
            "created_time": "2025-04-26T04:31:53.188957Z",
            "yes_price": 51,
            "no_price": 49,
            "taker_side": "yes"
        },
        {
            "trade_id": "f9caf0f0-fa2c-4009-a4d2-3385f7d93095",
            "ticker": "KXHIGHMIA-25APR26-B83.5",
            "count": 51,
            "created_time": "2025-04-26T04:31:53.188957Z",
            "yes_price": 55,
            "no_price": 45,
            "taker_side": "yes"
        },
        {
            "trade_id": "1583f3ff-3d8e-4ba2-9db1-ca4d09047b8f",
            "ticker": "KXHIGHMIA-25APR26-B83.5",
            "count": 7,
            "created_time": "2025-04-26T04:31:53.188957Z",
            "yes_price": 54,
            "no_price": 46,
            "taker_side": "yes"
        },
        {
            "trade_id": "7666d986-3a53-46f4-96fd-6a76c803e6c0",
            "ticker": "KXHIGHMIA-25APR26-B83.5",
            "count": 24,
            "created_time": "2025-04-26T04:26:00.57593Z",
            "yes_price": 48,
            "no_price": 52,
            "taker_side": "yes"
        },
        {
            "trade_id": "082f60f3-d9a1-4edc-9422-352b5687283e",
            "ticker": "KXHIGHMIA-25APR26-B83.5",
            "count": 76,
            "created_time": "2025-04-26T04:26:00.57593Z",
            "yes_price": 48,
            "no_price": 52,
            "taker_side": "yes"
        },
        {
            "trade_id": "9cf5dffd-f549-4a9f-b6f6-97db8280415a",
            "ticker": "KXHIGHMIA-25APR26-B83.5",
            "count": 24,
            "created_time": "2025-04-26T03:51:11.627657Z",
            "yes_price": 37,
            "no_price": 63,
            "taker_side": "yes"
        },
        {
            "trade_id": "8e385c6f-3f08-45ce-92ec-c1c51fb76af0",
            "ticker": "KXHIGHMIA-25APR26-B83.5",
            "count": 76,
            "created_time": "2025-04-26T03:51:11.627657Z",
            "yes_price": 37,
            "no_price": 63,
            "taker_side": "yes"
        },
        {
            "trade_id": "cda73351-f8c0-4ef2-a419-0a2c30811f4f",
            "ticker": "KXHIGHMIA-25APR26-B83.5",
            "count": 15,
            "created_time": "2025-04-26T03:42:41.836834Z",
            "yes_price": 40,
            "no_price": 60,
            "taker_side": "no"
        },
        {
            "trade_id": "dafe4161-ee34-48e1-8a82-3fddb08f0c54",
            "ticker": "KXHIGHMIA-25APR26-B83.5",
            "count": 35,
            "created_time": "2025-04-26T03:42:36.133924Z",
            "yes_price": 40,
            "no_price": 60,
            "taker_side": "no"
        },
        {
            "trade_id": "b514fc40-370d-4426-b7a7-c436d5378543",
            "ticker": "KXHIGHMIA-25APR26-B83.5",
            "count": 50,
            "created_time": "2025-04-26T03:42:36.133924Z",
            "yes_price": 40,
            "no_price": 60,
            "taker_side": "no"
        },
        {
            "trade_id": "e4f97a5e-6293-488c-88ea-3177637f0e21",
            "ticker": "KXHIGHMIA-25APR26-B83.5",
            "count": 24,
            "created_time": "2025-04-26T03:42:30.748301Z",
            "yes_price": 41,
            "no_price": 59,
            "taker_side": "yes"
        },
        {
            "trade_id": "42c70382-38dc-479e-9214-c32e160d9830",
            "ticker": "KXHIGHMIA-25APR26-B83.5",
            "count": 144,
            "created_time": "2025-04-26T03:42:30.697299Z",
            "yes_price": 50,
            "no_price": 50,
            "taker_side": "no"
        },
        {
            "trade_id": "16f088cc-4555-4fd9-9172-04906e70cafe",
            "ticker": "KXHIGHMIA-25APR26-B83.5",
            "count": 101,
            "created_time": "2025-04-26T03:42:30.697299Z",
            "yes_price": 41,
            "no_price": 59,
            "taker_side": "no"
        },
        {
            "trade_id": "c0cd6019-501c-476f-b095-b3ce44d737ad",
            "ticker": "KXHIGHMIA-25APR26-B83.5",
            "count": 56,
            "created_time": "2025-04-26T03:42:30.633182Z",
            "yes_price": 50,
            "no_price": 50,
            "taker_side": "no"
        },
        {
            "trade_id": "16cd95b8-54af-4fa8-890a-cd055f8d5939",
            "ticker": "KXHIGHMIA-25APR26-B83.5",
            "count": 50,
            "created_time": "2025-04-26T03:42:27.365986Z",
            "yes_price": 50,
            "no_price": 50,
            "taker_side": "no"
        },
        {
            "trade_id": "45c54a2c-2c80-476d-81d9-584d1002a399",
            "ticker": "KXHIGHMIA-25APR26-B83.5",
            "count": 50,
            "created_time": "2025-04-26T03:12:53.34053Z",
            "yes_price": 52,
            "no_price": 48,
            "taker_side": "yes"
        },
        {
            "trade_id": "4cd8805d-6229-48c7-b050-fedfc10b4c31",
            "ticker": "KXHIGHMIA-25APR26-B83.5",
            "count": 3,
            "created_time": "2025-04-26T02:59:46.894041Z",
            "yes_price": 52,
            "no_price": 48,
            "taker_side": "yes"
        },
        {
            "trade_id": "b28fdeb7-36f4-4309-9627-73dab3d890e2",
            "ticker": "KXHIGHMIA-25APR26-B83.5",
            "count": 18,
            "created_time": "2025-04-26T02:50:17.388828Z",
            "yes_price": 52,
            "no_price": 48,
            "taker_side": "yes"
        },
        {
            "trade_id": "eb2b1a69-9868-42d7-9a1d-97fac67a0afb",
            "ticker": "KXHIGHMIA-25APR26-B83.5",
            "count": 5,
            "created_time": "2025-04-26T02:33:17.711234Z",
            "yes_price": 51,
            "no_price": 49,
            "taker_side": "no"
        },
        {
            "trade_id": "b6ac57e7-b2e2-4fca-87cd-8c406133845a",
            "ticker": "KXHIGHMIA-25APR26-B83.5",
            "count": 3,
            "created_time": "2025-04-26T02:20:18.616035Z",
            "yes_price": 55,
            "no_price": 45,
            "taker_side": "yes"
        },
        {
            "trade_id": "550fde2c-33ca-4f1a-bfb0-35164737ea3c",
            "ticker": "KXHIGHMIA-25APR26-B83.5",
            "count": 11,
            "created_time": "2025-04-26T02:20:18.616035Z",
            "yes_price": 53,
            "no_price": 47,
            "taker_side": "yes"
        },
        {
            "trade_id": "82316bab-1c18-4712-b4ea-877a75aa3ca1",
            "ticker": "KXHIGHMIA-25APR26-B83.5",
            "count": 12,
            "created_time": "2025-04-26T02:17:20.040138Z",
            "yes_price": 53,
            "no_price": 47,
            "taker_side": "yes"
        },
        {
            "trade_id": "6f1cde0a-c84d-4ebc-93cd-a6438ed5cc42",
            "ticker": "KXHIGHMIA-25APR26-B83.5",
            "count": 9,
            "created_time": "2025-04-26T02:17:20.040138Z",
            "yes_price": 53,
            "no_price": 47,
            "taker_side": "yes"
        },
        {
            "trade_id": "db0ceee7-dd65-47f0-83f6-11f6eafcb44e",
            "ticker": "KXHIGHMIA-25APR26-B83.5",
            "count": 1,
            "created_time": "2025-04-26T01:45:47.661445Z",
            "yes_price": 52,
            "no_price": 48,
            "taker_side": "yes"
        },
        {
            "trade_id": "61ba0897-712e-4eb7-876f-ae9ed076df8c",
            "ticker": "KXHIGHMIA-25APR26-B83.5",
            "count": 3,
            "created_time": "2025-04-25T23:52:09.939086Z",
            "yes_price": 54,
            "no_price": 46,
            "taker_side": "yes"
        },
        {
            "trade_id": "42679cac-45df-4e57-a5be-bce324ce5643",
            "ticker": "KXHIGHMIA-25APR26-B83.5",
            "count": 31,
            "created_time": "2025-04-25T23:52:09.939086Z",
            "yes_price": 52,
            "no_price": 48,
            "taker_side": "yes"
        },
        {
            "trade_id": "340ac3d1-94cf-41f1-b6f3-3dfff9ddbaeb",
            "ticker": "KXHIGHMIA-25APR26-B83.5",
            "count": 3,
            "created_time": "2025-04-25T23:52:09.939086Z",
            "yes_price": 53,
            "no_price": 47,
            "taker_side": "yes"
        },
        {
            "trade_id": "fa4f7b7e-f356-4bf5-a69d-00573d4ffd3b",
            "ticker": "KXHIGHMIA-25APR26-B83.5",
            "count": 24,
            "created_time": "2025-04-25T22:11:07.054364Z",
            "yes_price": 48,
            "no_price": 52,
            "taker_side": "no"
        },
        {
            "trade_id": "463ba767-954b-40df-90dd-8715123135b4",
            "ticker": "KXHIGHMIA-25APR26-B83.5",
            "count": 13,
            "created_time": "2025-04-25T22:11:07.054364Z",
            "yes_price": 48,
            "no_price": 52,
            "taker_side": "no"
        },
        {
            "trade_id": "0df5d728-33d9-4c2c-939f-a824921a7949",
            "ticker": "KXHIGHMIA-25APR26-B83.5",
            "count": 21,
            "created_time": "2025-04-25T22:03:27.012843Z",
            "yes_price": 48,
            "no_price": 52,
            "taker_side": "no"
        },
        {
            "trade_id": "64d44be0-58c5-4492-8e3f-4ad4a825904a",
            "ticker": "KXHIGHMIA-25APR26-B83.5",
            "count": 21,
            "created_time": "2025-04-25T22:03:26.914985Z",
            "yes_price": 48,
            "no_price": 52,
            "taker_side": "yes"
        },
        {
            "trade_id": "3b55c6dd-e8d8-4c20-af0e-9a72342d79f6",
            "ticker": "KXHIGHMIA-25APR26-B83.5",
            "count": 4,
            "created_time": "2025-04-25T22:03:23.980874Z",
            "yes_price": 49,
            "no_price": 51,
            "taker_side": "yes"
        },
        {
            "trade_id": "178a97af-f867-4a2b-8c0c-29b6fd6fff25",
            "ticker": "KXHIGHMIA-25APR26-B83.5",
            "count": 7,
            "created_time": "2025-04-25T22:03:23.980874Z",
            "yes_price": 48,
            "no_price": 52,
            "taker_side": "yes"
        },
        {
            "trade_id": "aee4f56b-e9c3-4fde-9c8f-8b8be99dd282",
            "ticker": "KXHIGHMIA-25APR26-B83.5",
            "count": 26,
            "created_time": "2025-04-25T22:03:23.940124Z",
            "yes_price": 47,
            "no_price": 53,
            "taker_side": "no"
        },
        {
            "trade_id": "23bdf679-77aa-46a7-bd66-0105b25962f6",
            "ticker": "KXHIGHMIA-25APR26-B83.5",
            "count": 26,
            "created_time": "2025-04-25T22:03:23.886533Z",
            "yes_price": 47,
            "no_price": 53,
            "taker_side": "yes"
        },
        {
            "trade_id": "4a02edf0-2f4d-42c0-84e8-0a436a7f5104",
            "ticker": "KXHIGHMIA-25APR26-B83.5",
            "count": 1,
            "created_time": "2025-04-25T21:12:22.187848Z",
            "yes_price": 41,
            "no_price": 59,
            "taker_side": "no"
        },
        {
            "trade_id": "4d314b3c-f4a7-4709-99d4-f2066e834964",
            "ticker": "KXHIGHMIA-25APR26-B83.5",
            "count": 30,
            "created_time": "2025-04-25T20:39:09.760799Z",
            "yes_price": 47,
            "no_price": 53,
            "taker_side": "yes"
        },
        {
            "trade_id": "a3f5fa2d-8d93-4500-9d70-2098e7d095f9",
            "ticker": "KXHIGHMIA-25APR26-B83.5",
            "count": 10,
            "created_time": "2025-04-25T19:45:03.560667Z",
            "yes_price": 54,
            "no_price": 46,
            "taker_side": "yes"
        },
        {
            "trade_id": "81316573-b14e-43c5-8391-ae5c5cd82696",
            "ticker": "KXHIGHMIA-25APR26-B83.5",
            "count": 10,
            "created_time": "2025-04-25T19:41:06.302653Z",
            "yes_price": 54,
            "no_price": 46,
            "taker_side": "yes"
        },
        {
            "trade_id": "d1522365-f6f1-4832-8b78-4c7d8960cc7c",
            "ticker": "KXHIGHMIA-25APR26-B83.5",
            "count": 27,
            "created_time": "2025-04-25T19:40:33.467188Z",
            "yes_price": 51,
            "no_price": 49,
            "taker_side": "no"
        },
        {
            "trade_id": "0d768683-b9a9-458d-b207-e89cce94508b",
            "ticker": "KXHIGHMIA-25APR26-B83.5",
            "count": 20,
            "created_time": "2025-04-25T19:26:16.658672Z",
            "yes_price": 57,
            "no_price": 43,
            "taker_side": "yes"
        },
        {
            "trade_id": "de2269bb-1abb-4d0e-a5e6-bde7d03ade1f",
            "ticker": "KXHIGHMIA-25APR26-B83.5",
            "count": 6,
            "created_time": "2025-04-25T15:51:27.085884Z",
            "yes_price": 59,
            "no_price": 41,
            "taker_side": "yes"
        },
        {
            "trade_id": "ed56c7e9-7e8a-458f-8d6f-6a16d308bc74",
            "ticker": "KXHIGHMIA-25APR26-B83.5",
            "count": 15,
            "created_time": "2025-04-25T15:36:23.314672Z",
            "yes_price": 59,
            "no_price": 41,
            "taker_side": "no"
        },
        {
            "trade_id": "d8c32791-b459-4f41-9926-3f11957954c8",
            "ticker": "KXHIGHMIA-25APR26-B83.5",
            "count": 10,
            "created_time": "2025-04-25T15:36:20.521496Z",
            "yes_price": 59,
            "no_price": 41,
            "taker_side": "no"
        },
        {
            "trade_id": "d9ed1dfd-d934-4c33-a179-8502f9351c71",
            "ticker": "KXHIGHMIA-25APR26-B83.5",
            "count": 10,
            "created_time": "2025-04-25T15:36:20.366034Z",
            "yes_price": 55,
            "no_price": 45,
            "taker_side": "yes"
        },
        {
            "trade_id": "2a6a7760-01aa-45c9-aa8f-b6847a471e2c",
            "ticker": "KXHIGHMIA-25APR26-B83.5",
            "count": 31,
            "created_time": "2025-04-25T15:36:20.366034Z",
            "yes_price": 56,
            "no_price": 44,
            "taker_side": "yes"
        },
        {
            "trade_id": "6ffbd40a-8efc-4b57-a276-0f5a654edb45",
            "ticker": "KXHIGHMIA-25APR26-B83.5",
            "count": 15,
            "created_time": "2025-04-25T15:33:27.147919Z",
            "yes_price": 54,
            "no_price": 46,
            "taker_side": "no"
        },
        {
            "trade_id": "15a11b74-fca6-4416-a3fe-6b5f76d07b1f",
            "ticker": "KXHIGHMIA-25APR26-B83.5",
            "count": 1,
            "created_time": "2025-04-25T14:19:44.763169Z",
            "yes_price": 56,
            "no_price": 44,
            "taker_side": "yes"
        }
    ],
    "KXHIGHMIA-25APR26-B85.5": [
        {
            "trade_id": "3285f64f-eb9a-4a05-950a-c5259fbeb5ff",
            "ticker": "KXHIGHMIA-25APR26-B85.5",
            "count": 79,
            "created_time": "2025-04-27T00:36:49.559169Z",
            "yes_price": 99,
            "no_price": 1,
            "taker_side": "no"
        },
        {
            "trade_id": "0830a614-feb3-45ba-a780-1799e925d926",
            "ticker": "KXHIGHMIA-25APR26-B85.5",
            "count": 86,
            "created_time": "2025-04-27T00:36:49.559169Z",
            "yes_price": 99,
            "no_price": 1,
            "taker_side": "no"
        },
        {
            "trade_id": "2a6a3e9e-cca5-4690-a9bf-6632f8044a9c",
            "ticker": "KXHIGHMIA-25APR26-B85.5",
            "count": 75,
            "created_time": "2025-04-26T21:41:37.77473Z",
            "yes_price": 99,
            "no_price": 1,
            "taker_side": "no"
        },
        {
            "trade_id": "19f65cda-04b2-4b7c-a7f7-7a18490df143",
            "ticker": "KXHIGHMIA-25APR26-B85.5",
            "count": 209,
            "created_time": "2025-04-26T20:29:24.534343Z",
            "yes_price": 99,
            "no_price": 1,
            "taker_side": "no"
        },
        {
            "trade_id": "e66f9646-56a7-4887-be01-751e9e2bc065",
            "ticker": "KXHIGHMIA-25APR26-B85.5",
            "count": 30,
            "created_time": "2025-04-26T20:04:44.980311Z",
            "yes_price": 99,
            "no_price": 1,
            "taker_side": "no"
        },
        {
            "trade_id": "9156bdee-b6c6-4937-a663-6091200d7b73",
            "ticker": "KXHIGHMIA-25APR26-B85.5",
            "count": 15,
            "created_time": "2025-04-26T19:20:49.179329Z",
            "yes_price": 98,
            "no_price": 2,
            "taker_side": "no"
        },
        {
            "trade_id": "be699381-8041-483f-8f57-47249d84b882",
            "ticker": "KXHIGHMIA-25APR26-B85.5",
            "count": 100,
            "created_time": "2025-04-26T19:14:27.585944Z",
            "yes_price": 99,
            "no_price": 1,
            "taker_side": "yes"
        },
        {
            "trade_id": "b87f5245-46bb-4b80-b074-ff8944744316",
            "ticker": "KXHIGHMIA-25APR26-B85.5",
            "count": 100,
            "created_time": "2025-04-26T19:14:27.585944Z",
            "yes_price": 99,
            "no_price": 1,
            "taker_side": "yes"
        },
        {
            "trade_id": "abd84083-fbe4-4ab6-b8d2-6618a6b8db1d",
            "ticker": "KXHIGHMIA-25APR26-B85.5",
            "count": 5,
            "created_time": "2025-04-26T19:14:27.585944Z",
            "yes_price": 99,
            "no_price": 1,
            "taker_side": "yes"
        },
        {
            "trade_id": "7ff1c4c8-fee0-436c-a24a-2149b23d95d8",
            "ticker": "KXHIGHMIA-25APR26-B85.5",
            "count": 10,
            "created_time": "2025-04-26T19:14:27.585944Z",
            "yes_price": 99,
            "no_price": 1,
            "taker_side": "yes"
        },
        {
            "trade_id": "4d41f626-d4b1-4561-94a1-6e0303c36969",
            "ticker": "KXHIGHMIA-25APR26-B85.5",
            "count": 39,
            "created_time": "2025-04-26T19:14:27.585944Z",
            "yes_price": 99,
            "no_price": 1,
            "taker_side": "yes"
        },
        {
            "trade_id": "2b47fe37-fb3f-4ada-954b-747180ad2d4b",
            "ticker": "KXHIGHMIA-25APR26-B85.5",
            "count": 200,
            "created_time": "2025-04-26T19:14:27.585944Z",
            "yes_price": 99,
            "no_price": 1,
            "taker_side": "yes"
        },
        {
            "trade_id": "ffada152-d2e5-4a09-b7bb-e78959193456",
            "ticker": "KXHIGHMIA-25APR26-B85.5",
            "count": 300,
            "created_time": "2025-04-26T19:01:12.092924Z",
            "yes_price": 99,
            "no_price": 1,
            "taker_side": "yes"
        },
        {
            "trade_id": "e7327e24-6425-438d-aee6-c7c82306bf6c",
            "ticker": "KXHIGHMIA-25APR26-B85.5",
            "count": 26,
            "created_time": "2025-04-26T18:56:19.444935Z",
            "yes_price": 98,
            "no_price": 2,
            "taker_side": "yes"
        },
        {
            "trade_id": "6b324896-df77-4d06-a5c5-7f318691e69d",
            "ticker": "KXHIGHMIA-25APR26-B85.5",
            "count": 7,
            "created_time": "2025-04-26T18:56:19.444935Z",
            "yes_price": 98,
            "no_price": 2,
            "taker_side": "yes"
        },
        {
            "trade_id": "4e6dd864-6354-4554-bf14-da1c05b18ef4",
            "ticker": "KXHIGHMIA-25APR26-B85.5",
            "count": 74,
            "created_time": "2025-04-26T18:47:45.419048Z",
            "yes_price": 98,
            "no_price": 2,
            "taker_side": "no"
        },
        {
            "trade_id": "e0be1c9c-fb7b-4d5f-861f-980de0db0e9c",
            "ticker": "KXHIGHMIA-25APR26-B85.5",
            "count": 8,
            "created_time": "2025-04-26T18:47:45.355563Z",
            "yes_price": 98,
            "no_price": 2,
            "taker_side": "yes"
        },
        {
            "trade_id": "96da8a8b-d3f8-4d47-badc-24c525b98d73",
            "ticker": "KXHIGHMIA-25APR26-B85.5",
            "count": 24,
            "created_time": "2025-04-26T18:47:45.355563Z",
            "yes_price": 98,
            "no_price": 2,
            "taker_side": "yes"
        },
        {
            "trade_id": "89c2a7f5-2cf8-4a2e-914d-39bb1d9ea420",
            "ticker": "KXHIGHMIA-25APR26-B85.5",
            "count": 4,
            "created_time": "2025-04-26T18:42:26.981093Z",
            "yes_price": 98,
            "no_price": 2,
            "taker_side": "yes"
        },
        {
            "trade_id": "9a5c1dc0-3965-4af7-b31a-2bcb0c3650d4",
            "ticker": "KXHIGHMIA-25APR26-B85.5",
            "count": 9,
            "created_time": "2025-04-26T18:15:39.041721Z",
            "yes_price": 98,
            "no_price": 2,
            "taker_side": "no"
        },
        {
            "trade_id": "79717a3e-8162-4efe-9fce-1e9da6992c96",
            "ticker": "KXHIGHMIA-25APR26-B85.5",
            "count": 30,
            "created_time": "2025-04-26T18:15:37.975899Z",
            "yes_price": 98,
            "no_price": 2,
            "taker_side": "no"
        },
        {
            "trade_id": "6b9f39e5-0234-4494-a88d-93e1c74fcca4",
            "ticker": "KXHIGHMIA-25APR26-B85.5",
            "count": 283,
            "created_time": "2025-04-26T18:14:25.141019Z",
            "yes_price": 98,
            "no_price": 2,
            "taker_side": "no"
        },
        {
            "trade_id": "85f85118-93db-43d6-849b-a9230fa248f3",
            "ticker": "KXHIGHMIA-25APR26-B85.5",
            "count": 18,
            "created_time": "2025-04-26T18:14:15.341876Z",
            "yes_price": 98,
            "no_price": 2,
            "taker_side": "no"
        },
        {
            "trade_id": "ca869d57-524e-483d-9fe9-4264b0047e45",
            "ticker": "KXHIGHMIA-25APR26-B85.5",
            "count": 33,
            "created_time": "2025-04-26T18:12:55.071727Z",
            "yes_price": 98,
            "no_price": 2,
            "taker_side": "yes"
        },
        {
            "trade_id": "b3e75b02-751a-4068-8e7f-08ce5aa43f94",
            "ticker": "KXHIGHMIA-25APR26-B85.5",
            "count": 50,
            "created_time": "2025-04-26T18:12:55.071727Z",
            "yes_price": 98,
            "no_price": 2,
            "taker_side": "yes"
        },
        {
            "trade_id": "5e86daca-e201-40e0-8966-1026f92febf0",
            "ticker": "KXHIGHMIA-25APR26-B85.5",
            "count": 10,
            "created_time": "2025-04-26T18:12:55.071727Z",
            "yes_price": 98,
            "no_price": 2,
            "taker_side": "yes"
        },
        {
            "trade_id": "1e7a4639-493c-4e14-84ef-3db0aec112de",
            "ticker": "KXHIGHMIA-25APR26-B85.5",
            "count": 180,
            "created_time": "2025-04-26T18:08:10.929816Z",
            "yes_price": 95,
            "no_price": 5,
            "taker_side": "no"
        },
        {
            "trade_id": "de5c7cbd-a523-40da-b0a1-1240ac3b0be6",
            "ticker": "KXHIGHMIA-25APR26-B85.5",
            "count": 12,
            "created_time": "2025-04-26T18:01:02.966641Z",
            "yes_price": 98,
            "no_price": 2,
            "taker_side": "yes"
        },
        {
            "trade_id": "c87a754d-8d71-4e81-80ff-6995f1fbea7d",
            "ticker": "KXHIGHMIA-25APR26-B85.5",
            "count": 50,
            "created_time": "2025-04-26T18:01:02.966641Z",
            "yes_price": 98,
            "no_price": 2,
            "taker_side": "yes"
        },
        {
            "trade_id": "a5e7259b-7ddf-4a91-a93b-9e6d1320e80e",
            "ticker": "KXHIGHMIA-25APR26-B85.5",
            "count": 50,
            "created_time": "2025-04-26T18:01:02.966641Z",
            "yes_price": 97,
            "no_price": 3,
            "taker_side": "yes"
        },
        {
            "trade_id": "945a9322-c3ca-49c9-a7fd-bf7ed9baa657",
            "ticker": "KXHIGHMIA-25APR26-B85.5",
            "count": 50,
            "created_time": "2025-04-26T18:01:02.966641Z",
            "yes_price": 97,
            "no_price": 3,
            "taker_side": "yes"
        },
        {
            "trade_id": "33c150c3-ed5c-4f5a-a299-db8ba1f10c4d",
            "ticker": "KXHIGHMIA-25APR26-B85.5",
            "count": 18,
            "created_time": "2025-04-26T18:01:02.966641Z",
            "yes_price": 97,
            "no_price": 3,
            "taker_side": "yes"
        },
        {
            "trade_id": "2b721d31-a9a6-415a-8b8c-72638e330547",
            "ticker": "KXHIGHMIA-25APR26-B85.5",
            "count": 50,
            "created_time": "2025-04-26T18:01:02.966641Z",
            "yes_price": 96,
            "no_price": 4,
            "taker_side": "yes"
        },
        {
            "trade_id": "d2822909-f034-4351-9cc7-81c0ddf41c11",
            "ticker": "KXHIGHMIA-25APR26-B85.5",
            "count": 4,
            "created_time": "2025-04-26T18:00:32.921727Z",
            "yes_price": 95,
            "no_price": 5,
            "taker_side": "yes"
        },
        {
            "trade_id": "3fcf69f4-388d-430e-864a-7b76a1ab1db7",
            "ticker": "KXHIGHMIA-25APR26-B85.5",
            "count": 11,
            "created_time": "2025-04-26T18:00:32.921727Z",
            "yes_price": 95,
            "no_price": 5,
            "taker_side": "yes"
        },
        {
            "trade_id": "4ec5056f-c030-4afb-815c-149bf24c86d4",
            "ticker": "KXHIGHMIA-25APR26-B85.5",
            "count": 50,
            "created_time": "2025-04-26T17:58:11.433548Z",
            "yes_price": 95,
            "no_price": 5,
            "taker_side": "no"
        },
        {
            "trade_id": "e3d29494-6320-46fa-ad06-4a0c8796a7f7",
            "ticker": "KXHIGHMIA-25APR26-B85.5",
            "count": 15,
            "created_time": "2025-04-26T17:57:06.679048Z",
            "yes_price": 96,
            "no_price": 4,
            "taker_side": "no"
        },
        {
            "trade_id": "1bc5eba9-ae3b-47a8-ad83-08935415e3e7",
            "ticker": "KXHIGHMIA-25APR26-B85.5",
            "count": 16,
            "created_time": "2025-04-26T17:57:06.679048Z",
            "yes_price": 96,
            "no_price": 4,
            "taker_side": "no"
        },
        {
            "trade_id": "c28f8fea-939b-4e58-8ec4-23328a1e4576",
            "ticker": "KXHIGHMIA-25APR26-B85.5",
            "count": 46,
            "created_time": "2025-04-26T17:57:06.341753Z",
            "yes_price": 96,
            "no_price": 4,
            "taker_side": "no"
        },
        {
            "trade_id": "330719f1-3efc-43dd-bfb4-63e252c655fe",
            "ticker": "KXHIGHMIA-25APR26-B85.5",
            "count": 4,
            "created_time": "2025-04-26T17:57:06.275608Z",
            "yes_price": 96,
            "no_price": 4,
            "taker_side": "yes"
        },
        {
            "trade_id": "3d4d1a4f-124f-4c95-8396-366e7ef770ca",
            "ticker": "KXHIGHMIA-25APR26-B85.5",
            "count": 4,
            "created_time": "2025-04-26T17:56:11.927371Z",
            "yes_price": 96,
            "no_price": 4,
            "taker_side": "no"
        },
        {
            "trade_id": "20af23b5-eb7e-4f86-aea3-f5d68ac23cc5",
            "ticker": "KXHIGHMIA-25APR26-B85.5",
            "count": 15,
            "created_time": "2025-04-26T17:56:11.860918Z",
            "yes_price": 96,
            "no_price": 4,
            "taker_side": "yes"
        },
        {
            "trade_id": "6cf17ab3-23f5-41c5-8c3f-96bca4ffd38c",
            "ticker": "KXHIGHMIA-25APR26-B85.5",
            "count": 1,
            "created_time": "2025-04-26T17:55:59.902563Z",
            "yes_price": 93,
            "no_price": 7,
            "taker_side": "no"
        },
        {
            "trade_id": "adfee86a-386f-449f-a166-08328cef29cd",
            "ticker": "KXHIGHMIA-25APR26-B85.5",
            "count": 50,
            "created_time": "2025-04-26T17:55:38.636409Z",
            "yes_price": 92,
            "no_price": 8,
            "taker_side": "yes"
        },
        {
            "trade_id": "46f65afc-aa95-47b9-9310-85d317e83877",
            "ticker": "KXHIGHMIA-25APR26-B85.5",
            "count": 50,
            "created_time": "2025-04-26T17:55:38.636409Z",
            "yes_price": 91,
            "no_price": 9,
            "taker_side": "yes"
        },
        {
            "trade_id": "fc9761c1-d1d8-44e3-8bf2-81d2132e45d0",
            "ticker": "KXHIGHMIA-25APR26-B85.5",
            "count": 10,
            "created_time": "2025-04-26T17:55:27.496425Z",
            "yes_price": 83,
            "no_price": 17,
            "taker_side": "yes"
        },
        {
            "trade_id": "ef67afa4-b4f1-4f24-8e92-41bf35ad10ee",
            "ticker": "KXHIGHMIA-25APR26-B85.5",
            "count": 267,
            "created_time": "2025-04-26T17:55:27.496425Z",
            "yes_price": 84,
            "no_price": 16,
            "taker_side": "yes"
        },
        {
            "trade_id": "afd60b88-08ac-4d54-a6f7-71bc1c03aed4",
            "ticker": "KXHIGHMIA-25APR26-B85.5",
            "count": 15,
            "created_time": "2025-04-26T17:55:27.496425Z",
            "yes_price": 76,
            "no_price": 24,
            "taker_side": "yes"
        },
        {
            "trade_id": "a28f449f-5ed7-4433-813d-58c7f02edf48",
            "ticker": "KXHIGHMIA-25APR26-B85.5",
            "count": 23,
            "created_time": "2025-04-26T17:55:27.496425Z",
            "yes_price": 77,
            "no_price": 23,
            "taker_side": "yes"
        },
        {
            "trade_id": "8f7a5050-3c43-4eb1-a054-fbd3a9cbd3d0",
            "ticker": "KXHIGHMIA-25APR26-B85.5",
            "count": 31,
            "created_time": "2025-04-26T17:55:27.496425Z",
            "yes_price": 81,
            "no_price": 19,
            "taker_side": "yes"
        },
        {
            "trade_id": "6912f737-494d-46d9-9c01-89d01287444b",
            "ticker": "KXHIGHMIA-25APR26-B85.5",
            "count": 6,
            "created_time": "2025-04-26T17:55:27.496425Z",
            "yes_price": 80,
            "no_price": 20,
            "taker_side": "yes"
        },
        {
            "trade_id": "52e397c8-aebd-4f8c-9f3e-cf7ffc288ec1",
            "ticker": "KXHIGHMIA-25APR26-B85.5",
            "count": 149,
            "created_time": "2025-04-26T17:55:27.496425Z",
            "yes_price": 84,
            "no_price": 16,
            "taker_side": "yes"
        },
        {
            "trade_id": "a93b0c32-ddcb-4332-bbc8-cc9e41fd8664",
            "ticker": "KXHIGHMIA-25APR26-B85.5",
            "count": 30,
            "created_time": "2025-04-26T17:37:57.480724Z",
            "yes_price": 78,
            "no_price": 22,
            "taker_side": "yes"
        },
        {
            "trade_id": "3e7e7cbd-a54c-420c-8499-d6319a7fbeaa",
            "ticker": "KXHIGHMIA-25APR26-B85.5",
            "count": 7,
            "created_time": "2025-04-26T17:33:39.748099Z",
            "yes_price": 78,
            "no_price": 22,
            "taker_side": "yes"
        },
        {
            "trade_id": "afb66f3f-9cb6-4d6b-a63c-80b698fa3406",
            "ticker": "KXHIGHMIA-25APR26-B85.5",
            "count": 26,
            "created_time": "2025-04-26T17:22:42.194164Z",
            "yes_price": 75,
            "no_price": 25,
            "taker_side": "yes"
        },
        {
            "trade_id": "81464a89-917e-4d2c-9af6-841eb1c2ed70",
            "ticker": "KXHIGHMIA-25APR26-B85.5",
            "count": 50,
            "created_time": "2025-04-26T17:22:42.194164Z",
            "yes_price": 75,
            "no_price": 25,
            "taker_side": "yes"
        },
        {
            "trade_id": "4ccbf265-1cd3-4586-b979-e7db1e95f735",
            "ticker": "KXHIGHMIA-25APR26-B85.5",
            "count": 32,
            "created_time": "2025-04-26T17:22:42.194164Z",
            "yes_price": 78,
            "no_price": 22,
            "taker_side": "yes"
        },
        {
            "trade_id": "4cc1e9b8-f701-4496-ae23-13407f4fb610",
            "ticker": "KXHIGHMIA-25APR26-B85.5",
            "count": 100,
            "created_time": "2025-04-26T17:22:42.194164Z",
            "yes_price": 75,
            "no_price": 25,
            "taker_side": "yes"
        },
        {
            "trade_id": "544d1716-b09d-425d-95ac-c81d0edb617e",
            "ticker": "KXHIGHMIA-25APR26-B85.5",
            "count": 1,
            "created_time": "2025-04-26T17:14:18.524088Z",
            "yes_price": 73,
            "no_price": 27,
            "taker_side": "yes"
        },
        {
            "trade_id": "354c6b6c-8393-4f64-9354-98de18bc2d71",
            "ticker": "KXHIGHMIA-25APR26-B85.5",
            "count": 104,
            "created_time": "2025-04-26T17:12:30.767985Z",
            "yes_price": 69,
            "no_price": 31,
            "taker_side": "no"
        },
        {
            "trade_id": "966ccf04-786c-45a6-977a-04c6b1adbeb6",
            "ticker": "KXHIGHMIA-25APR26-B85.5",
            "count": 82,
            "created_time": "2025-04-26T17:11:00.458707Z",
            "yes_price": 68,
            "no_price": 32,
            "taker_side": "yes"
        },
        {
            "trade_id": "150f392b-2d2c-41ea-b927-1b57f35595d8",
            "ticker": "KXHIGHMIA-25APR26-B85.5",
            "count": 14,
            "created_time": "2025-04-26T17:11:00.458707Z",
            "yes_price": 68,
            "no_price": 32,
            "taker_side": "yes"
        },
        {
            "trade_id": "27266c54-2ee9-40d3-9ae2-e635b131d567",
            "ticker": "KXHIGHMIA-25APR26-B85.5",
            "count": 13,
            "created_time": "2025-04-26T17:10:32.955135Z",
            "yes_price": 67,
            "no_price": 33,
            "taker_side": "yes"
        },
        {
            "trade_id": "2e681be3-fb8a-47bf-a8e4-cea0cd71df02",
            "ticker": "KXHIGHMIA-25APR26-B85.5",
            "count": 50,
            "created_time": "2025-04-26T17:08:54.075115Z",
            "yes_price": 65,
            "no_price": 35,
            "taker_side": "no"
        },
        {
            "trade_id": "5e64691b-9d70-4d17-a411-6664094cd8d8",
            "ticker": "KXHIGHMIA-25APR26-B85.5",
            "count": 7,
            "created_time": "2025-04-26T17:06:43.451567Z",
            "yes_price": 66,
            "no_price": 34,
            "taker_side": "yes"
        },
        {
            "trade_id": "ae3e229b-e250-4663-b07d-9d31c370d930",
            "ticker": "KXHIGHMIA-25APR26-B85.5",
            "count": 167,
            "created_time": "2025-04-26T17:03:51.238653Z",
            "yes_price": 57,
            "no_price": 43,
            "taker_side": "no"
        },
        {
            "trade_id": "aacf9cef-3f5f-4735-bc20-5af3c0bfa13e",
            "ticker": "KXHIGHMIA-25APR26-B85.5",
            "count": 149,
            "created_time": "2025-04-26T17:03:51.238653Z",
            "yes_price": 56,
            "no_price": 44,
            "taker_side": "no"
        },
        {
            "trade_id": "60a9837e-83d0-4960-a74a-924c31f47f80",
            "ticker": "KXHIGHMIA-25APR26-B85.5",
            "count": 4,
            "created_time": "2025-04-26T17:03:51.238653Z",
            "yes_price": 57,
            "no_price": 43,
            "taker_side": "no"
        },
        {
            "trade_id": "3da2aa4d-250b-411f-848a-bf3642c25685",
            "ticker": "KXHIGHMIA-25APR26-B85.5",
            "count": 26,
            "created_time": "2025-04-26T17:03:51.238653Z",
            "yes_price": 57,
            "no_price": 43,
            "taker_side": "no"
        },
        {
            "trade_id": "4ae77dfb-aec5-463a-83b9-4ca44b9b4cac",
            "ticker": "KXHIGHMIA-25APR26-B85.5",
            "count": 1,
            "created_time": "2025-04-26T16:58:10.785541Z",
            "yes_price": 69,
            "no_price": 31,
            "taker_side": "no"
        },
        {
            "trade_id": "214ad6b3-0146-469a-9e63-eca6a3371d59",
            "ticker": "KXHIGHMIA-25APR26-B85.5",
            "count": 63,
            "created_time": "2025-04-26T16:51:32.247911Z",
            "yes_price": 70,
            "no_price": 30,
            "taker_side": "no"
        },
        {
            "trade_id": "e52fe077-e706-4564-9ce8-85a2935832eb",
            "ticker": "KXHIGHMIA-25APR26-B85.5",
            "count": 128,
            "created_time": "2025-04-26T16:47:26.759433Z",
            "yes_price": 70,
            "no_price": 30,
            "taker_side": "no"
        },
        {
            "trade_id": "44f5c81f-c6f7-445e-9ead-be3980e93816",
            "ticker": "KXHIGHMIA-25APR26-B85.5",
            "count": 4,
            "created_time": "2025-04-26T16:47:26.759433Z",
            "yes_price": 69,
            "no_price": 31,
            "taker_side": "no"
        },
        {
            "trade_id": "850ff980-e8b4-4590-891e-db01af22fe2e",
            "ticker": "KXHIGHMIA-25APR26-B85.5",
            "count": 132,
            "created_time": "2025-04-26T16:34:40.342609Z",
            "yes_price": 74,
            "no_price": 26,
            "taker_side": "yes"
        },
        {
            "trade_id": "61f356ed-1fe6-43a3-a9cf-4db9a5c49827",
            "ticker": "KXHIGHMIA-25APR26-B85.5",
            "count": 1,
            "created_time": "2025-04-26T16:34:29.6776Z",
            "yes_price": 73,
            "no_price": 27,
            "taker_side": "yes"
        },
        {
            "trade_id": "4b3d768f-d914-4693-af6e-194a64c051be",
            "ticker": "KXHIGHMIA-25APR26-B85.5",
            "count": 5,
            "created_time": "2025-04-26T16:28:08.123253Z",
            "yes_price": 73,
            "no_price": 27,
            "taker_side": "yes"
        },
        {
            "trade_id": "bc1718b8-3632-45f1-ae45-be3f83f72708",
            "ticker": "KXHIGHMIA-25APR26-B85.5",
            "count": 2,
            "created_time": "2025-04-26T16:25:24.670126Z",
            "yes_price": 73,
            "no_price": 27,
            "taker_side": "yes"
        },
        {
            "trade_id": "e88dd077-7a36-456f-95fc-187cf884d741",
            "ticker": "KXHIGHMIA-25APR26-B85.5",
            "count": 5,
            "created_time": "2025-04-26T16:15:03.459089Z",
            "yes_price": 73,
            "no_price": 27,
            "taker_side": "yes"
        },
        {
            "trade_id": "59c03de2-f8bf-4a24-a6d1-1505aba24d06",
            "ticker": "KXHIGHMIA-25APR26-B85.5",
            "count": 10,
            "created_time": "2025-04-26T16:11:27.076103Z",
            "yes_price": 66,
            "no_price": 34,
            "taker_side": "no"
        },
        {
            "trade_id": "62d5197e-2f6e-4959-aecd-9ab98d246e8b",
            "ticker": "KXHIGHMIA-25APR26-B85.5",
            "count": 10,
            "created_time": "2025-04-26T16:07:18.255058Z",
            "yes_price": 73,
            "no_price": 27,
            "taker_side": "yes"
        },
        {
            "trade_id": "8d71669a-5d99-4013-be8d-d420c3f407f0",
            "ticker": "KXHIGHMIA-25APR26-B85.5",
            "count": 1,
            "created_time": "2025-04-26T16:07:08.815548Z",
            "yes_price": 73,
            "no_price": 27,
            "taker_side": "yes"
        },
        {
            "trade_id": "0d542b4e-77e8-4c54-89ec-a831dea63a30",
            "ticker": "KXHIGHMIA-25APR26-B85.5",
            "count": 1,
            "created_time": "2025-04-26T16:03:58.067407Z",
            "yes_price": 68,
            "no_price": 32,
            "taker_side": "yes"
        },
        {
            "trade_id": "f355c217-b410-4472-bb60-d42a4446509a",
            "ticker": "KXHIGHMIA-25APR26-B85.5",
            "count": 167,
            "created_time": "2025-04-26T16:02:57.872257Z",
            "yes_price": 62,
            "no_price": 38,
            "taker_side": "yes"
        },
        {
            "trade_id": "2c6ab518-8ae4-453e-9a81-494708e90997",
            "ticker": "KXHIGHMIA-25APR26-B85.5",
            "count": 56,
            "created_time": "2025-04-26T16:02:57.872257Z",
            "yes_price": 63,
            "no_price": 37,
            "taker_side": "yes"
        },
        {
            "trade_id": "8afaaa9d-da72-4af2-b809-b2ff8e2fe530",
            "ticker": "KXHIGHMIA-25APR26-B85.5",
            "count": 167,
            "created_time": "2025-04-26T16:02:53.654969Z",
            "yes_price": 62,
            "no_price": 38,
            "taker_side": "yes"
        },
        {
            "trade_id": "dd44cb07-7494-44c0-b213-2510a3e88e5c",
            "ticker": "KXHIGHMIA-25APR26-B85.5",
            "count": 241,
            "created_time": "2025-04-26T15:56:59.574743Z",
            "yes_price": 63,
            "no_price": 37,
            "taker_side": "yes"
        },
        {
            "trade_id": "c951993a-a4b1-4322-9b5b-f34a60581c81",
            "ticker": "KXHIGHMIA-25APR26-B85.5",
            "count": 59,
            "created_time": "2025-04-26T15:56:59.574743Z",
            "yes_price": 62,
            "no_price": 38,
            "taker_side": "yes"
        },
        {
            "trade_id": "2b38e5d9-f9f0-4fac-b8c2-887e21bef8d5",
            "ticker": "KXHIGHMIA-25APR26-B85.5",
            "count": 72,
            "created_time": "2025-04-26T15:45:58.83001Z",
            "yes_price": 59,
            "no_price": 41,
            "taker_side": "no"
        },
        {
            "trade_id": "70add335-ab89-41e8-8804-1ebe04b27503",
            "ticker": "KXHIGHMIA-25APR26-B85.5",
            "count": 10,
            "created_time": "2025-04-26T15:45:44.669406Z",
            "yes_price": 61,
            "no_price": 39,
            "taker_side": "no"
        },
        {
            "trade_id": "95cd1aeb-472e-43d7-89eb-39fb68d16981",
            "ticker": "KXHIGHMIA-25APR26-B85.5",
            "count": 588,
            "created_time": "2025-04-26T15:43:05.618486Z",
            "yes_price": 62,
            "no_price": 38,
            "taker_side": "no"
        },
        {
            "trade_id": "68575afd-5773-4096-a0c0-9cbb0dec549b",
            "ticker": "KXHIGHMIA-25APR26-B85.5",
            "count": 50,
            "created_time": "2025-04-26T15:41:22.981872Z",
            "yes_price": 63,
            "no_price": 37,
            "taker_side": "yes"
        },
        {
            "trade_id": "41d96115-d8c0-464a-b1b6-edd4fba0ed23",
            "ticker": "KXHIGHMIA-25APR26-B85.5",
            "count": 7,
            "created_time": "2025-04-26T15:41:22.981872Z",
            "yes_price": 63,
            "no_price": 37,
            "taker_side": "yes"
        },
        {
            "trade_id": "8e6bc426-2d0c-4c47-b8d4-8077ee521ad6",
            "ticker": "KXHIGHMIA-25APR26-B85.5",
            "count": 4,
            "created_time": "2025-04-26T15:38:41.332206Z",
            "yes_price": 61,
            "no_price": 39,
            "taker_side": "yes"
        },
        {
            "trade_id": "603f8992-068e-482e-97b6-0cfbe46b2e32",
            "ticker": "KXHIGHMIA-25APR26-B85.5",
            "count": 3,
            "created_time": "2025-04-26T15:38:41.332206Z",
            "yes_price": 61,
            "no_price": 39,
            "taker_side": "yes"
        },
        {
            "trade_id": "072a634a-46f4-49a7-8dce-5e8cd29002a8",
            "ticker": "KXHIGHMIA-25APR26-B85.5",
            "count": 50,
            "created_time": "2025-04-26T15:38:16.243214Z",
            "yes_price": 59,
            "no_price": 41,
            "taker_side": "no"
        },
        {
            "trade_id": "8258b8cd-0f3e-4b2f-98f1-b412abe839ff",
            "ticker": "KXHIGHMIA-25APR26-B85.5",
            "count": 8,
            "created_time": "2025-04-26T15:34:02.392026Z",
            "yes_price": 63,
            "no_price": 37,
            "taker_side": "yes"
        },
        {
            "trade_id": "7c64101f-020a-46e3-b8eb-6483d320137e",
            "ticker": "KXHIGHMIA-25APR26-B85.5",
            "count": 50,
            "created_time": "2025-04-26T15:34:02.392026Z",
            "yes_price": 62,
            "no_price": 38,
            "taker_side": "yes"
        },
        {
            "trade_id": "717e6f79-49cc-48e9-8eac-f1f7f996957b",
            "ticker": "KXHIGHMIA-25APR26-B85.5",
            "count": 81,
            "created_time": "2025-04-26T15:34:02.392026Z",
            "yes_price": 63,
            "no_price": 37,
            "taker_side": "yes"
        },
        {
            "trade_id": "abe9d543-ab4f-41ac-aacf-520f3c8dd53c",
            "ticker": "KXHIGHMIA-25APR26-B85.5",
            "count": 1,
            "created_time": "2025-04-26T15:32:00.328751Z",
            "yes_price": 59,
            "no_price": 41,
            "taker_side": "no"
        },
        {
            "trade_id": "9609ea25-e199-4f11-b755-3e7eeb994fcf",
            "ticker": "KXHIGHMIA-25APR26-B85.5",
            "count": 1,
            "created_time": "2025-04-26T15:31:50.097508Z",
            "yes_price": 59,
            "no_price": 41,
            "taker_side": "no"
        },
        {
            "trade_id": "e092e607-b4f2-4636-bab4-4867a0b80434",
            "ticker": "KXHIGHMIA-25APR26-B85.5",
            "count": 28,
            "created_time": "2025-04-26T15:18:14.640532Z",
            "yes_price": 63,
            "no_price": 37,
            "taker_side": "yes"
        },
        {
            "trade_id": "49050068-dbc2-4e99-b2b8-d6260471472e",
            "ticker": "KXHIGHMIA-25APR26-B85.5",
            "count": 10,
            "created_time": "2025-04-26T15:18:14.640532Z",
            "yes_price": 63,
            "no_price": 37,
            "taker_side": "yes"
        },
        {
            "trade_id": "f879b9d4-21f1-4dd3-ae1c-4575c54ff63a",
            "ticker": "KXHIGHMIA-25APR26-B85.5",
            "count": 11,
            "created_time": "2025-04-26T15:04:56.332121Z",
            "yes_price": 63,
            "no_price": 37,
            "taker_side": "yes"
        },
        {
            "trade_id": "d7d2c009-3096-441f-aebb-ad5bd208d4a2",
            "ticker": "KXHIGHMIA-25APR26-B85.5",
            "count": 4,
            "created_time": "2025-04-26T15:04:56.332121Z",
            "yes_price": 63,
            "no_price": 37,
            "taker_side": "yes"
        },
        {
            "trade_id": "46d48644-99e5-4f6b-b98f-8d8e88380155",
            "ticker": "KXHIGHMIA-25APR26-B85.5",
            "count": 15,
            "created_time": "2025-04-26T15:03:47.276593Z",
            "yes_price": 62,
            "no_price": 38,
            "taker_side": "yes"
        },
        {
            "trade_id": "50011c7b-8fde-46c5-bb9c-f9278df0bd2e",
            "ticker": "KXHIGHMIA-25APR26-B85.5",
            "count": 7,
            "created_time": "2025-04-26T15:02:48.565965Z",
            "yes_price": 63,
            "no_price": 37,
            "taker_side": "yes"
        },
        {
            "trade_id": "db56f2ff-7f3f-42e8-8ab8-354f18e2e228",
            "ticker": "KXHIGHMIA-25APR26-B85.5",
            "count": 20,
            "created_time": "2025-04-26T14:57:55.863516Z",
            "yes_price": 62,
            "no_price": 38,
            "taker_side": "yes"
        },
        {
            "trade_id": "38e3a1fb-e800-40c9-a073-889ddaf15481",
            "ticker": "KXHIGHMIA-25APR26-B85.5",
            "count": 3,
            "created_time": "2025-04-26T14:57:34.277536Z",
            "yes_price": 64,
            "no_price": 36,
            "taker_side": "yes"
        },
        {
            "trade_id": "eeed5928-3f26-44df-9032-dc0469559fae",
            "ticker": "KXHIGHMIA-25APR26-B85.5",
            "count": 7,
            "created_time": "2025-04-26T14:57:07.572022Z",
            "yes_price": 64,
            "no_price": 36,
            "taker_side": "yes"
        },
        {
            "trade_id": "7f709d92-2232-45e5-8319-15f2e9bcf5a6",
            "ticker": "KXHIGHMIA-25APR26-B85.5",
            "count": 12,
            "created_time": "2025-04-26T14:55:26.578018Z",
            "yes_price": 63,
            "no_price": 37,
            "taker_side": "no"
        },
        {
            "trade_id": "f72b0f45-3351-47a7-96c0-287a1fc5a4e2",
            "ticker": "KXHIGHMIA-25APR26-B85.5",
            "count": 21,
            "created_time": "2025-04-26T14:50:31.349684Z",
            "yes_price": 64,
            "no_price": 36,
            "taker_side": "yes"
        },
        {
            "trade_id": "ed6f1deb-6856-49f8-8b2e-4d023c058def",
            "ticker": "KXHIGHMIA-25APR26-B85.5",
            "count": 14,
            "created_time": "2025-04-26T14:50:27.688428Z",
            "yes_price": 63,
            "no_price": 37,
            "taker_side": "no"
        },
        {
            "trade_id": "ca280d6e-d86c-4bf4-aa37-900bb90660a1",
            "ticker": "KXHIGHMIA-25APR26-B85.5",
            "count": 48,
            "created_time": "2025-04-26T14:49:10.998293Z",
            "yes_price": 63,
            "no_price": 37,
            "taker_side": "yes"
        },
        {
            "trade_id": "c4e0594f-763b-44a2-8446-5a8055d377b4",
            "ticker": "KXHIGHMIA-25APR26-B85.5",
            "count": 2,
            "created_time": "2025-04-26T14:49:10.998293Z",
            "yes_price": 63,
            "no_price": 37,
            "taker_side": "yes"
        },
        {
            "trade_id": "b0a99c93-522d-4e79-b233-41e9f8cca9d0",
            "ticker": "KXHIGHMIA-25APR26-B85.5",
            "count": 13,
            "created_time": "2025-04-26T14:49:10.998293Z",
            "yes_price": 63,
            "no_price": 37,
            "taker_side": "yes"
        },
        {
            "trade_id": "67167351-64fb-4317-8eb7-a901179e35fb",
            "ticker": "KXHIGHMIA-25APR26-B85.5",
            "count": 40,
            "created_time": "2025-04-26T14:48:26.479753Z",
            "yes_price": 62,
            "no_price": 38,
            "taker_side": "yes"
        },
        {
            "trade_id": "f73e28cb-1328-4da0-baa5-efdaaaa8ed38",
            "ticker": "KXHIGHMIA-25APR26-B85.5",
            "count": 11,
            "created_time": "2025-04-26T14:47:10.392708Z",
            "yes_price": 61,
            "no_price": 39,
            "taker_side": "no"
        },
        {
            "trade_id": "d75a120b-0823-4227-b45f-d461250c9266",
            "ticker": "KXHIGHMIA-25APR26-B85.5",
            "count": 7,
            "created_time": "2025-04-26T14:46:26.287257Z",
            "yes_price": 61,
            "no_price": 39,
            "taker_side": "no"
        },
        {
            "trade_id": "17e270a5-bdc3-4eeb-83e0-a2af51c730fc",
            "ticker": "KXHIGHMIA-25APR26-B85.5",
            "count": 19,
            "created_time": "2025-04-26T14:33:13.402754Z",
            "yes_price": 61,
            "no_price": 39,
            "taker_side": "no"
        },
        {
            "trade_id": "e5425182-f29f-478c-9574-da69c9ff0a39",
            "ticker": "KXHIGHMIA-25APR26-B85.5",
            "count": 48,
            "created_time": "2025-04-26T14:33:02.334747Z",
            "yes_price": 62,
            "no_price": 38,
            "taker_side": "no"
        },
        {
            "trade_id": "617b508c-0f94-41f5-8ee9-e4602e3183fa",
            "ticker": "KXHIGHMIA-25APR26-B85.5",
            "count": 2,
            "created_time": "2025-04-26T14:33:02.334747Z",
            "yes_price": 62,
            "no_price": 38,
            "taker_side": "no"
        },
        {
            "trade_id": "37572b63-0174-4cbe-a2b6-cb857f41c55a",
            "ticker": "KXHIGHMIA-25APR26-B85.5",
            "count": 8,
            "created_time": "2025-04-26T14:16:18.169527Z",
            "yes_price": 61,
            "no_price": 39,
            "taker_side": "no"
        },
        {
            "trade_id": "5bbc4f98-a822-4a5e-9e3b-5968bd75b525",
            "ticker": "KXHIGHMIA-25APR26-B85.5",
            "count": 1,
            "created_time": "2025-04-26T13:15:53.860508Z",
            "yes_price": 62,
            "no_price": 38,
            "taker_side": "yes"
        },
        {
            "trade_id": "44d6451d-3120-4663-9a41-cc83cbf43164",
            "ticker": "KXHIGHMIA-25APR26-B85.5",
            "count": 16,
            "created_time": "2025-04-26T13:14:51.048551Z",
            "yes_price": 62,
            "no_price": 38,
            "taker_side": "yes"
        },
        {
            "trade_id": "33715337-0ffa-477e-bb0d-11b217249d95",
            "ticker": "KXHIGHMIA-25APR26-B85.5",
            "count": 2,
            "created_time": "2025-04-26T13:14:51.048551Z",
            "yes_price": 61,
            "no_price": 39,
            "taker_side": "yes"
        },
        {
            "trade_id": "1959d637-154b-4109-954f-b478152a793d",
            "ticker": "KXHIGHMIA-25APR26-B85.5",
            "count": 5,
            "created_time": "2025-04-26T13:10:41.127602Z",
            "yes_price": 62,
            "no_price": 38,
            "taker_side": "no"
        },
        {
            "trade_id": "e397aead-c599-4439-b18d-7926d1d61587",
            "ticker": "KXHIGHMIA-25APR26-B85.5",
            "count": 5,
            "created_time": "2025-04-26T13:02:07.835175Z",
            "yes_price": 62,
            "no_price": 38,
            "taker_side": "yes"
        },
        {
            "trade_id": "b0b2ae6f-233b-465f-8a76-37581ee09eda",
            "ticker": "KXHIGHMIA-25APR26-B85.5",
            "count": 110,
            "created_time": "2025-04-26T13:02:07.835175Z",
            "yes_price": 63,
            "no_price": 37,
            "taker_side": "yes"
        },
        {
            "trade_id": "2afb128f-6d96-43ac-b110-e0b5621145d0",
            "ticker": "KXHIGHMIA-25APR26-B85.5",
            "count": 20,
            "created_time": "2025-04-26T13:02:07.835175Z",
            "yes_price": 62,
            "no_price": 38,
            "taker_side": "yes"
        },
        {
            "trade_id": "004cbf1d-e02c-43bc-bb0b-5cd8d02cfcb4",
            "ticker": "KXHIGHMIA-25APR26-B85.5",
            "count": 20,
            "created_time": "2025-04-26T13:02:07.835175Z",
            "yes_price": 63,
            "no_price": 37,
            "taker_side": "yes"
        },
        {
            "trade_id": "0a7dc12e-f5cf-4902-a9b5-44b053803984",
            "ticker": "KXHIGHMIA-25APR26-B85.5",
            "count": 16,
            "created_time": "2025-04-26T12:47:43.946081Z",
            "yes_price": 57,
            "no_price": 43,
            "taker_side": "no"
        },
        {
            "trade_id": "990f768b-71e9-4f8a-b2e4-5cc8a6117229",
            "ticker": "KXHIGHMIA-25APR26-B85.5",
            "count": 26,
            "created_time": "2025-04-26T12:47:41.573597Z",
            "yes_price": 57,
            "no_price": 43,
            "taker_side": "no"
        },
        {
            "trade_id": "2fe3b338-7818-4a1b-8316-1b1098f58d7e",
            "ticker": "KXHIGHMIA-25APR26-B85.5",
            "count": 34,
            "created_time": "2025-04-26T12:45:21.864889Z",
            "yes_price": 57,
            "no_price": 43,
            "taker_side": "no"
        },
        {
            "trade_id": "d3b30806-fc26-440b-a0a7-d48b98cca032",
            "ticker": "KXHIGHMIA-25APR26-B85.5",
            "count": 18,
            "created_time": "2025-04-26T12:43:55.397376Z",
            "yes_price": 57,
            "no_price": 43,
            "taker_side": "no"
        },
        {
            "trade_id": "22aa9d64-1fcd-467e-bcc4-9a836ca18503",
            "ticker": "KXHIGHMIA-25APR26-B85.5",
            "count": 100,
            "created_time": "2025-04-26T12:43:52.643992Z",
            "yes_price": 58,
            "no_price": 42,
            "taker_side": "yes"
