{
    "KXHIGHMIA-25FEB17-T73": [
        {
            "trade_id": "feb9b9cd-1f07-4915-8da6-e044eb4e17e3",
            "ticker": "KXHIGHMIA-25FEB17-T73",
            "count": 4,
            "created_time": "2025-02-17T04:26:35.681217Z",
            "yes_price": 1,
            "no_price": 99,
            "taker_side": "no"
        },
        {
            "trade_id": "3e7ee519-024a-4565-8289-a5ac30068fff",
            "ticker": "KXHIGHMIA-25FEB17-T73",
            "count": 1,
            "created_time": "2025-02-17T02:28:25.631206Z",
            "yes_price": 1,
            "no_price": 99,
            "taker_side": "no"
        },
        {
            "trade_id": "0c19e71c-7ffb-4cc8-a57d-f9d868310148",
            "ticker": "KXHIGHMIA-25FEB17-T73",
            "count": 11,
            "created_time": "2025-02-16T23:45:19.362024Z",
            "yes_price": 2,
            "no_price": 98,
            "taker_side": "yes"
        },
        {
            "trade_id": "d42792f9-1ecc-4a21-acde-b25df55becc7",
            "ticker": "KXHIGHMIA-25FEB17-T73",
            "count": 23,
            "created_time": "2025-02-16T15:43:13.43797Z",
            "yes_price": 4,
            "no_price": 96,
            "taker_side": "yes"
        },
        {
            "trade_id": "e8c18547-ac44-451a-b9c9-95c24409bf6c",
            "ticker": "KXHIGHMIA-25FEB17-T73",
            "count": 23,
            "created_time": "2025-02-16T15:43:05.671536Z",
            "yes_price": 4,
            "no_price": 96,
            "taker_side": "yes"
        },
        {
            "trade_id": "ca2ed716-9fdc-4202-b3c2-3d5d6d348469",
            "ticker": "KXHIGHMIA-25FEB17-T73",
            "count": 23,
            "created_time": "2025-02-16T15:42:54.78921Z",
            "yes_price": 4,
            "no_price": 96,
            "taker_side": "yes"
        },
        {
            "trade_id": "52ccb8c8-ff20-461d-9ea3-0232f0956921",
            "ticker": "KXHIGHMIA-25FEB17-T73",
            "count": 23,
            "created_time": "2025-02-16T15:42:43.21139Z",
            "yes_price": 4,
            "no_price": 96,
            "taker_side": "yes"
        }
    ],
    "KXHIGHMIA-25FEB17-B73.5": [
        {
            "trade_id": "ab88fd05-b9be-4df1-89e7-b5341f67fa4e",
            "ticker": "KXHIGHMIA-25FEB17-B73.5",
            "count": 4,
            "created_time": "2025-02-17T13:19:35.824048Z",
            "yes_price": 1,
            "no_price": 99,
            "taker_side": "no"
        },
        {
            "trade_id": "c3d421b0-01e0-4984-9c55-7dc87495f893",
            "ticker": "KXHIGHMIA-25FEB17-B73.5",
            "count": 19,
            "created_time": "2025-02-17T04:09:41.466793Z",
            "yes_price": 3,
            "no_price": 97,
            "taker_side": "yes"
        },
        {
            "trade_id": "824a3197-e872-4150-ac21-502394c852c7",
            "ticker": "KXHIGHMIA-25FEB17-B73.5",
            "count": 46,
            "created_time": "2025-02-17T04:09:41.466793Z",
            "yes_price": 5,
            "no_price": 95,
            "taker_side": "yes"
        },
        {
            "trade_id": "63491917-d837-4c5d-8fe1-09978d74e7e5",
            "ticker": "KXHIGHMIA-25FEB17-B73.5",
            "count": 10,
            "created_time": "2025-02-17T04:09:41.466793Z",
            "yes_price": 5,
            "no_price": 95,
            "taker_side": "yes"
        },
        {
            "trade_id": "4190c574-36e0-4180-acec-ac59bfcf312f",
            "ticker": "KXHIGHMIA-25FEB17-B73.5",
            "count": 6,
            "created_time": "2025-02-17T04:09:41.466793Z",
            "yes_price": 5,
            "no_price": 95,
            "taker_side": "yes"
        },
        {
            "trade_id": "137ce39e-8750-4f32-8e1c-73b443542d1c",
            "ticker": "KXHIGHMIA-25FEB17-B73.5",
            "count": 50,
            "created_time": "2025-02-17T04:09:41.466793Z",
            "yes_price": 2,
            "no_price": 98,
            "taker_side": "yes"
        },
        {
            "trade_id": "daab13ee-6db5-41b4-bc0d-ac3de46ebbf7",
            "ticker": "KXHIGHMIA-25FEB17-B73.5",
            "count": 50,
            "created_time": "2025-02-17T02:53:03.506529Z",
            "yes_price": 2,
            "no_price": 98,
            "taker_side": "yes"
        },
        {
            "trade_id": "78641705-cf82-468d-b52b-2be19b86efe2",
            "ticker": "KXHIGHMIA-25FEB17-B73.5",
            "count": 1,
            "created_time": "2025-02-17T02:29:47.208076Z",
            "yes_price": 1,
            "no_price": 99,
            "taker_side": "no"
        },
        {
            "trade_id": "db716986-8cc1-423d-b67c-2f19e2ce408c",
            "ticker": "KXHIGHMIA-25FEB17-B73.5",
            "count": 31,
            "created_time": "2025-02-16T23:39:22.620981Z",
            "yes_price": 3,
            "no_price": 97,
            "taker_side": "yes"
        }
    ],
    "KXHIGHMIA-25FEB17-B75.5": [
        {
            "trade_id": "67e53419-24b1-4cd2-9277-e66002ff8a49",
            "ticker": "KXHIGHMIA-25FEB17-B75.5",
            "count": 93,
            "created_time": "2025-02-18T01:55:41.55836Z",
            "yes_price": 1,
            "no_price": 99,
            "taker_side": "yes"
        },
        {
            "trade_id": "2f814cd9-4a78-4cab-8488-86ad45fce102",
            "ticker": "KXHIGHMIA-25FEB17-B75.5",
            "count": 187,
            "created_time": "2025-02-17T16:29:13.178492Z",
            "yes_price": 1,
            "no_price": 99,
            "taker_side": "yes"
        },
        {
            "trade_id": "c20f9e58-8c3b-4dcc-8799-99f969363f83",
            "ticker": "KXHIGHMIA-25FEB17-B75.5",
            "count": 250,
            "created_time": "2025-02-17T15:51:06.2875Z",
            "yes_price": 1,
            "no_price": 99,
            "taker_side": "yes"
        },
        {
            "trade_id": "3577a538-e1d6-4d38-b9de-1dbcbce53ac7",
            "ticker": "KXHIGHMIA-25FEB17-B75.5",
            "count": 87,
            "created_time": "2025-02-17T15:51:06.2875Z",
            "yes_price": 1,
            "no_price": 99,
            "taker_side": "yes"
        },
        {
            "trade_id": "1d51d697-67f6-4d6f-a57c-857576c5a2dd",
            "ticker": "KXHIGHMIA-25FEB17-B75.5",
            "count": 88,
            "created_time": "2025-02-17T15:51:06.2875Z",
            "yes_price": 3,
            "no_price": 97,
            "taker_side": "yes"
        },
        {
            "trade_id": "07b181c1-0fec-4f41-bac1-2767e9f03eac",
            "ticker": "KXHIGHMIA-25FEB17-B75.5",
            "count": 50,
            "created_time": "2025-02-17T15:51:06.2875Z",
            "yes_price": 1,
            "no_price": 99,
            "taker_side": "yes"
        },
        {
            "trade_id": "480f2d11-ea65-4d12-8c20-6b64c0051f05",
            "ticker": "KXHIGHMIA-25FEB17-B75.5",
            "count": 50,
            "created_time": "2025-02-17T15:24:28.045215Z",
            "yes_price": 1,
            "no_price": 99,
            "taker_side": "no"
        },
        {
            "trade_id": "648be57d-ce73-4193-b417-9f7f5ddd4b3d",
            "ticker": "KXHIGHMIA-25FEB17-B75.5",
            "count": 50,
            "created_time": "2025-02-17T15:24:11.674039Z",
            "yes_price": 2,
            "no_price": 98,
            "taker_side": "no"
        },
        {
            "trade_id": "e4843940-f356-42ca-865c-f66029289c12",
            "ticker": "KXHIGHMIA-25FEB17-B75.5",
            "count": 50,
            "created_time": "2025-02-17T15:20:44.659528Z",
            "yes_price": 2,
            "no_price": 98,
            "taker_side": "no"
        },
        {
            "trade_id": "12e227a0-8567-4c53-9ec9-bb18aae3b012",
            "ticker": "KXHIGHMIA-25FEB17-B75.5",
            "count": 10,
            "created_time": "2025-02-17T14:22:23.891355Z",
            "yes_price": 2,
            "no_price": 98,
            "taker_side": "no"
        },
        {
            "trade_id": "a6f10bf1-8e19-442d-90f9-4891172e41be",
            "ticker": "KXHIGHMIA-25FEB17-B75.5",
            "count": 14,
            "created_time": "2025-02-17T14:22:23.018857Z",
            "yes_price": 2,
            "no_price": 98,
            "taker_side": "no"
        },
        {
            "trade_id": "4f050e67-361a-4594-94ca-37140d70f481",
            "ticker": "KXHIGHMIA-25FEB17-B75.5",
            "count": 4,
            "created_time": "2025-02-17T14:19:36.239484Z",
            "yes_price": 2,
            "no_price": 98,
            "taker_side": "no"
        },
        {
            "trade_id": "3da7043f-5825-4e6a-9a81-b0c863ca10f0",
            "ticker": "KXHIGHMIA-25FEB17-B75.5",
            "count": 5,
            "created_time": "2025-02-17T14:17:16.31229Z",
            "yes_price": 2,
            "no_price": 98,
            "taker_side": "no"
        },
        {
            "trade_id": "e68dcbab-75a7-4a69-a44a-1860614f4156",
            "ticker": "KXHIGHMIA-25FEB17-B75.5",
            "count": 10,
            "created_time": "2025-02-17T14:17:06.778637Z",
            "yes_price": 2,
            "no_price": 98,
            "taker_side": "no"
        },
        {
            "trade_id": "3048039c-b12c-451f-b05a-b87acdeee9e5",
            "ticker": "KXHIGHMIA-25FEB17-B75.5",
            "count": 20,
            "created_time": "2025-02-17T14:16:00.285812Z",
            "yes_price": 2,
            "no_price": 98,
            "taker_side": "no"
        },
        {
            "trade_id": "c6e32893-16ed-441a-b3f7-cd27b92d0399",
            "ticker": "KXHIGHMIA-25FEB17-B75.5",
            "count": 6,
            "created_time": "2025-02-17T13:19:35.413209Z",
            "yes_price": 2,
            "no_price": 98,
            "taker_side": "no"
        },
        {
            "trade_id": "86d01934-041b-46e7-b08f-4d358db36820",
            "ticker": "KXHIGHMIA-25FEB17-B75.5",
            "count": 32,
            "created_time": "2025-02-17T13:19:35.413209Z",
            "yes_price": 4,
            "no_price": 96,
            "taker_side": "no"
        },
        {
            "trade_id": "85187269-ef35-4b48-b6fd-aa901922aca4",
            "ticker": "KXHIGHMIA-25FEB17-B75.5",
            "count": 306,
            "created_time": "2025-02-17T13:01:34.058193Z",
            "yes_price": 15,
            "no_price": 85,
            "taker_side": "yes"
        },
        {
            "trade_id": "851729ae-44b4-475f-869d-a256e9451c56",
            "ticker": "KXHIGHMIA-25FEB17-B75.5",
            "count": 9,
            "created_time": "2025-02-17T13:01:34.058193Z",
            "yes_price": 14,
            "no_price": 86,
            "taker_side": "yes"
        },
        {
            "trade_id": "0f597ee9-47ce-48b5-a5e1-575bdbd46565",
            "ticker": "KXHIGHMIA-25FEB17-B75.5",
            "count": 419,
            "created_time": "2025-02-17T13:00:44.447903Z",
            "yes_price": 14,
            "no_price": 86,
            "taker_side": "yes"
        },
        {
            "trade_id": "3347a519-f5c2-4bce-8e97-ed1197022f17",
            "ticker": "KXHIGHMIA-25FEB17-B75.5",
            "count": 1,
            "created_time": "2025-02-17T07:07:58.830548Z",
            "yes_price": 14,
            "no_price": 86,
            "taker_side": "yes"
        },
        {
            "trade_id": "46f30c9a-f71e-42ca-bd9a-df8ad359ea93",
            "ticker": "KXHIGHMIA-25FEB17-B75.5",
            "count": 100,
            "created_time": "2025-02-17T06:38:54.466833Z",
            "yes_price": 7,
            "no_price": 93,
            "taker_side": "no"
        },
        {
            "trade_id": "1bc2dd77-475a-431c-8543-b27320ccddd3",
            "ticker": "KXHIGHMIA-25FEB17-B75.5",
            "count": 200,
            "created_time": "2025-02-17T06:38:54.466833Z",
            "yes_price": 9,
            "no_price": 91,
            "taker_side": "no"
        },
        {
            "trade_id": "16c1e3a9-4269-4b06-bd59-4dff4de0c00d",
            "ticker": "KXHIGHMIA-25FEB17-B75.5",
            "count": 200,
            "created_time": "2025-02-17T06:38:54.466833Z",
            "yes_price": 7,
            "no_price": 93,
            "taker_side": "no"
        },
        {
            "trade_id": "865a685a-ba49-43f0-baad-6dd0991f805c",
            "ticker": "KXHIGHMIA-25FEB17-B75.5",
            "count": 71,
            "created_time": "2025-02-17T05:42:18.453058Z",
            "yes_price": 10,
            "no_price": 90,
            "taker_side": "no"
        },
        {
            "trade_id": "bb5329cb-d72c-46a5-ac8a-8997e74f5b19",
            "ticker": "KXHIGHMIA-25FEB17-B75.5",
            "count": 5,
            "created_time": "2025-02-17T05:30:57.485278Z",
            "yes_price": 11,
            "no_price": 89,
            "taker_side": "no"
        },
        {
            "trade_id": "b32ae2a2-912a-46f0-9e99-c8bea043c716",
            "ticker": "KXHIGHMIA-25FEB17-B75.5",
            "count": 12,
            "created_time": "2025-02-17T05:30:36.580175Z",
            "yes_price": 11,
            "no_price": 89,
            "taker_side": "no"
        },
        {
            "trade_id": "6e77ab4d-7412-4121-b7c5-2e412289b2df",
            "ticker": "KXHIGHMIA-25FEB17-B75.5",
            "count": 81,
            "created_time": "2025-02-17T05:20:21.098456Z",
            "yes_price": 13,
            "no_price": 87,
            "taker_side": "no"
        },
        {
            "trade_id": "0cefd9b9-6d31-4570-ade0-99db79ed09de",
            "ticker": "KXHIGHMIA-25FEB17-B75.5",
            "count": 119,
            "created_time": "2025-02-17T05:20:16.324286Z",
            "yes_price": 12,
            "no_price": 88,
            "taker_side": "yes"
        },
        {
            "trade_id": "dc48866e-d6f7-4d40-a189-4c3d88fa1e47",
            "ticker": "KXHIGHMIA-25FEB17-B75.5",
            "count": 33,
            "created_time": "2025-02-17T05:18:25.169006Z",
            "yes_price": 11,
            "no_price": 89,
            "taker_side": "no"
        },
        {
            "trade_id": "5b095ff1-d577-4f52-bc3a-dc45d25a034f",
            "ticker": "KXHIGHMIA-25FEB17-B75.5",
            "count": 3,
            "created_time": "2025-02-17T04:18:25.478251Z",
            "yes_price": 12,
            "no_price": 88,
            "taker_side": "yes"
        },
        {
            "trade_id": "c0fc66a5-941a-40b3-8d98-1e4a3174b4a9",
            "ticker": "KXHIGHMIA-25FEB17-B75.5",
            "count": 45,
            "created_time": "2025-02-17T03:22:59.816747Z",
            "yes_price": 16,
            "no_price": 84,
            "taker_side": "yes"
        },
        {
            "trade_id": "8ec55b40-54b4-4393-a914-e0df42f8153d",
            "ticker": "KXHIGHMIA-25FEB17-B75.5",
            "count": 28,
            "created_time": "2025-02-17T03:22:59.816747Z",
            "yes_price": 14,
            "no_price": 86,
            "taker_side": "yes"
        },
        {
            "trade_id": "8222d611-c45d-41c5-90cc-80bebec5742a",
            "ticker": "KXHIGHMIA-25FEB17-B75.5",
            "count": 51,
            "created_time": "2025-02-17T03:22:59.816747Z",
            "yes_price": 14,
            "no_price": 86,
            "taker_side": "yes"
        },
        {
            "trade_id": "3e8a76fc-9cac-4e22-aaad-050ff82391b3",
            "ticker": "KXHIGHMIA-25FEB17-B75.5",
            "count": 4,
            "created_time": "2025-02-17T03:22:59.816747Z",
            "yes_price": 14,
            "no_price": 86,
            "taker_side": "yes"
        },
        {
            "trade_id": "76a9aeeb-60e5-4bd3-862c-13390253184d",
            "ticker": "KXHIGHMIA-25FEB17-B75.5",
            "count": 228,
            "created_time": "2025-02-17T02:56:00.884328Z",
            "yes_price": 10,
            "no_price": 90,
            "taker_side": "no"
        },
        {
            "trade_id": "71d9cfe4-4bc9-47e6-abc4-130e6e83e2cb",
            "ticker": "KXHIGHMIA-25FEB17-B75.5",
            "count": 90,
            "created_time": "2025-02-17T02:36:25.62583Z",
            "yes_price": 15,
            "no_price": 85,
            "taker_side": "yes"
        },
        {
            "trade_id": "6aa9e2f6-6376-4210-b655-7413f9355fd4",
            "ticker": "KXHIGHMIA-25FEB17-B75.5",
            "count": 2,
            "created_time": "2025-02-17T02:36:25.62583Z",
            "yes_price": 13,
            "no_price": 87,
            "taker_side": "yes"
        },
        {
            "trade_id": "0608519b-9201-4d0a-9eec-9e62216d9dba",
            "ticker": "KXHIGHMIA-25FEB17-B75.5",
            "count": 10,
            "created_time": "2025-02-17T02:36:25.62583Z",
            "yes_price": 13,
            "no_price": 87,
            "taker_side": "yes"
        },
        {
            "trade_id": "e9149a7c-8bb3-4db8-8375-622e4ace77a0",
            "ticker": "KXHIGHMIA-25FEB17-B75.5",
            "count": 3,
            "created_time": "2025-02-17T02:17:30.728918Z",
            "yes_price": 14,
            "no_price": 86,
            "taker_side": "yes"
        },
        {
            "trade_id": "459ce798-9952-4776-a9ec-3440b6fd70bd",
            "ticker": "KXHIGHMIA-25FEB17-B75.5",
            "count": 1,
            "created_time": "2025-02-17T01:51:11.063739Z",
            "yes_price": 10,
            "no_price": 90,
            "taker_side": "no"
        },
        {
            "trade_id": "d61c990d-7d60-4620-a5a2-f3e5854faabc",
            "ticker": "KXHIGHMIA-25FEB17-B75.5",
            "count": 5,
            "created_time": "2025-02-17T01:42:52.713095Z",
            "yes_price": 12,
            "no_price": 88,
            "taker_side": "yes"
        },
        {
            "trade_id": "ae8a8917-694d-422d-89a9-2b9ec3bf5607",
            "ticker": "KXHIGHMIA-25FEB17-B75.5",
            "count": 18,
            "created_time": "2025-02-17T01:42:52.713095Z",
            "yes_price": 12,
            "no_price": 88,
            "taker_side": "yes"
        },
        {
            "trade_id": "679c218b-a423-4232-bd43-d0adae583cad",
            "ticker": "KXHIGHMIA-25FEB17-B75.5",
            "count": 145,
            "created_time": "2025-02-17T01:42:52.713095Z",
            "yes_price": 14,
            "no_price": 86,
            "taker_side": "yes"
        },
        {
            "trade_id": "524b0841-1188-475a-8618-d56d79f7de2b",
            "ticker": "KXHIGHMIA-25FEB17-B75.5",
            "count": 3,
            "created_time": "2025-02-17T01:42:52.713095Z",
            "yes_price": 12,
            "no_price": 88,
            "taker_side": "yes"
        },
        {
            "trade_id": "c581373b-688e-49fb-8fff-b9fd0ba94320",
            "ticker": "KXHIGHMIA-25FEB17-B75.5",
            "count": 2,
            "created_time": "2025-02-17T00:32:28.086101Z",
            "yes_price": 10,
            "no_price": 90,
            "taker_side": "yes"
        },
        {
            "trade_id": "aee7eb39-e65c-4934-b6ac-55688c4d7795",
            "ticker": "KXHIGHMIA-25FEB17-B75.5",
            "count": 2,
            "created_time": "2025-02-17T00:32:28.086101Z",
            "yes_price": 10,
            "no_price": 90,
            "taker_side": "yes"
        },
        {
            "trade_id": "9a3861ad-2a1c-4dae-9c17-79e0f93215a8",
            "ticker": "KXHIGHMIA-25FEB17-B75.5",
            "count": 1,
            "created_time": "2025-02-17T00:32:28.086101Z",
            "yes_price": 10,
            "no_price": 90,
            "taker_side": "yes"
        },
        {
            "trade_id": "a5a16988-bf0d-4f9b-a2a9-0cc744a39634",
            "ticker": "KXHIGHMIA-25FEB17-B75.5",
            "count": 100,
            "created_time": "2025-02-16T23:24:44.569915Z",
            "yes_price": 11,
            "no_price": 89,
            "taker_side": "yes"
        },
        {
            "trade_id": "269963a8-7412-44ea-ac88-5a652b809658",
            "ticker": "KXHIGHMIA-25FEB17-B75.5",
            "count": 4,
            "created_time": "2025-02-16T23:21:39.862716Z",
            "yes_price": 13,
            "no_price": 87,
            "taker_side": "yes"
        },
        {
            "trade_id": "5910f6dc-5e23-4c2a-b511-d935031f716c",
            "ticker": "KXHIGHMIA-25FEB17-B75.5",
            "count": 18,
            "created_time": "2025-02-16T21:24:24.471079Z",
            "yes_price": 15,
            "no_price": 85,
            "taker_side": "yes"
        },
        {
            "trade_id": "2d5cf06c-06d3-4f92-ab86-eec908e0194e",
            "ticker": "KXHIGHMIA-25FEB17-B75.5",
            "count": 25,
            "created_time": "2025-02-16T19:42:27.067793Z",
            "yes_price": 12,
            "no_price": 88,
            "taker_side": "yes"
        },
        {
            "trade_id": "800ccd3f-ea70-443f-9b75-6f6093d33f99",
            "ticker": "KXHIGHMIA-25FEB17-B75.5",
            "count": 47,
            "created_time": "2025-02-16T17:30:36.288217Z",
            "yes_price": 11,
            "no_price": 89,
            "taker_side": "no"
        },
        {
            "trade_id": "e823690c-f6a7-429f-b4ae-01c8fef2c985",
            "ticker": "KXHIGHMIA-25FEB17-B75.5",
            "count": 1,
            "created_time": "2025-02-16T17:30:26.09714Z",
            "yes_price": 11,
            "no_price": 89,
            "taker_side": "no"
        },
        {
            "trade_id": "6f8f9194-608a-4b6a-8d21-b77227a37e47",
            "ticker": "KXHIGHMIA-25FEB17-B75.5",
            "count": 149,
            "created_time": "2025-02-16T16:47:26.671255Z",
            "yes_price": 11,
            "no_price": 89,
            "taker_side": "yes"
        },
        {
            "trade_id": "20189db4-69fb-4b23-bb23-5fbef343b029",
            "ticker": "KXHIGHMIA-25FEB17-B75.5",
            "count": 79,
            "created_time": "2025-02-16T16:47:26.671255Z",
            "yes_price": 9,
            "no_price": 91,
            "taker_side": "yes"
        },
        {
            "trade_id": "fcef2fa0-9bcc-420d-bbfe-9c36ee7dfc9a",
            "ticker": "KXHIGHMIA-25FEB17-B75.5",
            "count": 23,
            "created_time": "2025-02-16T15:43:34.890892Z",
            "yes_price": 9,
            "no_price": 91,
            "taker_side": "yes"
        },
        {
            "trade_id": "637e8d50-8d17-4164-bd4a-01eef6a766a4",
            "ticker": "KXHIGHMIA-25FEB17-B75.5",
            "count": 10,
            "created_time": "2025-02-16T15:43:34.890892Z",
            "yes_price": 7,
            "no_price": 93,
            "taker_side": "yes"
        },
        {
            "trade_id": "bb51d98f-2997-4da6-9fbd-501c36012d51",
            "ticker": "KXHIGHMIA-25FEB17-B75.5",
            "count": 13,
            "created_time": "2025-02-16T15:42:32.877189Z",
            "yes_price": 7,
            "no_price": 93,
            "taker_side": "yes"
        }
    ],
    "KXHIGHMIA-25FEB17-B77.5": [
        {
            "trade_id": "680d2517-f2c7-4139-9ada-8acd050a6155",
            "ticker": "KXHIGHMIA-25FEB17-B77.5",
            "count": 46,
            "created_time": "2025-02-18T02:11:39.330092Z",
            "yes_price": 1,
            "no_price": 99,
            "taker_side": "yes"
        },
        {
            "trade_id": "44cc33b8-7daa-4c12-aebd-78ed7074dc6e",
            "ticker": "KXHIGHMIA-25FEB17-B77.5",
            "count": 8,
            "created_time": "2025-02-17T22:20:22.058053Z",
            "yes_price": 1,
            "no_price": 99,
            "taker_side": "yes"
        },
        {
            "trade_id": "7de341e6-89f1-4379-9495-ad18432408cc",
            "ticker": "KXHIGHMIA-25FEB17-B77.5",
            "count": 654,
            "created_time": "2025-02-17T21:08:57.465433Z",
            "yes_price": 1,
            "no_price": 99,
            "taker_side": "yes"
        },
        {
            "trade_id": "3895d755-4715-46a0-ac09-5cd2a93f3d7a",
            "ticker": "KXHIGHMIA-25FEB17-B77.5",
            "count": 3,
            "created_time": "2025-02-17T19:49:24.072611Z",
            "yes_price": 1,
            "no_price": 99,
            "taker_side": "yes"
        },
        {
            "trade_id": "350200c8-24d3-4449-b993-190965c892eb",
            "ticker": "KXHIGHMIA-25FEB17-B77.5",
            "count": 10,
            "created_time": "2025-02-17T19:49:24.072611Z",
            "yes_price": 1,
            "no_price": 99,
            "taker_side": "yes"
        },
        {
            "trade_id": "e5999de4-612a-4b56-b66f-88a3a985df73",
            "ticker": "KXHIGHMIA-25FEB17-B77.5",
            "count": 5,
            "created_time": "2025-02-17T19:37:41.417931Z",
            "yes_price": 1,
            "no_price": 99,
            "taker_side": "yes"
        },
        {
            "trade_id": "b9102513-3f01-4ee7-8b72-e94332615097",
            "ticker": "KXHIGHMIA-25FEB17-B77.5",
            "count": 89,
            "created_time": "2025-02-17T18:54:41.202002Z",
            "yes_price": 1,
            "no_price": 99,
            "taker_side": "yes"
        },
        {
            "trade_id": "f06b4a48-6e95-412a-b5de-4f6b4ab75256",
            "ticker": "KXHIGHMIA-25FEB17-B77.5",
            "count": 1,
            "created_time": "2025-02-17T17:59:35.946318Z",
            "yes_price": 1,
            "no_price": 99,
            "taker_side": "yes"
        },
        {
            "trade_id": "ab51a654-6360-4977-83a8-8da048865e13",
            "ticker": "KXHIGHMIA-25FEB17-B77.5",
            "count": 198,
            "created_time": "2025-02-17T16:58:07.47149Z",
            "yes_price": 1,
            "no_price": 99,
            "taker_side": "yes"
        },
        {
            "trade_id": "b38f6264-f81e-4c44-b479-21c37a72fc0e",
            "ticker": "KXHIGHMIA-25FEB17-B77.5",
            "count": 96,
            "created_time": "2025-02-17T16:48:36.227888Z",
            "yes_price": 1,
            "no_price": 99,
            "taker_side": "yes"
        },
        {
            "trade_id": "3042bb01-30f2-4b32-93c1-ebc07b757acd",
            "ticker": "KXHIGHMIA-25FEB17-B77.5",
            "count": 467,
            "created_time": "2025-02-17T16:27:47.819456Z",
            "yes_price": 1,
            "no_price": 99,
            "taker_side": "yes"
        },
        {
            "trade_id": "a8c589de-fd44-42b1-8c58-9ac355b78f35",
            "ticker": "KXHIGHMIA-25FEB17-B77.5",
            "count": 2000,
            "created_time": "2025-02-17T16:27:38.835983Z",
            "yes_price": 1,
            "no_price": 99,
            "taker_side": "yes"
        },
        {
            "trade_id": "91c93b76-fa9b-49b3-92fe-523c9e0bfdab",
            "ticker": "KXHIGHMIA-25FEB17-B77.5",
            "count": 1533,
            "created_time": "2025-02-17T16:27:38.835983Z",
            "yes_price": 1,
            "no_price": 99,
            "taker_side": "yes"
        },
        {
            "trade_id": "670495cd-c5c8-45ba-90bc-ada3e1b104c2",
            "ticker": "KXHIGHMIA-25FEB17-B77.5",
            "count": 1141,
            "created_time": "2025-02-17T16:27:38.835983Z",
            "yes_price": 1,
            "no_price": 99,
            "taker_side": "yes"
        },
        {
            "trade_id": "4426e7ea-e82e-44b2-b037-506217a7df88",
            "ticker": "KXHIGHMIA-25FEB17-B77.5",
            "count": 467,
            "created_time": "2025-02-17T16:27:09.285693Z",
            "yes_price": 1,
            "no_price": 99,
            "taker_side": "yes"
        },
        {
            "trade_id": "de4a0ed2-1790-4444-9337-4971bfa84eeb",
            "ticker": "KXHIGHMIA-25FEB17-B77.5",
            "count": 45,
            "created_time": "2025-02-17T16:19:17.175287Z",
            "yes_price": 2,
            "no_price": 98,
            "taker_side": "yes"
        },
        {
            "trade_id": "66fc49da-d0fa-4f40-9703-58bd9b2874e0",
            "ticker": "KXHIGHMIA-25FEB17-B77.5",
            "count": 50,
            "created_time": "2025-02-17T16:19:17.175287Z",
            "yes_price": 1,
            "no_price": 99,
            "taker_side": "yes"
        },
        {
            "trade_id": "205f7785-a56f-455b-88f4-9e19d3d7919c",
            "ticker": "KXHIGHMIA-25FEB17-B77.5",
            "count": 325,
            "created_time": "2025-02-17T16:19:17.175287Z",
            "yes_price": 1,
            "no_price": 99,
            "taker_side": "yes"
        },
        {
            "trade_id": "dbc604f0-8b62-4de4-a82c-821b2716b797",
            "ticker": "KXHIGHMIA-25FEB17-B77.5",
            "count": 73,
            "created_time": "2025-02-17T16:07:02.043286Z",
            "yes_price": 1,
            "no_price": 99,
            "taker_side": "no"
        },
        {
            "trade_id": "cfc14335-b207-4de1-90c4-7ecf1fd93d14",
            "ticker": "KXHIGHMIA-25FEB17-B77.5",
            "count": 13,
            "created_time": "2025-02-17T16:07:02.043286Z",
            "yes_price": 2,
            "no_price": 98,
            "taker_side": "no"
        },
        {
            "trade_id": "c8da400b-37de-44dc-9d4e-1746a141021a",
            "ticker": "KXHIGHMIA-25FEB17-B77.5",
            "count": 280,
            "created_time": "2025-02-17T16:07:02.043286Z",
            "yes_price": 1,
            "no_price": 99,
            "taker_side": "no"
        },
        {
            "trade_id": "0b50349c-1fe4-4695-bba5-9af2011635e9",
            "ticker": "KXHIGHMIA-25FEB17-B77.5",
            "count": 39,
            "created_time": "2025-02-17T16:07:02.043286Z",
            "yes_price": 2,
            "no_price": 98,
            "taker_side": "no"
        },
        {
            "trade_id": "366fff9e-eb61-481b-8df7-c67675759f3d",
            "ticker": "KXHIGHMIA-25FEB17-B77.5",
            "count": 37,
            "created_time": "2025-02-17T16:07:02.024467Z",
            "yes_price": 4,
            "no_price": 96,
            "taker_side": "yes"
        },
        {
            "trade_id": "cb1f1784-2209-479c-b6a1-edb480f37e76",
            "ticker": "KXHIGHMIA-25FEB17-B77.5",
            "count": 100,
            "created_time": "2025-02-17T16:05:37.849916Z",
            "yes_price": 1,
            "no_price": 99,
            "taker_side": "no"
        },
        {
            "trade_id": "99d1bb6d-8686-4d50-b744-c97a0e29a663",
            "ticker": "KXHIGHMIA-25FEB17-B77.5",
            "count": 20,
            "created_time": "2025-02-17T16:05:37.849916Z",
            "yes_price": 1,
            "no_price": 99,
            "taker_side": "no"
        },
        {
            "trade_id": "76887386-c50b-432b-a57f-de269f0d113e",
            "ticker": "KXHIGHMIA-25FEB17-B77.5",
            "count": 67,
            "created_time": "2025-02-17T16:05:37.849916Z",
            "yes_price": 1,
            "no_price": 99,
            "taker_side": "no"
        },
        {
            "trade_id": "49e14dde-2977-4052-8480-57fd3790dc09",
            "ticker": "KXHIGHMIA-25FEB17-B77.5",
            "count": 13,
            "created_time": "2025-02-17T16:05:37.849916Z",
            "yes_price": 3,
            "no_price": 97,
            "taker_side": "no"
        },
        {
            "trade_id": "7ea45a0b-4129-4342-8714-9ce7c03db12a",
            "ticker": "KXHIGHMIA-25FEB17-B77.5",
            "count": 10,
            "created_time": "2025-02-17T16:03:38.997454Z",
            "yes_price": 4,
            "no_price": 96,
            "taker_side": "no"
        },
        {
            "trade_id": "f44b0d9e-b50f-4bdd-996a-550cec2a912d",
            "ticker": "KXHIGHMIA-25FEB17-B77.5",
            "count": 49,
            "created_time": "2025-02-17T16:03:14.343682Z",
            "yes_price": 8,
            "no_price": 92,
            "taker_side": "yes"
        },
        {
            "trade_id": "c6520296-f776-4271-a5d7-fcbbea289aab",
            "ticker": "KXHIGHMIA-25FEB17-B77.5",
            "count": 10,
            "created_time": "2025-02-17T16:03:14.343682Z",
            "yes_price": 7,
            "no_price": 93,
            "taker_side": "yes"
        },
        {
            "trade_id": "c05dccae-d831-4373-8a47-bf124fa01da3",
            "ticker": "KXHIGHMIA-25FEB17-B77.5",
            "count": 10,
            "created_time": "2025-02-17T16:03:14.343682Z",
            "yes_price": 3,
            "no_price": 97,
            "taker_side": "yes"
        },
        {
            "trade_id": "ad66d851-e20c-46f1-866e-070a304705d2",
            "ticker": "KXHIGHMIA-25FEB17-B77.5",
            "count": 83,
            "created_time": "2025-02-17T16:01:10.030228Z",
            "yes_price": 1,
            "no_price": 99,
            "taker_side": "no"
        },
        {
            "trade_id": "2f26d35a-7193-46ff-a107-312d36bdf925",
            "ticker": "KXHIGHMIA-25FEB17-B77.5",
            "count": 90,
            "created_time": "2025-02-17T16:01:10.030228Z",
            "yes_price": 1,
            "no_price": 99,
            "taker_side": "no"
        },
        {
            "trade_id": "e5c2a537-86fc-448b-ade6-816aaa32bfad",
            "ticker": "KXHIGHMIA-25FEB17-B77.5",
            "count": 50,
            "created_time": "2025-02-17T16:01:09.918226Z",
            "yes_price": 2,
            "no_price": 98,
            "taker_side": "no"
        },
        {
            "trade_id": "b7d7dcff-e707-421e-bb1e-7d0610fdc48b",
            "ticker": "KXHIGHMIA-25FEB17-B77.5",
            "count": 36,
            "created_time": "2025-02-17T16:01:09.918226Z",
            "yes_price": 1,
            "no_price": 99,
            "taker_side": "no"
        },
        {
            "trade_id": "1b61bc1d-a1c6-45b0-8ec1-ca9549cf193f",
            "ticker": "KXHIGHMIA-25FEB17-B77.5",
            "count": 110,
            "created_time": "2025-02-17T16:01:09.918226Z",
            "yes_price": 1,
            "no_price": 99,
            "taker_side": "no"
        },
        {
            "trade_id": "16f423f3-9d14-42d2-b2de-ea0e4778b0fa",
            "ticker": "KXHIGHMIA-25FEB17-B77.5",
            "count": 100,
            "created_time": "2025-02-17T16:01:09.918226Z",
            "yes_price": 2,
            "no_price": 98,
            "taker_side": "no"
        },
        {
            "trade_id": "9066f558-3bbd-4cbe-9847-73b7eec1c859",
            "ticker": "KXHIGHMIA-25FEB17-B77.5",
            "count": 50,
            "created_time": "2025-02-17T16:00:29.539394Z",
            "yes_price": 3,
            "no_price": 97,
            "taker_side": "no"
        },
        {
            "trade_id": "cff71284-b25e-407a-b434-aad995748382",
            "ticker": "KXHIGHMIA-25FEB17-B77.5",
            "count": 8,
            "created_time": "2025-02-17T15:57:54.729312Z",
            "yes_price": 5,
            "no_price": 95,
            "taker_side": "no"
        },
        {
            "trade_id": "b6097c21-dcc4-4a32-af8d-3e0d5054966f",
            "ticker": "KXHIGHMIA-25FEB17-B77.5",
            "count": 86,
            "created_time": "2025-02-17T15:57:54.729312Z",
            "yes_price": 5,
            "no_price": 95,
            "taker_side": "no"
        },
        {
            "trade_id": "13ec0dd1-a16a-4be2-84a3-2589a3c56dd1",
            "ticker": "KXHIGHMIA-25FEB17-B77.5",
            "count": 50,
            "created_time": "2025-02-17T15:57:54.729312Z",
            "yes_price": 5,
            "no_price": 95,
            "taker_side": "no"
        },
        {
            "trade_id": "bc762058-a672-4e92-b6ec-c4463999042c",
            "ticker": "KXHIGHMIA-25FEB17-B77.5",
            "count": 60,
            "created_time": "2025-02-17T15:57:42.268021Z",
            "yes_price": 11,
            "no_price": 89,
            "taker_side": "no"
        },
        {
            "trade_id": "b8412d65-ed68-4698-bc52-e1fef32b6aa0",
            "ticker": "KXHIGHMIA-25FEB17-B77.5",
            "count": 14,
            "created_time": "2025-02-17T15:57:42.268021Z",
            "yes_price": 5,
            "no_price": 95,
            "taker_side": "no"
        },
        {
            "trade_id": "b5ff15e5-ae2d-4092-91f3-5afc993856b6",
            "ticker": "KXHIGHMIA-25FEB17-B77.5",
            "count": 26,
            "created_time": "2025-02-17T15:57:42.268021Z",
            "yes_price": 11,
            "no_price": 89,
            "taker_side": "no"
        },
        {
            "trade_id": "79575256-bdfd-4901-abeb-a94d52352ed6",
            "ticker": "KXHIGHMIA-25FEB17-B77.5",
            "count": 100,
            "created_time": "2025-02-17T15:57:42.268021Z",
            "yes_price": 10,
            "no_price": 90,
            "taker_side": "no"
        },
        {
            "trade_id": "a1aebd2e-eaf1-42a2-8900-6f0c03d38eec",
            "ticker": "KXHIGHMIA-25FEB17-B77.5",
            "count": 10,
            "created_time": "2025-02-17T15:54:22.02096Z",
            "yes_price": 13,
            "no_price": 87,
            "taker_side": "no"
        },
        {
            "trade_id": "14649204-ffa5-4aa3-9f0e-c3a76939a432",
            "ticker": "KXHIGHMIA-25FEB17-B77.5",
            "count": 26,
            "created_time": "2025-02-17T15:54:22.02096Z",
            "yes_price": 12,
            "no_price": 88,
            "taker_side": "no"
        },
        {
            "trade_id": "faec3bde-bb2e-4740-9b56-e46d3e21e01c",
            "ticker": "KXHIGHMIA-25FEB17-B77.5",
            "count": 50,
            "created_time": "2025-02-17T15:53:17.544893Z",
            "yes_price": 20,
            "no_price": 80,
            "taker_side": "no"
        },
        {
            "trade_id": "dd489947-8476-485b-8c68-e615e711fc5d",
            "ticker": "KXHIGHMIA-25FEB17-B77.5",
            "count": 300,
            "created_time": "2025-02-17T15:53:17.544893Z",
            "yes_price": 20,
            "no_price": 80,
            "taker_side": "no"
        },
        {
            "trade_id": "d4245382-3c4a-465c-9f30-241acd6bccfa",
            "ticker": "KXHIGHMIA-25FEB17-B77.5",
            "count": 100,
            "created_time": "2025-02-17T15:53:17.544893Z",
            "yes_price": 16,
            "no_price": 84,
            "taker_side": "no"
        },
        {
            "trade_id": "c32909f8-3f48-4a6e-b5d3-a40f8897698e",
            "ticker": "KXHIGHMIA-25FEB17-B77.5",
            "count": 100,
            "created_time": "2025-02-17T15:53:17.544893Z",
            "yes_price": 18,
            "no_price": 82,
            "taker_side": "no"
        },
        {
            "trade_id": "2e774efe-474f-40b5-9be0-d261eff5c1a8",
            "ticker": "KXHIGHMIA-25FEB17-B77.5",
            "count": 100,
            "created_time": "2025-02-17T15:53:17.544893Z",
            "yes_price": 19,
            "no_price": 81,
            "taker_side": "no"
        },
        {
            "trade_id": "096dc40e-b524-4bf4-aff3-82f8d5cd78ee",
            "ticker": "KXHIGHMIA-25FEB17-B77.5",
            "count": 100,
            "created_time": "2025-02-17T15:53:17.544893Z",
            "yes_price": 18,
            "no_price": 82,
            "taker_side": "no"
        },
        {
            "trade_id": "1953346a-d9e9-453d-bea3-57440839e11e",
            "ticker": "KXHIGHMIA-25FEB17-B77.5",
            "count": 53,
            "created_time": "2025-02-17T15:34:04.964256Z",
            "yes_price": 15,
            "no_price": 85,
            "taker_side": "no"
        },
        {
            "trade_id": "1ac5dedc-9dfe-4559-be56-793810127d6c",
            "ticker": "KXHIGHMIA-25FEB17-B77.5",
            "count": 50,
            "created_time": "2025-02-17T15:33:31.096834Z",
            "yes_price": 16,
            "no_price": 84,
            "taker_side": "no"
        },
        {
            "trade_id": "201f2b96-a392-473b-9c4a-65a4e19faec2",
            "ticker": "KXHIGHMIA-25FEB17-B77.5",
            "count": 87,
            "created_time": "2025-02-17T15:30:51.784504Z",
            "yes_price": 14,
            "no_price": 86,
            "taker_side": "no"
        },
        {
            "trade_id": "7ac80c83-48aa-4db7-a99f-a1cfdc0b7014",
            "ticker": "KXHIGHMIA-25FEB17-B77.5",
            "count": 50,
            "created_time": "2025-02-17T15:30:51.218207Z",
            "yes_price": 17,
            "no_price": 83,
            "taker_side": "no"
        },
        {
            "trade_id": "4c269f22-de46-4fd2-9c13-e5357ca36150",
            "ticker": "KXHIGHMIA-25FEB17-B77.5",
            "count": 43,
            "created_time": "2025-02-17T15:29:01.285562Z",
            "yes_price": 32,
            "no_price": 68,
            "taker_side": "yes"
        },
        {
            "trade_id": "5fbdd74a-aa7d-4c9a-a7b7-ae17a2bb3e25",
            "ticker": "KXHIGHMIA-25FEB17-B77.5",
            "count": 50,
            "created_time": "2025-02-17T15:25:38.456169Z",
            "yes_price": 23,
            "no_price": 77,
            "taker_side": "yes"
        },
        {
            "trade_id": "3e101dd0-9131-4556-8611-2fe8decbc453",
            "ticker": "KXHIGHMIA-25FEB17-B77.5",
            "count": 150,
            "created_time": "2025-02-17T15:25:38.456169Z",
            "yes_price": 24,
            "no_price": 76,
            "taker_side": "yes"
        },
        {
            "trade_id": "a7508021-e19b-439c-b097-fbcc12b4bb77",
            "ticker": "KXHIGHMIA-25FEB17-B77.5",
            "count": 18,
            "created_time": "2025-02-17T15:20:41.774695Z",
            "yes_price": 14,
            "no_price": 86,
            "taker_side": "yes"
        },
        {
            "trade_id": "a63ed48d-5c51-43e9-acd9-c7c092eb105d",
            "ticker": "KXHIGHMIA-25FEB17-B77.5",
            "count": 207,
            "created_time": "2025-02-17T15:20:41.774695Z",
            "yes_price": 22,
            "no_price": 78,
            "taker_side": "yes"
        },
        {
            "trade_id": "1c7b2acd-8e6f-4860-a373-c991eba07800",
            "ticker": "KXHIGHMIA-25FEB17-B77.5",
            "count": 50,
            "created_time": "2025-02-17T15:20:41.774695Z",
            "yes_price": 15,
            "no_price": 85,
            "taker_side": "yes"
        },
        {
            "trade_id": "b6314900-9e2d-48dd-b42f-92913f2151dc",
            "ticker": "KXHIGHMIA-25FEB17-B77.5",
            "count": 14,
            "created_time": "2025-02-17T15:15:26.310424Z",
            "yes_price": 20,
            "no_price": 80,
            "taker_side": "no"
        },
        {
            "trade_id": "ae1e7fff-b989-4a5d-933a-51106cbcf0b6",
            "ticker": "KXHIGHMIA-25FEB17-B77.5",
            "count": 20,
            "created_time": "2025-02-17T15:06:56.962999Z",
            "yes_price": 33,
            "no_price": 67,
            "taker_side": "yes"
        },
        {
            "trade_id": "6b7518a8-27a8-4acb-9866-af9099c9dd40",
            "ticker": "KXHIGHMIA-25FEB17-B77.5",
            "count": 8,
            "created_time": "2025-02-17T15:06:56.962999Z",
            "yes_price": 35,
            "no_price": 65,
            "taker_side": "yes"
        },
        {
            "trade_id": "b7e98cc8-7969-4134-b11f-9be1e10107f0",
            "ticker": "KXHIGHMIA-25FEB17-B77.5",
            "count": 6,
            "created_time": "2025-02-17T14:52:24.6262Z",
            "yes_price": 34,
            "no_price": 66,
            "taker_side": "yes"
        },
        {
            "trade_id": "8bb21007-6353-4379-a082-0fbc8573a4a2",
            "ticker": "KXHIGHMIA-25FEB17-B77.5",
            "count": 2,
            "created_time": "2025-02-17T14:52:24.6262Z",
            "yes_price": 30,
            "no_price": 70,
            "taker_side": "yes"
        },
        {
            "trade_id": "c7fa62b9-c34f-47d8-a9a1-f2d476df2eff",
            "ticker": "KXHIGHMIA-25FEB17-B77.5",
            "count": 10,
            "created_time": "2025-02-17T14:22:23.893229Z",
            "yes_price": 20,
            "no_price": 80,
            "taker_side": "no"
        },
        {
            "trade_id": "917063ad-5d00-4e83-a9dc-4d528635cbb8",
            "ticker": "KXHIGHMIA-25FEB17-B77.5",
            "count": 14,
            "created_time": "2025-02-17T14:22:23.018542Z",
            "yes_price": 20,
            "no_price": 80,
            "taker_side": "no"
        },
        {
            "trade_id": "d8370129-4cb7-4cf9-b201-94980d30d70c",
            "ticker": "KXHIGHMIA-25FEB17-B77.5",
            "count": 20,
            "created_time": "2025-02-17T14:19:35.280233Z",
            "yes_price": 26,
            "no_price": 74,
            "taker_side": "yes"
        },
        {
            "trade_id": "a0e8bfef-0984-4e28-8197-d0d6f38eff3e",
            "ticker": "KXHIGHMIA-25FEB17-B77.5",
            "count": 4,
            "created_time": "2025-02-17T14:19:35.280233Z",
            "yes_price": 29,
            "no_price": 71,
            "taker_side": "yes"
        },
        {
            "trade_id": "79fa2d2a-d613-4e39-8485-5705af34a68d",
            "ticker": "KXHIGHMIA-25FEB17-B77.5",
            "count": 33,
            "created_time": "2025-02-17T14:19:35.280233Z",
            "yes_price": 26,
            "no_price": 74,
            "taker_side": "yes"
        },
        {
            "trade_id": "735eb8e3-bccd-4d23-bdee-38cbba3ee068",
            "ticker": "KXHIGHMIA-25FEB17-B77.5",
            "count": 11,
            "created_time": "2025-02-17T14:19:35.280233Z",
            "yes_price": 24,
            "no_price": 76,
            "taker_side": "yes"
        },
        {
            "trade_id": "3a3f71e9-d9c1-4528-b018-f0a92eb26853",
            "ticker": "KXHIGHMIA-25FEB17-B77.5",
            "count": 5,
            "created_time": "2025-02-17T14:19:35.280233Z",
            "yes_price": 25,
            "no_price": 75,
            "taker_side": "yes"
        },
        {
            "trade_id": "5b534f78-4a8a-478a-994e-584acbbbccf0",
            "ticker": "KXHIGHMIA-25FEB17-B77.5",
            "count": 5,
            "created_time": "2025-02-17T14:17:16.314791Z",
            "yes_price": 20,
            "no_price": 80,
            "taker_side": "no"
        },
        {
            "trade_id": "0620f01b-4d59-4532-82fb-ae87e73cd468",
            "ticker": "KXHIGHMIA-25FEB17-B77.5",
            "count": 10,
            "created_time": "2025-02-17T14:17:06.784968Z",
            "yes_price": 20,
            "no_price": 80,
            "taker_side": "no"
        },
        {
            "trade_id": "76485ee1-66c0-4f9f-b02e-941f70ea1f60",
            "ticker": "KXHIGHMIA-25FEB17-B77.5",
            "count": 5,
            "created_time": "2025-02-17T14:16:08.501047Z",
            "yes_price": 21,
            "no_price": 79,
            "taker_side": "no"
        },
        {
            "trade_id": "1cdfb753-8e40-4d00-9ea6-c8b3fd2fdceb",
            "ticker": "KXHIGHMIA-25FEB17-B77.5",
            "count": 15,
            "created_time": "2025-02-17T14:16:08.501047Z",
            "yes_price": 20,
            "no_price": 80,
            "taker_side": "no"
        },
        {
            "trade_id": "6f46ee72-b4b5-46ca-ac12-4d6492bdc009",
            "ticker": "KXHIGHMIA-25FEB17-B77.5",
            "count": 3,
            "created_time": "2025-02-17T14:08:32.253046Z",
            "yes_price": 25,
            "no_price": 75,
            "taker_side": "yes"
        },
        {
            "trade_id": "5aa0a1b2-0d86-4a1f-9633-7b79724247d3",
            "ticker": "KXHIGHMIA-25FEB17-B77.5",
            "count": 22,
            "created_time": "2025-02-17T14:08:09.487515Z",
            "yes_price": 25,
            "no_price": 75,
            "taker_side": "yes"
        },
        {
            "trade_id": "75759324-b0a0-44b1-a909-9d2114ad86bb",
            "ticker": "KXHIGHMIA-25FEB17-B77.5",
            "count": 13,
            "created_time": "2025-02-17T14:07:24.993681Z",
            "yes_price": 20,
            "no_price": 80,
            "taker_side": "no"
        },
        {
            "trade_id": "4bdb63aa-742d-4cb7-ae87-ed0a3ad1eaa5",
            "ticker": "KXHIGHMIA-25FEB17-B77.5",
            "count": 19,
            "created_time": "2025-02-17T14:07:01.309505Z",
            "yes_price": 20,
            "no_price": 80,
            "taker_side": "no"
        },
        {
            "trade_id": "7036aa7b-aca7-409a-b368-38f17d48f61b",
            "ticker": "KXHIGHMIA-25FEB17-B77.5",
            "count": 38,
            "created_time": "2025-02-17T13:42:56.756832Z",
            "yes_price": 27,
            "no_price": 73,
            "taker_side": "yes"
        },
        {
            "trade_id": "c0ae1928-92a0-4ad0-8590-f9b62c788d12",
            "ticker": "KXHIGHMIA-25FEB17-B77.5",
            "count": 2,
            "created_time": "2025-02-17T13:40:10.31744Z",
            "yes_price": 27,
            "no_price": 73,
            "taker_side": "yes"
        },
        {
            "trade_id": "b3314ab4-9244-416a-836b-eedcea4c480d",
            "ticker": "KXHIGHMIA-25FEB17-B77.5",
            "count": 5,
            "created_time": "2025-02-17T13:40:10.31744Z",
            "yes_price": 26,
            "no_price": 74,
            "taker_side": "yes"
        },
        {
            "trade_id": "52210bf3-6821-4818-a2b3-ddd180500c76",
            "ticker": "KXHIGHMIA-25FEB17-B77.5",
            "count": 10,
            "created_time": "2025-02-17T13:40:10.31744Z",
            "yes_price": 27,
            "no_price": 73,
            "taker_side": "yes"
        },
        {
            "trade_id": "8d2eee43-8577-4beb-89de-c3f695cb0e8c",
            "ticker": "KXHIGHMIA-25FEB17-B77.5",
            "count": 38,
            "created_time": "2025-02-17T13:31:51.580157Z",
            "yes_price": 22,
            "no_price": 78,
            "taker_side": "no"
        },
        {
            "trade_id": "65531b12-22d6-4d62-b883-07f2961f7c7b",
            "ticker": "KXHIGHMIA-25FEB17-B77.5",
            "count": 48,
            "created_time": "2025-02-17T13:31:51.580157Z",
            "yes_price": 20,
            "no_price": 80,
            "taker_side": "no"
        },
        {
            "trade_id": "184a3c33-a00b-45ea-b766-e0fd964ab1dd",
            "ticker": "KXHIGHMIA-25FEB17-B77.5",
            "count": 19,
            "created_time": "2025-02-17T13:31:51.580157Z",
            "yes_price": 22,
            "no_price": 78,
            "taker_side": "no"
        },
        {
            "trade_id": "fad93620-6b6b-4690-8ba4-baf3798c3b15",
            "ticker": "KXHIGHMIA-25FEB17-B77.5",
            "count": 19,
            "created_time": "2025-02-17T13:19:36.328123Z",
            "yes_price": 22,
            "no_price": 78,
            "taker_side": "no"
        },
        {
            "trade_id": "d8cf9cf5-68a9-4974-8f74-b76b3610b4b7",
            "ticker": "KXHIGHMIA-25FEB17-B77.5",
            "count": 14,
            "created_time": "2025-02-17T13:19:36.328123Z",
            "yes_price": 24,
            "no_price": 76,
            "taker_side": "no"
        },
        {
            "trade_id": "960eedf5-6bbc-4ca1-b3f9-1860b97bf365",
            "ticker": "KXHIGHMIA-25FEB17-B77.5",
            "count": 5,
            "created_time": "2025-02-17T13:19:36.328123Z",
            "yes_price": 23,
            "no_price": 77,
            "taker_side": "no"
        },
        {
            "trade_id": "9a9715ed-6608-4613-88b2-b071166fd80b",
            "ticker": "KXHIGHMIA-25FEB17-B77.5",
            "count": 3,
            "created_time": "2025-02-17T13:05:48.986505Z",
            "yes_price": 29,
            "no_price": 71,
            "taker_side": "yes"
        },
        {
            "trade_id": "aae07ef9-41a8-44e4-bf7a-f93139f320ce",
            "ticker": "KXHIGHMIA-25FEB17-B77.5",
            "count": 23,
            "created_time": "2025-02-17T13:03:41.664577Z",
            "yes_price": 20,
            "no_price": 80,
            "taker_side": "no"
        },
        {
            "trade_id": "7beb70d0-3068-494a-a190-b4b5a2951f7e",
            "ticker": "KXHIGHMIA-25FEB17-B77.5",
            "count": 10,
            "created_time": "2025-02-17T13:03:41.664577Z",
            "yes_price": 22,
            "no_price": 78,
            "taker_side": "no"
        },
        {
            "trade_id": "41f74479-c9a0-4835-a18c-1ffca55832ee",
            "ticker": "KXHIGHMIA-25FEB17-B77.5",
            "count": 10,
            "created_time": "2025-02-17T13:03:41.664577Z",
            "yes_price": 21,
            "no_price": 79,
            "taker_side": "no"
        },
        {
            "trade_id": "42713ba7-65ba-4903-b898-69563593c7e8",
            "ticker": "KXHIGHMIA-25FEB17-B77.5",
            "count": 147,
            "created_time": "2025-02-17T13:03:04.440856Z",
            "yes_price": 30,
            "no_price": 70,
            "taker_side": "yes"
        },
        {
            "trade_id": "1f7aba03-a48a-47eb-93ea-af946e2bf111",
            "ticker": "KXHIGHMIA-25FEB17-B77.5",
            "count": 12,
            "created_time": "2025-02-17T13:03:04.440856Z",
            "yes_price": 29,
            "no_price": 71,
            "taker_side": "yes"
        },
        {
            "trade_id": "c8e61bfb-ee2f-456a-ae84-ed1a580fd6c5",
            "ticker": "KXHIGHMIA-25FEB17-B77.5",
            "count": 59,
            "created_time": "2025-02-17T13:00:52.764411Z",
            "yes_price": 30,
            "no_price": 70,
            "taker_side": "yes"
        },
        {
            "trade_id": "426c178b-e601-4be6-8d5e-f6ed7e780caa",
            "ticker": "KXHIGHMIA-25FEB17-B77.5",
            "count": 100,
            "created_time": "2025-02-17T13:00:52.764411Z",
            "yes_price": 29,
            "no_price": 71,
            "taker_side": "yes"
        },
        {
            "trade_id": "73430735-3a7f-4a63-b5cb-cd01bd755de5",
            "ticker": "KXHIGHMIA-25FEB17-B77.5",
            "count": 19,
            "created_time": "2025-02-17T13:00:42.099635Z",
            "yes_price": 29,
            "no_price": 71,
            "taker_side": "yes"
        },
        {
            "trade_id": "04e2b7cb-d97c-47e8-b360-f2c8f9c4eca3",
            "ticker": "KXHIGHMIA-25FEB17-B77.5",
            "count": 181,
            "created_time": "2025-02-17T13:00:42.099635Z",
            "yes_price": 30,
            "no_price": 70,
            "taker_side": "yes"
        },
        {
            "trade_id": "f9c6c6c9-c008-4a8c-9a8f-73d1d21548d8",
            "ticker": "KXHIGHMIA-25FEB17-B77.5",
            "count": 420,
            "created_time": "2025-02-17T13:00:17.083615Z",
            "yes_price": 30,
            "no_price": 70,
            "taker_side": "yes"
        },
        {
            "trade_id": "c2d15f40-1c5d-468d-8a87-150033e012c9",
            "ticker": "KXHIGHMIA-25FEB17-B77.5",
            "count": 10,
            "created_time": "2025-02-17T13:00:17.083615Z",
            "yes_price": 29,
            "no_price": 71,
            "taker_side": "yes"
        },
        {
            "trade_id": "224237e2-d1e2-4b3b-8db0-08964afec369",
            "ticker": "KXHIGHMIA-25FEB17-B77.5",
            "count": 35,
            "created_time": "2025-02-17T07:10:14.349395Z",
            "yes_price": 27,
            "no_price": 73,
            "taker_side": "yes"
        },
        {
            "trade_id": "c11ca3a0-f2f2-4901-9208-f9da396a9e93",
            "ticker": "KXHIGHMIA-25FEB17-B77.5",
            "count": 49,
            "created_time": "2025-02-17T05:49:49.828396Z",
            "yes_price": 27,
            "no_price": 73,
            "taker_side": "yes"
        },
        {
            "trade_id": "6c2f7385-a25b-459b-b4f0-c5d4fa98fa9c",
            "ticker": "KXHIGHMIA-25FEB17-B77.5",
            "count": 1,
            "created_time": "2025-02-17T05:49:49.828396Z",
            "yes_price": 27,
            "no_price": 73,
            "taker_side": "yes"
        },
        {
            "trade_id": "b541965d-0999-4dfd-9b8d-98b0c8961b9a",
            "ticker": "KXHIGHMIA-25FEB17-B77.5",
            "count": 10,
            "created_time": "2025-02-17T05:47:44.954645Z",
            "yes_price": 27,
            "no_price": 73,
            "taker_side": "yes"
        },
        {
            "trade_id": "ffb59928-f5c9-434a-bc80-5f192ae15881",
            "ticker": "KXHIGHMIA-25FEB17-B77.5",
            "count": 43,
            "created_time": "2025-02-17T05:38:42.837749Z",
            "yes_price": 35,
            "no_price": 65,
            "taker_side": "yes"
        },
        {
            "trade_id": "f0c28a28-a765-4aba-86a9-b39bddd31bb9",
            "ticker": "KXHIGHMIA-25FEB17-B77.5",
            "count": 11,
            "created_time": "2025-02-17T05:38:42.837749Z",
            "yes_price": 53,
            "no_price": 47,
            "taker_side": "yes"
        },
        {
            "trade_id": "ecff68d3-38bb-418f-b78b-afd9479a84bf",
            "ticker": "KXHIGHMIA-25FEB17-B77.5",
            "count": 3,
            "created_time": "2025-02-17T05:38:42.837749Z",
            "yes_price": 36,
            "no_price": 64,
            "taker_side": "yes"
        },
        {
            "trade_id": "dd2474d0-1a58-45ce-8687-ca042e271121",
            "ticker": "KXHIGHMIA-25FEB17-B77.5",
            "count": 1,
            "created_time": "2025-02-17T05:38:42.837749Z",
            "yes_price": 40,
            "no_price": 60,
            "taker_side": "yes"
        },
        {
            "trade_id": "bd1b50ea-5c83-41af-b1cc-c6cf8a23821e",
            "ticker": "KXHIGHMIA-25FEB17-B77.5",
            "count": 1,
            "created_time": "2025-02-17T05:38:42.837749Z",
            "yes_price": 36,
            "no_price": 64,
            "taker_side": "yes"
        },
        {
            "trade_id": "ad570f3a-689e-4f76-84d0-ca9bed215ba9",
            "ticker": "KXHIGHMIA-25FEB17-B77.5",
            "count": 4,
            "created_time": "2025-02-17T05:38:42.837749Z",
            "yes_price": 41,
            "no_price": 59,
            "taker_side": "yes"
        },
        {
            "trade_id": "8d9c4af9-7dea-4bd2-bace-d7ba3b7d3ba1",
            "ticker": "KXHIGHMIA-25FEB17-B77.5",
            "count": 2,
            "created_time": "2025-02-17T05:38:42.837749Z",
            "yes_price": 39,
            "no_price": 61,
            "taker_side": "yes"
        },
        {
            "trade_id": "5ce631d7-2b95-4105-9270-f9ce61e168e2",
            "ticker": "KXHIGHMIA-25FEB17-B77.5",
            "count": 6,
            "created_time": "2025-02-17T05:38:42.837749Z",
            "yes_price": 38,
            "no_price": 62,
            "taker_side": "yes"
        },
        {
            "trade_id": "5a17f8c5-4f06-4c75-a923-d1df95175013",
            "ticker": "KXHIGHMIA-25FEB17-B77.5",
            "count": 3,
            "created_time": "2025-02-17T05:38:42.837749Z",
            "yes_price": 35,
            "no_price": 65,
            "taker_side": "yes"
        },
        {
            "trade_id": "4c9356ca-a517-47f7-b0b9-39d653aa53a5",
            "ticker": "KXHIGHMIA-25FEB17-B77.5",
            "count": 1,
            "created_time": "2025-02-17T05:38:42.837749Z",
            "yes_price": 35,
            "no_price": 65,
            "taker_side": "yes"
        },
        {
            "trade_id": "2c86bc24-4915-4176-b9a3-31d3a3040bde",
            "ticker": "KXHIGHMIA-25FEB17-B77.5",
            "count": 3,
            "created_time": "2025-02-17T05:38:42.837749Z",
            "yes_price": 40,
            "no_price": 60,
            "taker_side": "yes"
        },
        {
            "trade_id": "27e27788-855e-49a7-82fd-6b7de3b4b7bd",
            "ticker": "KXHIGHMIA-25FEB17-B77.5",
            "count": 2,
            "created_time": "2025-02-17T05:38:42.837749Z",
            "yes_price": 39,
            "no_price": 61,
            "taker_side": "yes"
        },
        {
            "trade_id": "23a15761-b0c0-40bc-a076-267c2cb51349",
            "ticker": "KXHIGHMIA-25FEB17-B77.5",
            "count": 2,
            "created_time": "2025-02-17T05:38:42.837749Z",
            "yes_price": 42,
            "no_price": 58,
            "taker_side": "yes"
        },
        {
            "trade_id": "1ddce0b2-ddcd-45ad-91a7-5754572a51e3",
            "ticker": "KXHIGHMIA-25FEB17-B77.5",
            "count": 5,
            "created_time": "2025-02-17T05:38:42.837749Z",
            "yes_price": 46,
            "no_price": 54,
            "taker_side": "yes"
        },
        {
            "trade_id": "13e67a26-d248-40e9-b489-917c11631d21",
            "ticker": "KXHIGHMIA-25FEB17-B77.5",
            "count": 3,
            "created_time": "2025-02-17T05:38:42.837749Z",
            "yes_price": 37,
            "no_price": 63,
            "taker_side": "yes"
        },
        {
            "trade_id": "fe192fd3-484c-4c8d-97d7-362850562991",
            "ticker": "KXHIGHMIA-25FEB17-B77.5",
            "count": 3,
            "created_time": "2025-02-17T05:37:07.360184Z",
            "yes_price": 33,
            "no_price": 67,
            "taker_side": "yes"
        },
        {
            "trade_id": "7f0a1075-c046-4f17-81cd-73627dfe1843",
            "ticker": "KXHIGHMIA-25FEB17-B77.5",
            "count": 1,
            "created_time": "2025-02-17T05:37:07.360184Z",
            "yes_price": 34,
            "no_price": 66,
            "taker_side": "yes"
        },
        {
            "trade_id": "7e29a57e-819f-4ae7-8e7b-f0f5c6c8277b",
            "ticker": "KXHIGHMIA-25FEB17-B77.5",
            "count": 5,
            "created_time": "2025-02-17T05:37:07.360184Z",
            "yes_price": 28,
            "no_price": 72,
            "taker_side": "yes"
        },
        {
            "trade_id": "bd15b920-da6a-43af-8c5d-665fe0a7dfbd",
            "ticker": "KXHIGHMIA-25FEB17-B77.5",
            "count": 5,
            "created_time": "2025-02-17T05:36:22.29901Z",
            "yes_price": 25,
            "no_price": 75,
            "taker_side": "no"
        },
        {
            "trade_id": "ffa80d14-9f88-4860-9e12-84d98d84316e",
            "ticker": "KXHIGHMIA-25FEB17-B77.5",
            "count": 38,
            "created_time": "2025-02-17T05:33:25.439845Z",
            "yes_price": 30,
            "no_price": 70,
            "taker_side": "no"
        },
        {
            "trade_id": "e6ed9f13-7e9e-4f98-ac0f-f7bf5a2a33bf",
            "ticker": "KXHIGHMIA-25FEB17-B77.5",
            "count": 3,
            "created_time": "2025-02-17T05:33:25.358782Z",
            "yes_price": 30,
            "no_price": 70,
            "taker_side": "no"
        },
        {
            "trade_id": "76a478ab-4bbb-4ec1-992d-fa92d060f37d",
            "ticker": "KXHIGHMIA-25FEB17-B77.5",
            "count": 1,
            "created_time": "2025-02-17T05:33:25.358782Z",
            "yes_price": 31,
            "no_price": 69,
            "taker_side": "no"
        },
        {
            "trade_id": "35c9771f-eb20-41bf-b1e2-8e0934acb606",
            "ticker": "KXHIGHMIA-25FEB17-B77.5",
            "count": 10,
            "created_time": "2025-02-17T05:33:25.358782Z",
            "yes_price": 30,
            "no_price": 70,
            "taker_side": "no"
        },
        {
            "trade_id": "20799c4f-e8bf-4e49-8c31-a68d60d20d99",
            "ticker": "KXHIGHMIA-25FEB17-B77.5",
            "count": 62,
            "created_time": "2025-02-17T05:33:25.358782Z",
            "yes_price": 30,
            "no_price": 70,
            "taker_side": "no"
        },
        {
            "trade_id": "0ddf0823-570c-452c-a772-45a4933862f7",
            "ticker": "KXHIGHMIA-25FEB17-B77.5",
            "count": 25,
            "created_time": "2025-02-17T05:30:55.361481Z",
            "yes_price": 32,
            "no_price": 68,
            "taker_side": "yes"
        },
        {
            "trade_id": "01bef0bc-45a6-4cb7-9e1c-9935ca9cf4c4",
            "ticker": "KXHIGHMIA-25FEB17-B77.5",
            "count": 80,
            "created_time": "2025-02-17T05:30:55.361481Z",
            "yes_price": 34,
            "no_price": 66,
            "taker_side": "yes"
        },
        {
            "trade_id": "d0aab138-2244-49cb-ae38-d10039214a26",
            "ticker": "KXHIGHMIA-25FEB17-B77.5",
            "count": 4,
            "created_time": "2025-02-17T05:30:36.777314Z",
            "yes_price": 32,
            "no_price": 68,
            "taker_side": "no"
        },
        {
            "trade_id": "d9af6ded-3ebc-4655-af55-39baa96b7082",
            "ticker": "KXHIGHMIA-25FEB17-B77.5",
            "count": 4,
            "created_time": "2025-02-17T05:30:34.961142Z",
            "yes_price": 33,
            "no_price": 67,
            "taker_side": "no"
        },
        {
            "trade_id": "804684ca-a477-4bb9-ac27-4a457cb035ee",
            "ticker": "KXHIGHMIA-25FEB17-B77.5",
            "count": 3,
            "created_time": "2025-02-17T05:30:34.961142Z",
            "yes_price": 34,
            "no_price": 66,
            "taker_side": "no"
        },
        {
            "trade_id": "409a3d33-546b-4106-ad2e-596af335e964",
            "ticker": "KXHIGHMIA-25FEB17-B77.5",
            "count": 6,
            "created_time": "2025-02-17T05:30:34.841086Z",
            "yes_price": 35,
            "no_price": 65,
            "taker_side": "no"
        },
        {
            "trade_id": "1f090ecc-9581-40a6-a528-c6b25bbd0fc0",
            "ticker": "KXHIGHMIA-25FEB17-B77.5",
            "count": 74,
            "created_time": "2025-02-17T05:30:34.841086Z",
            "yes_price": 36,
            "no_price": 64,
            "taker_side": "no"
        },
        {
            "trade_id": "a67fd5c9-eaa6-41dd-a1a7-10ab53440598",
            "ticker": "KXHIGHMIA-25FEB17-B77.5",
            "count": 2,
            "created_time": "2025-02-17T05:30:34.71792Z",
            "yes_price": 36,
            "no_price": 64,
            "taker_side": "no"
        },
        {
            "trade_id": "9c01cf49-c9a8-4fa1-b378-cd0b73608576",
            "ticker": "KXHIGHMIA-25FEB17-B77.5",
            "count": 5,
            "created_time": "2025-02-17T05:30:34.71792Z",
            "yes_price": 37,
            "no_price": 63,
            "taker_side": "no"
        },
        {
            "trade_id": "6083290b-739f-4220-84c2-0bdbbb83d224",
            "ticker": "KXHIGHMIA-25FEB17-B77.5",
            "count": 76,
            "created_time": "2025-02-17T05:30:34.71792Z",
            "yes_price": 36,
            "no_price": 64,
            "taker_side": "no"
        },
        {
            "trade_id": "cbc46614-1852-44f2-ad7e-00e8afb5a36b",
            "ticker": "KXHIGHMIA-25FEB17-B77.5",
            "count": 2,
            "created_time": "2025-02-17T05:19:14.154047Z",
            "yes_price": 39,
            "no_price": 61,
            "taker_side": "no"
        },
        {
            "trade_id": "ac9c79b4-3ff4-44c2-95db-937fde955e25",
            "ticker": "KXHIGHMIA-25FEB17-B77.5",
            "count": 4,
            "created_time": "2025-02-17T05:19:14.154047Z",
            "yes_price": 38,
            "no_price": 62,
            "taker_side": "no"
        },
        {
            "trade_id": "8b0cce27-9c91-4128-9b20-57833be5054d",
            "ticker": "KXHIGHMIA-25FEB17-B77.5",
            "count": 4,
            "created_time": "2025-02-17T05:19:14.154047Z",
            "yes_price": 37,
            "no_price": 63,
            "taker_side": "no"
        },
        {
            "trade_id": "5c2887c4-2325-45e4-977d-301afacc4945",
            "ticker": "KXHIGHMIA-25FEB17-B77.5",
            "count": 2,
            "created_time": "2025-02-17T05:19:14.154047Z",
            "yes_price": 36,
            "no_price": 64,
            "taker_side": "no"
        },
        {
            "trade_id": "047e4537-9ea0-4c89-8a2e-62a344331b6c",
            "ticker": "KXHIGHMIA-25FEB17-B77.5",
            "count": 25,
            "created_time": "2025-02-17T05:19:14.154047Z",
            "yes_price": 39,
            "no_price": 61,
            "taker_side": "no"
        },
        {
            "trade_id": "9d368f82-2593-4a38-af84-7b5c3790342f",
            "ticker": "KXHIGHMIA-25FEB17-B77.5",
            "count": 1,
            "created_time": "2025-02-17T05:15:11.103897Z",
            "yes_price": 46,
            "no_price": 54,
            "taker_side": "yes"
        },
        {
            "trade_id": "4cbcd8e0-8f2c-4a47-8835-1b0860d66274",
            "ticker": "KXHIGHMIA-25FEB17-B77.5",
            "count": 6,
            "created_time": "2025-02-17T05:15:11.103897Z",
            "yes_price": 47,
            "no_price": 53,
            "taker_side": "yes"
        },
        {
            "trade_id": "38ad07e9-d86f-4c47-9be0-c3dc6eaa2d2e",
            "ticker": "KXHIGHMIA-25FEB17-B77.5",
            "count": 11,
            "created_time": "2025-02-17T05:15:11.103897Z",
            "yes_price": 46,
            "no_price": 54,
            "taker_side": "yes"
        },
        {
            "trade_id": "f3a2e51e-7fb4-434d-943d-256cc964d733",
            "ticker": "KXHIGHMIA-25FEB17-B77.5",
            "count": 3,
            "created_time": "2025-02-17T04:56:11.689792Z",
            "yes_price": 46,
            "no_price": 54,
            "taker_side": "yes"
        },
        {
            "trade_id": "6959fdec-eff2-4cb5-90a1-5caed769b134",
            "ticker": "KXHIGHMIA-25FEB17-B77.5",
            "count": 38,
            "created_time": "2025-02-17T04:56:11.689792Z",
            "yes_price": 46,
            "no_price": 54,
            "taker_side": "yes"
        },
        {
            "trade_id": "c7ca04b8-4f20-4cfc-84bb-ffdac3839f55",
            "ticker": "KXHIGHMIA-25FEB17-B77.5",
            "count": 43,
            "created_time": "2025-02-17T04:07:37.978792Z",
            "yes_price": 40,
            "no_price": 60,
            "taker_side": "yes"
        },
        {
            "trade_id": "4ff02d0b-33c6-4327-bc1f-728780e14a13",
            "ticker": "KXHIGHMIA-25FEB17-B77.5",
            "count": 49,
            "created_time": "2025-02-17T04:06:51.777149Z",
            "yes_price": 39,
            "no_price": 61,
            "taker_side": "no"
        },
        {
            "trade_id": "436fe3e0-5b35-4893-80f3-a972ff9c2aca",
            "ticker": "KXHIGHMIA-25FEB17-B77.5",
            "count": 5,
            "created_time": "2025-02-17T04:02:24.999349Z",
            "yes_price": 39,
            "no_price": 61,
            "taker_side": "no"
        },
        {
            "trade_id": "1009b39a-b57b-4fb2-8f18-b06b4928f367",
            "ticker": "KXHIGHMIA-25FEB17-B77.5",
            "count": 61,
            "created_time": "2025-02-17T03:48:30.039819Z",
            "yes_price": 39,
            "no_price": 61,
            "taker_side": "no"
        },
        {
            "trade_id": "8ad60cf8-6b09-447e-92a4-825cec64fc6e",
            "ticker": "KXHIGHMIA-25FEB17-B77.5",
            "count": 20,
            "created_time": "2025-02-17T03:48:24.380852Z",
            "yes_price": 40,
            "no_price": 60,
            "taker_side": "no"
        },
        {
            "trade_id": "38ba94ab-f403-44f1-be54-26b2ec95f6fe",
            "ticker": "KXHIGHMIA-25FEB17-B77.5",
            "count": 38,
            "created_time": "2025-02-17T03:48:24.380852Z",
            "yes_price": 41,
            "no_price": 59,
            "taker_side": "no"
        },
        {
            "trade_id": "32da61e2-0f6c-4132-ada3-8cab397b770d",
            "ticker": "KXHIGHMIA-25FEB17-B77.5",
            "count": 12,
            "created_time": "2025-02-17T03:48:24.309422Z",
            "yes_price": 41,
            "no_price": 59,
            "taker_side": "no"
        },
        {
            "trade_id": "98fb3d6c-a37c-4141-a44f-8cb029f6dbe0",
            "ticker": "KXHIGHMIA-25FEB17-B77.5",
            "count": 20,
            "created_time": "2025-02-17T03:45:45.640184Z",
            "yes_price": 43,
            "no_price": 57,
            "taker_side": "no"
        },
        {
            "trade_id": "1211b977-02f7-4bd9-92fc-a6309419dfb5",
            "ticker": "KXHIGHMIA-25FEB17-B77.5",
            "count": 86,
            "created_time": "2025-02-17T03:45:45.640184Z",
            "yes_price": 43,
            "no_price": 57,
            "taker_side": "no"
        },
        {
            "trade_id": "6b17ffb9-8238-4781-920b-f4f7d4ca35e3",
            "ticker": "KXHIGHMIA-25FEB17-B77.5",
            "count": 51,
            "created_time": "2025-02-17T03:45:39.936898Z",
            "yes_price": 43,
            "no_price": 57,
            "taker_side": "no"
        },
        {
            "trade_id": "7e0f8222-3168-46b5-a47f-ebdc64369017",
            "ticker": "KXHIGHMIA-25FEB17-B77.5",
            "count": 100,
            "created_time": "2025-02-17T03:44:37.895866Z",
            "yes_price": 44,
            "no_price": 56,
            "taker_side": "yes"
        },
        {
            "trade_id": "72d6f771-52ed-4f19-afab-0d01eebd2009",
            "ticker": "KXHIGHMIA-25FEB17-B77.5",
            "count": 50,
            "created_time": "2025-02-17T03:42:30.620827Z",
            "yes_price": 44,
            "no_price": 56,
            "taker_side": "no"
        },
        {
            "trade_id": "35b982a6-b1ee-4e3f-aeca-18ecf3d34270",
            "ticker": "KXHIGHMIA-25FEB17-B77.5",
            "count": 13,
            "created_time": "2025-02-17T03:42:30.620827Z",
            "yes_price": 43,
            "no_price": 57,
            "taker_side": "no"
        },
        {
            "trade_id": "4a04d625-f706-483d-ab04-64d105d037e7",
            "ticker": "KXHIGHMIA-25FEB17-B77.5",
            "count": 100,
            "created_time": "2025-02-17T03:10:27.314339Z",
            "yes_price": 44,
            "no_price": 56,
            "taker_side": "no"
        },
        {
            "trade_id": "e3c7ad25-90ca-43c7-90b4-4b62a462d4c5",
            "ticker": "KXHIGHMIA-25FEB17-B77.5",
            "count": 4,
            "created_time": "2025-02-17T02:59:44.861441Z",
            "yes_price": 47,
            "no_price": 53,
            "taker_side": "yes"
        },
        {
            "trade_id": "9eca7a03-5e92-4308-a000-389309bd6bf2",
            "ticker": "KXHIGHMIA-25FEB17-B77.5",
            "count": 20,
            "created_time": "2025-02-17T02:39:20.636648Z",
            "yes_price": 47,
            "no_price": 53,
            "taker_side": "yes"
        },
        {
            "trade_id": "bc092601-0e2f-47c5-b842-4f2ceba2a413",
            "ticker": "KXHIGHMIA-25FEB17-B77.5",
            "count": 1,
            "created_time": "2025-02-17T02:09:07.66972Z",
            "yes_price": 48,
            "no_price": 52,
            "taker_side": "yes"
        },
        {
            "trade_id": "56604c77-10ba-4ce0-8b30-1d3388221bc6",
            "ticker": "KXHIGHMIA-25FEB17-B77.5",
            "count": 17,
            "created_time": "2025-02-17T01:30:05.817738Z",
            "yes_price": 51,
            "no_price": 49,
            "taker_side": "yes"
        },
        {
            "trade_id": "40ca2f9b-2779-43c9-8d97-c5e830e54aef",
            "ticker": "KXHIGHMIA-25FEB17-B77.5",
            "count": 3,
            "created_time": "2025-02-17T01:30:05.817738Z",
            "yes_price": 51,
            "no_price": 49,
            "taker_side": "yes"
        },
        {
            "trade_id": "1ef093a8-a0c6-45a9-8b3c-ea1d6983a2e0",
            "ticker": "KXHIGHMIA-25FEB17-B77.5",
            "count": 6,
            "created_time": "2025-02-17T01:30:05.817738Z",
            "yes_price": 51,
            "no_price": 49,
            "taker_side": "yes"
        },
        {
            "trade_id": "83a7b306-23ec-4745-85f9-2b7269ef0c26",
            "ticker": "KXHIGHMIA-25FEB17-B77.5",
            "count": 1,
            "created_time": "2025-02-17T01:27:23.616766Z",
            "yes_price": 41,
            "no_price": 59,
            "taker_side": "yes"
        },
        {
            "trade_id": "b54d17bc-faad-43a1-96e7-6e81e6704441",
            "ticker": "KXHIGHMIA-25FEB17-B77.5",
            "count": 11,
            "created_time": "2025-02-17T00:20:21.181997Z",
            "yes_price": 41,
            "no_price": 59,
            "taker_side": "yes"
        },
        {
            "trade_id": "e8851bb7-d261-42dc-a9f0-b7bc8cc6120a",
            "ticker": "KXHIGHMIA-25FEB17-B77.5",
            "count": 1,
            "created_time": "2025-02-17T00:18:15.130557Z",
            "yes_price": 40,
            "no_price": 60,
            "taker_side": "no"
        },
        {
            "trade_id": "72a833cf-51e8-46ed-97ce-4e6f38ba5e75",
            "ticker": "KXHIGHMIA-25FEB17-B77.5",
            "count": 4,
            "created_time": "2025-02-17T00:18:15.130557Z",
            "yes_price": 40,
            "no_price": 60,
            "taker_side": "no"
        },
        {
            "trade_id": "4f0b9254-d912-42f7-bcc3-e1f7ca4ba23d",
            "ticker": "KXHIGHMIA-25FEB17-B77.5",
            "count": 10,
            "created_time": "2025-02-17T00:18:15.130557Z",
            "yes_price": 40,
            "no_price": 60,
            "taker_side": "no"
        },
        {
            "trade_id": "04c7c492-7254-4c36-8de5-753a31b94b4d",
            "ticker": "KXHIGHMIA-25FEB17-B77.5",
            "count": 1,
            "created_time": "2025-02-17T00:18:15.130557Z",
            "yes_price": 40,
            "no_price": 60,
            "taker_side": "no"
        },
        {
            "trade_id": "dc439b78-77d9-44a0-8121-0a3616c32017",
            "ticker": "KXHIGHMIA-25FEB17-B77.5",
            "count": 1,
            "created_time": "2025-02-17T00:05:07.144261Z",
            "yes_price": 41,
            "no_price": 59,
            "taker_side": "no"
        },
        {
            "trade_id": "6f350dd9-c3fc-4acd-9bfb-1ed08a2c28ce",
            "ticker": "KXHIGHMIA-25FEB17-B77.5",
            "count": 29,
            "created_time": "2025-02-17T00:05:07.144261Z",
            "yes_price": 40,
            "no_price": 60,
            "taker_side": "no"
        },
        {
            "trade_id": "c20bcbe2-f2c9-4ed3-81fd-d2cb735ebcd4",
            "ticker": "KXHIGHMIA-25FEB17-B77.5",
            "count": 31,
            "created_time": "2025-02-17T00:04:51.729917Z",
            "yes_price": 40,
            "no_price": 60,
            "taker_side": "no"
        },
        {
            "trade_id": "7eedd27a-8ba0-4061-9ceb-24d680be05ca",
            "ticker": "KXHIGHMIA-25FEB17-B77.5",
            "count": 19,
            "created_time": "2025-02-17T00:04:51.729917Z",
            "yes_price": 40,
            "no_price": 60,
            "taker_side": "no"
        },
        {
            "trade_id": "b9331595-26bf-4d34-9934-88dfecc74595",
            "ticker": "KXHIGHMIA-25FEB17-B77.5",
            "count": 9,
            "created_time": "2025-02-17T00:04:17.977719Z",
            "yes_price": 40,
            "no_price": 60,
            "taker_side": "no"
        },
        {
            "trade_id": "35ef95d9-ed21-4a70-8541-bb1291ec1951",
            "ticker": "KXHIGHMIA-25FEB17-B77.5",
            "count": 49,
            "created_time": "2025-02-16T23:51:50.823535Z",
            "yes_price": 41,
            "no_price": 59,
            "taker_side": "yes"
        },
        {
            "trade_id": "dae1d971-3606-494b-bc17-bb023feb817b",
            "ticker": "KXHIGHMIA-25FEB17-B77.5",
            "count": 1,
            "created_time": "2025-02-16T23:28:41.511727Z",
            "yes_price": 41,
            "no_price": 59,
            "taker_side": "yes"
        },
        {
            "trade_id": "31d8f10e-b02c-4fd3-b964-8e24344a42de",
            "ticker": "KXHIGHMIA-25FEB17-B77.5",
            "count": 4,
            "created_time": "2025-02-16T23:28:41.511727Z",
            "yes_price": 42,
            "no_price": 58,
            "taker_side": "yes"
        },
        {
            "trade_id": "8ef2ad46-afa8-4db1-a26f-5ab2edd1aa8d",
            "ticker": "KXHIGHMIA-25FEB17-B77.5",
            "count": 240,
            "created_time": "2025-02-16T23:27:52.241755Z",
            "yes_price": 41,
            "no_price": 59,
            "taker_side": "yes"
        },
        {
            "trade_id": "1741c2d7-b4ed-4781-9c22-883a83ab3647",
            "ticker": "KXHIGHMIA-25FEB17-B77.5",
            "count": 28,
            "created_time": "2025-02-16T23:27:35.743324Z",
            "yes_price": 39,
            "no_price": 61,
            "taker_side": "no"
        },
        {
            "trade_id": "50af5bb7-093f-499e-8e1b-307d14f0c158",
            "ticker": "KXHIGHMIA-25FEB17-B77.5",
            "count": 54,
            "created_time": "2025-02-16T23:27:28.671159Z",
            "yes_price": 39,
            "no_price": 61,
            "taker_side": "no"
        },
        {
            "trade_id": "c1227664-a8bc-47a3-9647-92c684255afb",
            "ticker": "KXHIGHMIA-25FEB17-B77.5",
            "count": 89,
            "created_time": "2025-02-16T23:27:28.439051Z",
            "yes_price": 40,
            "no_price": 60,
            "taker_side": "no"
        },
        {
            "trade_id": "74a2cd41-9b98-448b-b572-73f65b55ec69",
            "ticker": "KXHIGHMIA-25FEB17-B77.5",
            "count": 16,
            "created_time": "2025-02-16T23:24:36.155741Z",
            "yes_price": 40,
            "no_price": 60,
            "taker_side": "no"
        },
        {
            "trade_id": "c011d4f3-f460-42a4-901c-229ee9493ea2",
            "ticker": "KXHIGHMIA-25FEB17-B77.5",
            "count": 1,
            "created_time": "2025-02-16T23:24:23.317986Z",
            "yes_price": 41,
            "no_price": 59,
            "taker_side": "no"
        },
        {
            "trade_id": "170321f8-e44d-4bbf-9ff1-63a049bc018b",
            "ticker": "KXHIGHMIA-25FEB17-B77.5",
            "count": 5,
            "created_time": "2025-02-16T23:24:23.317986Z",
            "yes_price": 42,
            "no_price": 58,
            "taker_side": "no"
        },
        {
            "trade_id": "8ce0f931-da3f-46ed-a540-ae7876305988",
            "ticker": "KXHIGHMIA-25FEB17-B77.5",
            "count": 20,
            "created_time": "2025-02-16T23:08:13.319384Z",
            "yes_price": 46,
            "no_price": 54,
            "taker_side": "yes"
        },
        {
            "trade_id": "fc3faabb-0eb8-46c2-8856-bf1ee860702d",
            "ticker": "KXHIGHMIA-25FEB17-B77.5",
            "count": 30,
            "created_time": "2025-02-16T22:50:56.295494Z",
            "yes_price": 54,
            "no_price": 46,
            "taker_side": "yes"
        },
        {
            "trade_id": "cb5b7835-5457-4714-9dcd-db34a5c616dc",
            "ticker": "KXHIGHMIA-25FEB17-B77.5",
            "count": 9,
            "created_time": "2025-02-16T22:50:56.295494Z",
            "yes_price": 55,
            "no_price": 45,
            "taker_side": "yes"
        },
        {
            "trade_id": "ae166f60-0c78-4445-88fc-b513a2e02b72",
            "ticker": "KXHIGHMIA-25FEB17-B77.5",
            "count": 96,
            "created_time": "2025-02-16T22:50:56.295494Z",
            "yes_price": 54,
            "no_price": 46,
            "taker_side": "yes"
        },
        {
            "trade_id": "8bc009d8-678a-4ec8-b23a-e9a1bee93ab6",
            "ticker": "KXHIGHMIA-25FEB17-B77.5",
            "count": 1,
            "created_time": "2025-02-16T22:50:56.295494Z",
            "yes_price": 49,
            "no_price": 51,
            "taker_side": "yes"
        },
        {
            "trade_id": "8a71e3f4-920f-4afc-855f-3bdfdef58d6d",
            "ticker": "KXHIGHMIA-25FEB17-B77.5",
            "count": 2,
            "created_time": "2025-02-16T22:50:56.295494Z",
            "yes_price": 53,
            "no_price": 47,
            "taker_side": "yes"
        },
        {
            "trade_id": "5a6b3081-0b8e-4af9-a7d1-902cabca8427",
            "ticker": "KXHIGHMIA-25FEB17-B77.5",
            "count": 100,
            "created_time": "2025-02-16T22:50:56.295494Z",
            "yes_price": 50,
            "no_price": 50,
            "taker_side": "yes"
        },
        {
            "trade_id": "127a6675-cce1-47f6-a4eb-391824b5b211",
            "ticker": "KXHIGHMIA-25FEB17-B77.5",
            "count": 8,
            "created_time": "2025-02-16T22:50:56.295494Z",
            "yes_price": 53,
            "no_price": 47,
            "taker_side": "yes"
        },
        {
            "trade_id": "00bda7c7-f14b-45f7-bc20-93f75dc272d3",
            "ticker": "KXHIGHMIA-25FEB17-B77.5",
            "count": 30,
            "created_time": "2025-02-16T22:50:56.295494Z",
            "yes_price": 53,
            "no_price": 47,
            "taker_side": "yes"
        },
        {
            "trade_id": "f4968c09-a104-4cb2-afbf-69496cb64c4f",
            "ticker": "KXHIGHMIA-25FEB17-B77.5",
            "count": 9,
            "created_time": "2025-02-16T22:01:34.212166Z",
            "yes_price": 41,
            "no_price": 59,
            "taker_side": "no"
        },
        {
            "trade_id": "61d9b87c-3a23-401b-8010-6560c6f76d5a",
            "ticker": "KXHIGHMIA-25FEB17-B77.5",
            "count": 1,
            "created_time": "2025-02-16T21:58:14.178835Z",
            "yes_price": 42,
            "no_price": 58,
            "taker_side": "no"
        },
        {
            "trade_id": "b709f645-5155-4f61-8833-18a723c45480",
            "ticker": "KXHIGHMIA-25FEB17-B77.5",
            "count": 10,
            "created_time": "2025-02-16T21:53:24.588429Z",
            "yes_price": 47,
            "no_price": 53,
            "taker_side": "yes"
        },
        {
            "trade_id": "d01bd634-adc0-4d46-b073-aff677de3651",
            "ticker": "KXHIGHMIA-25FEB17-B77.5",
            "count": 1,
            "created_time": "2025-02-16T21:16:24.418132Z",
            "yes_price": 47,
            "no_price": 53,
            "taker_side": "yes"
        },
        {
            "trade_id": "33c343ae-ec32-4785-949d-bdf636b791db",
            "ticker": "KXHIGHMIA-25FEB17-B77.5",
            "count": 240,
            "created_time": "2025-02-16T21:03:30.910151Z",
            "yes_price": 39,
            "no_price": 61,
            "taker_side": "no"
        },
        {
            "trade_id": "bc787a96-15b1-437d-91a2-739c250baa74",
            "ticker": "KXHIGHMIA-25FEB17-B77.5",
            "count": 81,
            "created_time": "2025-02-16T21:03:30.796737Z",
            "yes_price": 39,
            "no_price": 61,
            "taker_side": "no"
        },
        {
            "trade_id": "418e3b90-8985-47d4-bd4a-fd718aa5e46a",
            "ticker": "KXHIGHMIA-25FEB17-B77.5",
            "count": 1,
            "created_time": "2025-02-16T21:03:30.796737Z",
            "yes_price": 40,
            "no_price": 60,
            "taker_side": "no"
        },
        {
            "trade_id": "62b93345-e4d3-416e-813c-e9f27f7895c8",
            "ticker": "KXHIGHMIA-25FEB17-B77.5",
            "count": 76,
            "created_time": "2025-02-16T20:32:11.445589Z",
            "yes_price": 47,
            "no_price": 53,
            "taker_side": "yes"
        },
        {
            "trade_id": "5ea1f213-c47a-4fb0-ac5a-467e9a18b3e4",
            "ticker": "KXHIGHMIA-25FEB17-B77.5",
            "count": 100,
            "created_time": "2025-02-16T20:32:11.445589Z",
            "yes_price": 46,
            "no_price": 54,
            "taker_side": "yes"
        },
        {
            "trade_id": "4e9f3656-d6f8-4571-b333-e76fa23dc8ad",
            "ticker": "KXHIGHMIA-25FEB17-B77.5",
            "count": 18,
            "created_time": "2025-02-16T20:32:11.445589Z",
            "yes_price": 46,
            "no_price": 54,
            "taker_side": "yes"
        },
        {
            "trade_id": "05d59c97-ef13-4dfe-8bfd-ddb3d8df156a",
            "ticker": "KXHIGHMIA-25FEB17-B77.5",
            "count": 14,
            "created_time": "2025-02-16T20:32:11.445589Z",
            "yes_price": 45,
            "no_price": 55,
            "taker_side": "yes"
        },
        {
            "trade_id": "a0ac177f-8de0-4e03-ae81-4bd5f15a2737",
            "ticker": "KXHIGHMIA-25FEB17-B77.5",
            "count": 10,
            "created_time": "2025-02-16T19:24:25.808749Z",
            "yes_price": 45,
            "no_price": 55,
            "taker_side": "yes"
        },
        {
            "trade_id": "59aa1e7f-1250-49e1-b205-cdad3534b305",
            "ticker": "KXHIGHMIA-25FEB17-B77.5",
            "count": 10,
            "created_time": "2025-02-16T18:56:40.966143Z",
            "yes_price": 40,
            "no_price": 60,
            "taker_side": "yes"
        }
    ],
    "KXHIGHMIA-25FEB17-B79.5": [
        {
            "trade_id": "fda6a288-2e1f-43f6-9488-21c4f6d33b0b",
            "ticker": "KXHIGHMIA-25FEB17-B79.5",
            "count": 12,
            "created_time": "2025-02-18T01:55:09.455324Z",
            "yes_price": 1,
            "no_price": 99,
            "taker_side": "yes"
        },
        {
            "trade_id": "c3715a40-42aa-4b9d-a454-fdccc1ba6288",
            "ticker": "KXHIGHMIA-25FEB17-B79.5",
            "count": 159,
            "created_time": "2025-02-18T01:55:09.455324Z",
            "yes_price": 1,
            "no_price": 99,
            "taker_side": "yes"
        },
        {
            "trade_id": "26667025-9b1d-45ea-b6d8-51122fef53e3",
            "ticker": "KXHIGHMIA-25FEB17-B79.5",
            "count": 1,
            "created_time": "2025-02-17T23:45:48.455152Z",
            "yes_price": 1,
            "no_price": 99,
            "taker_side": "yes"
        },
        {
            "trade_id": "7cd44c95-d294-448f-ae5d-0144a5cbc15c",
            "ticker": "KXHIGHMIA-25FEB17-B79.5",
            "count": 11,
            "created_time": "2025-02-17T20:28:52.011705Z",
            "yes_price": 1,
            "no_price": 99,
            "taker_side": "yes"
        },
        {
            "trade_id": "e8c94c02-53d5-442f-8980-14d9d3c8ddc0",
            "ticker": "KXHIGHMIA-25FEB17-B79.5",
            "count": 10,
            "created_time": "2025-02-17T20:22:46.606177Z",
            "yes_price": 1,
            "no_price": 99,
            "taker_side": "yes"
        },
        {
            "trade_id": "ad73493f-da4a-43d0-96b8-c31a1170f38d",
            "ticker": "KXHIGHMIA-25FEB17-B79.5",
            "count": 16,
            "created_time": "2025-02-17T20:22:46.606177Z",
            "yes_price": 1,
            "no_price": 99,
            "taker_side": "yes"
        },
        {
            "trade_id": "69147c56-82c4-4c43-abd5-3442fbbd924f",
            "ticker": "KXHIGHMIA-25FEB17-B79.5",
            "count": 7,
            "created_time": "2025-02-17T20:22:46.606177Z",
            "yes_price": 1,
            "no_price": 99,
            "taker_side": "yes"
        },
        {
            "trade_id": "5f31d94a-1af3-4317-b6be-45d1db6789e1",
            "ticker": "KXHIGHMIA-25FEB17-B79.5",
            "count": 4405,
            "created_time": "2025-02-17T19:15:17.294802Z",
            "yes_price": 1,
            "no_price": 99,
            "taker_side": "yes"
        },
        {
            "trade_id": "97a7eb83-0390-4dff-8fdf-e19030b56c80",
            "ticker": "KXHIGHMIA-25FEB17-B79.5",
            "count": 467,
            "created_time": "2025-02-17T19:12:56.917415Z",
            "yes_price": 1,
            "no_price": 99,
            "taker_side": "yes"
        },
        {
            "trade_id": "21d978cd-fff6-4544-9190-86071ebeed5b",
            "ticker": "KXHIGHMIA-25FEB17-B79.5",
            "count": 467,
            "created_time": "2025-02-17T19:12:03.218291Z",
            "yes_price": 1,
            "no_price": 99,
            "taker_side": "yes"
        },
        {
            "trade_id": "8b33869d-0837-4d2d-8f54-ad8522147879",
            "ticker": "KXHIGHMIA-25FEB17-B79.5",
            "count": 11,
            "created_time": "2025-02-17T18:15:45.12929Z",
            "yes_price": 1,
            "no_price": 99,
            "taker_side": "yes"
        },
        {
            "trade_id": "2482ba6e-18f7-4ec2-907e-8cf4c8e823e8",
            "ticker": "KXHIGHMIA-25FEB17-B79.5",
            "count": 13,
            "created_time": "2025-02-17T18:10:40.022108Z",
            "yes_price": 1,
            "no_price": 99,
            "taker_side": "yes"
        },
        {
            "trade_id": "884851a7-5111-4de1-a629-f4f717e111f8",
            "ticker": "KXHIGHMIA-25FEB17-B79.5",
            "count": 951,
            "created_time": "2025-02-17T18:09:14.789813Z",
            "yes_price": 1,
            "no_price": 99,
            "taker_side": "yes"
        },
        {
            "trade_id": "7b3e3716-f901-465e-b0c7-ea37e1978855",
            "ticker": "KXHIGHMIA-25FEB17-B79.5",
            "count": 17,
            "created_time": "2025-02-17T18:05:46.861377Z",
            "yes_price": 1,
            "no_price": 99,
            "taker_side": "yes"
        },
        {
            "trade_id": "62d35376-537b-4c17-b978-3eac974521ca",
            "ticker": "KXHIGHMIA-25FEB17-B79.5",
            "count": 935,
            "created_time": "2025-02-17T18:03:07.07102Z",
            "yes_price": 1,
            "no_price": 99,
            "taker_side": "yes"
        },
        {
            "trade_id": "3414bf85-2dd4-4bdb-87f8-3fff4e2d05b5",
            "ticker": "KXHIGHMIA-25FEB17-B79.5",
            "count": 21,
            "created_time": "2025-02-17T18:00:41.780119Z",
            "yes_price": 1,
            "no_price": 99,
            "taker_side": "yes"
        },
        {
            "trade_id": "ff2cb0c9-6560-4f99-88d7-6a02676fd623",
            "ticker": "KXHIGHMIA-25FEB17-B79.5",
            "count": 63,
            "created_time": "2025-02-17T17:58:42.01002Z",
            "yes_price": 1,
            "no_price": 99,
            "taker_side": "yes"
        },
        {
            "trade_id": "e3def8bb-a644-4074-9bb1-2803d80cb89f",
            "ticker": "KXHIGHMIA-25FEB17-B79.5",
            "count": 77,
            "created_time": "2025-02-17T17:56:10.557329Z",
            "yes_price": 1,
            "no_price": 99,
            "taker_side": "yes"
        },
        {
            "trade_id": "b15c7ca2-cbb1-4df1-8230-a418d263f5f6",
            "ticker": "KXHIGHMIA-25FEB17-B79.5",
            "count": 30,
            "created_time": "2025-02-17T17:55:52.729835Z",
            "yes_price": 1,
            "no_price": 99,
            "taker_side": "yes"
        },
        {
            "trade_id": "e912812b-7ba8-4dbf-acef-4fb01399aa30",
            "ticker": "KXHIGHMIA-25FEB17-B79.5",
            "count": 9,
            "created_time": "2025-02-17T17:55:51.719851Z",
            "yes_price": 1,
            "no_price": 99,
            "taker_side": "yes"
        },
        {
            "trade_id": "ff5eeafc-c79e-4095-8ba0-a93a54d518da",
            "ticker": "KXHIGHMIA-25FEB17-B79.5",
            "count": 200,
            "created_time": "2025-02-17T17:55:26.578312Z",
            "yes_price": 13,
            "no_price": 87,
            "taker_side": "no"
        },
        {
            "trade_id": "f7687c0b-4b55-406a-9723-e553fff10347",
            "ticker": "KXHIGHMIA-25FEB17-B79.5",
            "count": 200,
            "created_time": "2025-02-17T17:55:26.578312Z",
            "yes_price": 1,
            "no_price": 99,
            "taker_side": "no"
        },
        {
            "trade_id": "f70390b4-fd47-42d7-92fb-fd430fdda2b8",
            "ticker": "KXHIGHMIA-25FEB17-B79.5",
            "count": 12,
            "created_time": "2025-02-17T17:55:26.578312Z",
            "yes_price": 12,
            "no_price": 88,
            "taker_side": "no"
        },
        {
            "trade_id": "efd9f92b-6fc7-4c86-8753-82486c0adcd7",
            "ticker": "KXHIGHMIA-25FEB17-B79.5",
            "count": 2,
            "created_time": "2025-02-17T17:55:26.578312Z",
            "yes_price": 16,
            "no_price": 84,
            "taker_side": "no"
        },
        {
            "trade_id": "ef52ccf9-d0b4-488f-a8f4-18c15f5f7a60",
            "ticker": "KXHIGHMIA-25FEB17-B79.5",
            "count": 24,
            "created_time": "2025-02-17T17:55:26.578312Z",
            "yes_price": 2,
            "no_price": 98,
            "taker_side": "no"
        },
        {
            "trade_id": "e71bcc60-9245-42ff-8340-6dc067c3dafd",
            "ticker": "KXHIGHMIA-25FEB17-B79.5",
            "count": 10,
            "created_time": "2025-02-17T17:55:26.578312Z",
            "yes_price": 16,
            "no_price": 84,
            "taker_side": "no"
        },
        {
            "trade_id": "a9e7b90b-8530-4365-996f-dd343adc2a9a",
            "ticker": "KXHIGHMIA-25FEB17-B79.5",
            "count": 56,
            "created_time": "2025-02-17T17:55:26.578312Z",
            "yes_price": 6,
            "no_price": 94,
            "taker_side": "no"
        },
        {
            "trade_id": "a5a3e80c-4bf0-441f-97f0-e6374392e0c0",
            "ticker": "KXHIGHMIA-25FEB17-B79.5",
            "count": 51,
            "created_time": "2025-02-17T17:55:26.578312Z",
            "yes_price": 15,
            "no_price": 85,
            "taker_side": "no"
        },
        {
            "trade_id": "9991abf2-26f5-4892-8bb4-c886d8abe5d8",
            "ticker": "KXHIGHMIA-25FEB17-B79.5",
            "count": 20,
            "created_time": "2025-02-17T17:55:26.578312Z",
            "yes_price": 16,
            "no_price": 84,
            "taker_side": "no"
        },
        {
            "trade_id": "9029ebca-6cab-40d8-965f-8ad5185775ae",
            "ticker": "KXHIGHMIA-25FEB17-B79.5",
            "count": 50,
            "created_time": "2025-02-17T17:55:26.578312Z",
            "yes_price": 5,
            "no_price": 95,
            "taker_side": "no"
        },
        {
            "trade_id": "6aae9da1-7b25-4744-b2ac-42d16ae6220b",
            "ticker": "KXHIGHMIA-25FEB17-B79.5",
            "count": 108,
            "created_time": "2025-02-17T17:55:26.578312Z",
            "yes_price": 1,
            "no_price": 99,
            "taker_side": "no"
        },
        {
            "trade_id": "68582c83-f422-4207-8c61-fe20067dbd66",
            "ticker": "KXHIGHMIA-25FEB17-B79.5",
            "count": 200,
            "created_time": "2025-02-17T17:55:26.578312Z",
            "yes_price": 2,
            "no_price": 98,
            "taker_side": "no"
        },
        {
            "trade_id": "669deb14-13fb-43e3-ba5b-fe4f521bed17",
            "ticker": "KXHIGHMIA-25FEB17-B79.5",
            "count": 1,
            "created_time": "2025-02-17T17:55:26.578312Z",
            "yes_price": 16,
            "no_price": 84,
            "taker_side": "no"
        },
        {
            "trade_id": "666861bc-a119-48a2-b34e-78f7c34c0845",
            "ticker": "KXHIGHMIA-25FEB17-B79.5",
            "count": 8,
            "created_time": "2025-02-17T17:55:26.578312Z",
            "yes_price": 16,
            "no_price": 84,
            "taker_side": "no"
        },
        {
            "trade_id": "5e077e32-ebad-4272-92d9-7ab5975cabb1",
            "ticker": "KXHIGHMIA-25FEB17-B79.5",
            "count": 40,
            "created_time": "2025-02-17T17:55:26.578312Z",
            "yes_price": 16,
            "no_price": 84,
            "taker_side": "no"
        },
        {
            "trade_id": "4d5f6bc3-393a-43ea-9b1d-2b7679b514a9",
