{
    "KXHIGHMIA-25FEB12-T78": [
        {
            "trade_id": "b60d7ab9-c130-4e03-8f3d-2a823ecbe799",
            "ticker": "KXHIGHMIA-25FEB12-T78",
            "count": 43,
            "created_time": "2025-02-12T03:34:18.578009Z",
            "yes_price": 1,
            "no_price": 99,
            "taker_side": "no"
        },
        {
            "trade_id": "b900d0da-7c39-4fd7-b2c0-546e4697dae3",
            "ticker": "KXHIGHMIA-25FEB12-T78",
            "count": 43,
            "created_time": "2025-02-12T03:30:57.00517Z",
            "yes_price": 2,
            "no_price": 98,
            "taker_side": "no"
        },
        {
            "trade_id": "ff1cfb6b-be84-4378-83dc-037e6902c025",
            "ticker": "KXHIGHMIA-25FEB12-T78",
            "count": 47,
            "created_time": "2025-02-12T01:54:39.451712Z",
            "yes_price": 2,
            "no_price": 98,
            "taker_side": "no"
        },
        {
            "trade_id": "5aa5bada-8161-4b4c-b05a-587164b3fad0",
            "ticker": "KXHIGHMIA-25FEB12-T78",
            "count": 55,
            "created_time": "2025-02-12T01:52:58.73561Z",
            "yes_price": 2,
            "no_price": 98,
            "taker_side": "no"
        },
        {
            "trade_id": "588eb604-fd1f-4c09-b3a9-8d2591389aa1",
            "ticker": "KXHIGHMIA-25FEB12-T78",
            "count": 55,
            "created_time": "2025-02-12T01:52:38.654049Z",
            "yes_price": 2,
            "no_price": 98,
            "taker_side": "no"
        },
        {
            "trade_id": "35c7ce93-324c-46c8-8ebc-f2a1e5b35ae3",
            "ticker": "KXHIGHMIA-25FEB12-T78",
            "count": 50,
            "created_time": "2025-02-12T01:52:03.104601Z",
            "yes_price": 2,
            "no_price": 98,
            "taker_side": "no"
        },
        {
            "trade_id": "b21d7481-041d-4ca5-bf27-8b96dc30f8b3",
            "ticker": "KXHIGHMIA-25FEB12-T78",
            "count": 50,
            "created_time": "2025-02-12T01:51:11.519321Z",
            "yes_price": 2,
            "no_price": 98,
            "taker_side": "no"
        },
        {
            "trade_id": "12284723-e44d-406e-87a9-a337afbb5646",
            "ticker": "KXHIGHMIA-25FEB12-T78",
            "count": 57,
            "created_time": "2025-02-12T01:05:41.974924Z",
            "yes_price": 1,
            "no_price": 99,
            "taker_side": "no"
        },
        {
            "trade_id": "47fed153-0b83-4b18-8316-780925a6ea72",
            "ticker": "KXHIGHMIA-25FEB12-T78",
            "count": 18,
            "created_time": "2025-02-11T16:44:10.272609Z",
            "yes_price": 5,
            "no_price": 95,
            "taker_side": "yes"
        },
        {
            "trade_id": "d8ec31aa-4416-4ddd-be58-390745969dd2",
            "ticker": "KXHIGHMIA-25FEB12-T78",
            "count": 18,
            "created_time": "2025-02-11T16:43:52.609357Z",
            "yes_price": 5,
            "no_price": 95,
            "taker_side": "yes"
        },
        {
            "trade_id": "a1798c2e-2443-43e5-b5cf-26e3684c24d6",
            "ticker": "KXHIGHMIA-25FEB12-T78",
            "count": 18,
            "created_time": "2025-02-11T16:40:36.009704Z",
            "yes_price": 5,
            "no_price": 95,
            "taker_side": "yes"
        },
        {
            "trade_id": "5d0fc1bb-10fc-4c0b-9ab4-90d7efcad6c8",
            "ticker": "KXHIGHMIA-25FEB12-T78",
            "count": 37,
            "created_time": "2025-02-11T16:38:27.515857Z",
            "yes_price": 5,
            "no_price": 95,
            "taker_side": "yes"
        },
        {
            "trade_id": "8d1a265a-544c-4269-a063-0ac21b07738b",
            "ticker": "KXHIGHMIA-25FEB12-T78",
            "count": 9,
            "created_time": "2025-02-11T15:05:36.778834Z",
            "yes_price": 10,
            "no_price": 90,
            "taker_side": "yes"
        }
    ],
    "KXHIGHMIA-25FEB12-B78.5": [
        {
            "trade_id": "edbf67c0-93fc-4c0c-b2e3-91e205de4df2",
            "ticker": "KXHIGHMIA-25FEB12-B78.5",
            "count": 4583,
            "created_time": "2025-02-12T23:09:29.4599Z",
            "yes_price": 1,
            "no_price": 99,
            "taker_side": "yes"
        },
        {
            "trade_id": "2cdf46a0-fd23-4f31-864b-1392f40646da",
            "ticker": "KXHIGHMIA-25FEB12-B78.5",
            "count": 151,
            "created_time": "2025-02-12T21:36:33.473008Z",
            "yes_price": 1,
            "no_price": 99,
            "taker_side": "yes"
        },
        {
            "trade_id": "c6deaca0-a62a-41b0-b43d-98488c74bd65",
            "ticker": "KXHIGHMIA-25FEB12-B78.5",
            "count": 467,
            "created_time": "2025-02-12T20:11:41.651099Z",
            "yes_price": 1,
            "no_price": 99,
            "taker_side": "yes"
        },
        {
            "trade_id": "787a0a32-7db6-4cc4-a0ee-9b0890eff547",
            "ticker": "KXHIGHMIA-25FEB12-B78.5",
            "count": 93,
            "created_time": "2025-02-12T17:19:52.766283Z",
            "yes_price": 1,
            "no_price": 99,
            "taker_side": "yes"
        },
        {
            "trade_id": "815eb41f-72de-4f62-a0ac-a8403826f144",
            "ticker": "KXHIGHMIA-25FEB12-B78.5",
            "count": 467,
            "created_time": "2025-02-12T16:05:49.745553Z",
            "yes_price": 1,
            "no_price": 99,
            "taker_side": "yes"
        },
        {
            "trade_id": "63a67c29-25e8-481c-b844-c5e0ae2da04d",
            "ticker": "KXHIGHMIA-25FEB12-B78.5",
            "count": 95,
            "created_time": "2025-02-12T15:41:43.142272Z",
            "yes_price": 1,
            "no_price": 99,
            "taker_side": "yes"
        },
        {
            "trade_id": "df43d68c-705a-4596-8e35-fbb5b88794e7",
            "ticker": "KXHIGHMIA-25FEB12-B78.5",
            "count": 9,
            "created_time": "2025-02-12T15:40:04.430976Z",
            "yes_price": 1,
            "no_price": 99,
            "taker_side": "yes"
        },
        {
            "trade_id": "7867e64e-9712-434f-a381-76b1c9caa878",
            "ticker": "KXHIGHMIA-25FEB12-B78.5",
            "count": 349,
            "created_time": "2025-02-12T15:32:08.201393Z",
            "yes_price": 1,
            "no_price": 99,
            "taker_side": "no"
        },
        {
            "trade_id": "33349f7e-f982-4a6e-8c76-19539ad7d4c0",
            "ticker": "KXHIGHMIA-25FEB12-B78.5",
            "count": 11,
            "created_time": "2025-02-12T14:40:15.382506Z",
            "yes_price": 2,
            "no_price": 98,
            "taker_side": "no"
        },
        {
            "trade_id": "8cb1cd52-0f1a-4b10-b254-e14b73747b49",
            "ticker": "KXHIGHMIA-25FEB12-B78.5",
            "count": 2,
            "created_time": "2025-02-12T14:32:27.094474Z",
            "yes_price": 6,
            "no_price": 94,
            "taker_side": "yes"
        },
        {
            "trade_id": "e16feb4a-7aab-4112-8d0e-01a6e254d419",
            "ticker": "KXHIGHMIA-25FEB12-B78.5",
            "count": 4,
            "created_time": "2025-02-12T13:47:26.727179Z",
            "yes_price": 6,
            "no_price": 94,
            "taker_side": "no"
        },
        {
            "trade_id": "b64a3bd2-db3c-4a9f-9fe9-d75628111e4c",
            "ticker": "KXHIGHMIA-25FEB12-B78.5",
            "count": 2,
            "created_time": "2025-02-12T13:46:48.968053Z",
            "yes_price": 6,
            "no_price": 94,
            "taker_side": "no"
        },
        {
            "trade_id": "6726a2bd-89a1-4bba-813c-ad4e2db767ae",
            "ticker": "KXHIGHMIA-25FEB12-B78.5",
            "count": 4,
            "created_time": "2025-02-12T13:44:31.8211Z",
            "yes_price": 6,
            "no_price": 94,
            "taker_side": "yes"
        },
        {
            "trade_id": "70f9ff42-6153-4643-8b79-b075ebbf5a92",
            "ticker": "KXHIGHMIA-25FEB12-B78.5",
            "count": 151,
            "created_time": "2025-02-12T13:02:38.357639Z",
            "yes_price": 1,
            "no_price": 99,
            "taker_side": "no"
        },
        {
            "trade_id": "42d9e676-e78f-41e1-848a-fd90ab9c8fcd",
            "ticker": "KXHIGHMIA-25FEB12-B78.5",
            "count": 1,
            "created_time": "2025-02-12T13:00:03.720522Z",
            "yes_price": 2,
            "no_price": 98,
            "taker_side": "no"
        },
        {
            "trade_id": "e5efab42-ed08-4863-83fd-d4092b5c6235",
            "ticker": "KXHIGHMIA-25FEB12-B78.5",
            "count": 50,
            "created_time": "2025-02-12T07:32:03.052625Z",
            "yes_price": 5,
            "no_price": 95,
            "taker_side": "yes"
        },
        {
            "trade_id": "cdc6ed86-6db3-4ab4-b9d8-4f02af2aff6d",
            "ticker": "KXHIGHMIA-25FEB12-B78.5",
            "count": 37,
            "created_time": "2025-02-12T07:32:03.052625Z",
            "yes_price": 5,
            "no_price": 95,
            "taker_side": "yes"
        },
        {
            "trade_id": "93de1d73-e90e-45f9-af9f-8aba3191439f",
            "ticker": "KXHIGHMIA-25FEB12-B78.5",
            "count": 50,
            "created_time": "2025-02-12T07:32:03.052625Z",
            "yes_price": 4,
            "no_price": 96,
            "taker_side": "yes"
        },
        {
            "trade_id": "7503e4f7-d9cf-46ba-9b28-a37b24cf870f",
            "ticker": "KXHIGHMIA-25FEB12-B78.5",
            "count": 41,
            "created_time": "2025-02-12T07:32:03.052625Z",
            "yes_price": 7,
            "no_price": 93,
            "taker_side": "yes"
        },
        {
            "trade_id": "5e84b035-5818-485f-a449-b07ec35d2631",
            "ticker": "KXHIGHMIA-25FEB12-B78.5",
            "count": 71,
            "created_time": "2025-02-12T07:32:03.052625Z",
            "yes_price": 5,
            "no_price": 95,
            "taker_side": "yes"
        },
        {
            "trade_id": "33bdc049-571f-4c1a-bf2a-5473fef99a3f",
            "ticker": "KXHIGHMIA-25FEB12-B78.5",
            "count": 80,
            "created_time": "2025-02-12T07:32:03.052625Z",
            "yes_price": 7,
            "no_price": 93,
            "taker_side": "yes"
        },
        {
            "trade_id": "197d8b8e-98c6-4250-9b70-5365bc228e7d",
            "ticker": "KXHIGHMIA-25FEB12-B78.5",
            "count": 6,
            "created_time": "2025-02-12T07:32:03.052625Z",
            "yes_price": 5,
            "no_price": 95,
            "taker_side": "yes"
        },
        {
            "trade_id": "ddca9474-1788-461f-a21e-508a49245a01",
            "ticker": "KXHIGHMIA-25FEB12-B78.5",
            "count": 305,
            "created_time": "2025-02-12T04:52:01.288667Z",
            "yes_price": 5,
            "no_price": 95,
            "taker_side": "yes"
        },
        {
            "trade_id": "ceae80bd-3f4c-4459-bf5b-c830e5a2ae87",
            "ticker": "KXHIGHMIA-25FEB12-B78.5",
            "count": 4,
            "created_time": "2025-02-12T04:52:01.288667Z",
            "yes_price": 5,
            "no_price": 95,
            "taker_side": "yes"
        },
        {
            "trade_id": "95281e8b-7b6d-4c09-b0f7-f8c3bedcd59d",
            "ticker": "KXHIGHMIA-25FEB12-B78.5",
            "count": 110,
            "created_time": "2025-02-12T04:52:01.288667Z",
            "yes_price": 5,
            "no_price": 95,
            "taker_side": "yes"
        },
        {
            "trade_id": "19ab563c-d07a-433a-9e7d-f25defac772e",
            "ticker": "KXHIGHMIA-25FEB12-B78.5",
            "count": 3,
            "created_time": "2025-02-12T04:52:01.288667Z",
            "yes_price": 5,
            "no_price": 95,
            "taker_side": "yes"
        },
        {
            "trade_id": "949f7ba5-8c9d-4459-b9e5-3cc11868e6b6",
            "ticker": "KXHIGHMIA-25FEB12-B78.5",
            "count": 93,
            "created_time": "2025-02-12T00:22:40.410126Z",
            "yes_price": 5,
            "no_price": 95,
            "taker_side": "yes"
        },
        {
            "trade_id": "ceedfbc0-6721-4930-a6ba-610ae5a74bd5",
            "ticker": "KXHIGHMIA-25FEB12-B78.5",
            "count": 59,
            "created_time": "2025-02-12T00:19:35.79775Z",
            "yes_price": 3,
            "no_price": 97,
            "taker_side": "yes"
        },
        {
            "trade_id": "cc5bcd8a-abf3-4b91-bf69-5f889d0f69a4",
            "ticker": "KXHIGHMIA-25FEB12-B78.5",
            "count": 1,
            "created_time": "2025-02-12T00:19:35.79775Z",
            "yes_price": 5,
            "no_price": 95,
            "taker_side": "yes"
        },
        {
            "trade_id": "b59d5ff8-711e-448e-915d-cf4f5573d4ab",
            "ticker": "KXHIGHMIA-25FEB12-B78.5",
            "count": 1,
            "created_time": "2025-02-11T22:37:48.293342Z",
            "yes_price": 3,
            "no_price": 97,
            "taker_side": "yes"
        },
        {
            "trade_id": "f97cbc70-f0ac-43b3-93cb-4437c3af9110",
            "ticker": "KXHIGHMIA-25FEB12-B78.5",
            "count": 75,
            "created_time": "2025-02-11T21:16:49.028321Z",
            "yes_price": 5,
            "no_price": 95,
            "taker_side": "yes"
        },
        {
            "trade_id": "717b5f5a-d046-4217-bd7a-ec2e55ae39ab",
            "ticker": "KXHIGHMIA-25FEB12-B78.5",
            "count": 18,
            "created_time": "2025-02-11T21:14:19.011739Z",
            "yes_price": 5,
            "no_price": 95,
            "taker_side": "yes"
        },
        {
            "trade_id": "c5322f8f-c4c9-40c6-bbfe-94bbbfea1bcc",
            "ticker": "KXHIGHMIA-25FEB12-B78.5",
            "count": 3,
            "created_time": "2025-02-11T16:44:18.967353Z",
            "yes_price": 5,
            "no_price": 95,
            "taker_side": "yes"
        },
        {
            "trade_id": "bd649a97-590f-4b09-8d7f-29cca09c6947",
            "ticker": "KXHIGHMIA-25FEB12-B78.5",
            "count": 15,
            "created_time": "2025-02-11T16:44:18.967353Z",
            "yes_price": 5,
            "no_price": 95,
            "taker_side": "yes"
        },
        {
            "trade_id": "fa955a2f-d241-44cc-b7b8-4c3fe148cbe2",
            "ticker": "KXHIGHMIA-25FEB12-B78.5",
            "count": 18,
            "created_time": "2025-02-11T16:43:59.337212Z",
            "yes_price": 5,
            "no_price": 95,
            "taker_side": "yes"
        },
        {
            "trade_id": "4efee638-4de8-4020-bc4a-735b70b92d2b",
            "ticker": "KXHIGHMIA-25FEB12-B78.5",
            "count": 18,
            "created_time": "2025-02-11T16:40:43.443583Z",
            "yes_price": 5,
            "no_price": 95,
            "taker_side": "yes"
        },
        {
            "trade_id": "1a0cae07-21c8-4829-a0a0-62499973be26",
            "ticker": "KXHIGHMIA-25FEB12-B78.5",
            "count": 37,
            "created_time": "2025-02-11T16:38:13.810761Z",
            "yes_price": 5,
            "no_price": 95,
            "taker_side": "yes"
        },
        {
            "trade_id": "cffe3c04-0977-41ac-b3d5-21d7713b66c0",
            "ticker": "KXHIGHMIA-25FEB12-B78.5",
            "count": 8,
            "created_time": "2025-02-11T15:04:58.042593Z",
            "yes_price": 11,
            "no_price": 89,
            "taker_side": "yes"
        }
    ],
    "KXHIGHMIA-25FEB12-B80.5": [
        {
            "trade_id": "8a052946-3d78-4d03-9f74-c6aff13f4da1",
            "ticker": "KXHIGHMIA-25FEB12-B80.5",
            "count": 93,
            "created_time": "2025-02-13T03:12:57.494683Z",
            "yes_price": 1,
            "no_price": 99,
            "taker_side": "yes"
        },
        {
            "trade_id": "41282495-b354-4634-936f-55be91d8f5b7",
            "ticker": "KXHIGHMIA-25FEB12-B80.5",
            "count": 93,
            "created_time": "2025-02-13T01:51:29.660192Z",
            "yes_price": 1,
            "no_price": 99,
            "taker_side": "yes"
        },
        {
            "trade_id": "b1c7cc30-6719-4737-a4f8-f1621e240e5c",
            "ticker": "KXHIGHMIA-25FEB12-B80.5",
            "count": 3529,
            "created_time": "2025-02-12T23:08:30.378147Z",
            "yes_price": 1,
            "no_price": 99,
            "taker_side": "yes"
        },
        {
            "trade_id": "94a6ec03-fed3-4ad8-b5f9-5d35cdc5163b",
            "ticker": "KXHIGHMIA-25FEB12-B80.5",
            "count": 1053,
            "created_time": "2025-02-12T23:08:30.378147Z",
            "yes_price": 1,
            "no_price": 99,
            "taker_side": "yes"
        },
        {
            "trade_id": "d79eeecd-b28e-4ea8-8a4c-12a9a5cf08e4",
            "ticker": "KXHIGHMIA-25FEB12-B80.5",
            "count": 93,
            "created_time": "2025-02-12T22:03:40.630361Z",
            "yes_price": 1,
            "no_price": 99,
            "taker_side": "yes"
        },
        {
            "trade_id": "ea17197c-f3fa-430e-a91c-b8891b2beca4",
            "ticker": "KXHIGHMIA-25FEB12-B80.5",
            "count": 427,
            "created_time": "2025-02-12T21:55:57.465579Z",
            "yes_price": 1,
            "no_price": 99,
            "taker_side": "yes"
        },
        {
            "trade_id": "2fc4723e-e972-4f40-a8fe-361a414a73a5",
            "ticker": "KXHIGHMIA-25FEB12-B80.5",
            "count": 748,
            "created_time": "2025-02-12T21:38:41.106429Z",
            "yes_price": 1,
            "no_price": 99,
            "taker_side": "yes"
        },
        {
            "trade_id": "5b03932e-5b1f-4d94-a0a1-805716c8931e",
            "ticker": "KXHIGHMIA-25FEB12-B80.5",
            "count": 212,
            "created_time": "2025-02-12T21:15:57.80476Z",
            "yes_price": 1,
            "no_price": 99,
            "taker_side": "yes"
        },
        {
            "trade_id": "87392c1b-2315-462c-abe2-de6d2ea45645",
            "ticker": "KXHIGHMIA-25FEB12-B80.5",
            "count": 93,
            "created_time": "2025-02-12T20:21:00.77525Z",
            "yes_price": 1,
            "no_price": 99,
            "taker_side": "yes"
        },
        {
            "trade_id": "ba4a9a0b-9a31-4d61-af3b-3a6a1d24b849",
            "ticker": "KXHIGHMIA-25FEB12-B80.5",
            "count": 935,
            "created_time": "2025-02-12T20:08:29.207649Z",
            "yes_price": 1,
            "no_price": 99,
            "taker_side": "yes"
        },
        {
            "trade_id": "bcbfc4fa-176a-4412-bd0a-f1d5eab10eb0",
            "ticker": "KXHIGHMIA-25FEB12-B80.5",
            "count": 80,
            "created_time": "2025-02-12T19:57:42.834359Z",
            "yes_price": 1,
            "no_price": 99,
            "taker_side": "yes"
        },
        {
            "trade_id": "74c0e83c-abcc-4cfe-8dd5-5cd326c276d1",
            "ticker": "KXHIGHMIA-25FEB12-B80.5",
            "count": 187,
            "created_time": "2025-02-12T19:25:39.443238Z",
            "yes_price": 1,
            "no_price": 99,
            "taker_side": "yes"
        },
        {
            "trade_id": "078992f9-605d-45a5-bdaa-530d47adcb53",
            "ticker": "KXHIGHMIA-25FEB12-B80.5",
            "count": 81,
            "created_time": "2025-02-12T19:18:19.150845Z",
            "yes_price": 1,
            "no_price": 99,
            "taker_side": "yes"
        },
        {
            "trade_id": "c43fd3fe-21a4-497b-be07-86de8735e6a7",
            "ticker": "KXHIGHMIA-25FEB12-B80.5",
            "count": 79,
            "created_time": "2025-02-12T19:16:01.155918Z",
            "yes_price": 1,
            "no_price": 99,
            "taker_side": "yes"
        },
        {
            "trade_id": "cbc1c1e0-ed10-4e4d-9d31-8d514494b5c2",
            "ticker": "KXHIGHMIA-25FEB12-B80.5",
            "count": 14,
            "created_time": "2025-02-12T19:06:19.610609Z",
            "yes_price": 1,
            "no_price": 99,
            "taker_side": "yes"
        },
        {
            "trade_id": "8dc9d503-2f20-4149-b85f-2c054dc0c0ff",
            "ticker": "KXHIGHMIA-25FEB12-B80.5",
            "count": 15,
            "created_time": "2025-02-12T19:05:47.623105Z",
            "yes_price": 1,
            "no_price": 99,
            "taker_side": "yes"
        },
        {
            "trade_id": "0de940bc-8d15-44dc-85d6-828d97ce7333",
            "ticker": "KXHIGHMIA-25FEB12-B80.5",
            "count": 93,
            "created_time": "2025-02-12T19:01:49.987696Z",
            "yes_price": 1,
            "no_price": 99,
            "taker_side": "yes"
        },
        {
            "trade_id": "ca219329-bc57-46f7-afa4-0bdeffbfe9a7",
            "ticker": "KXHIGHMIA-25FEB12-B80.5",
            "count": 467,
            "created_time": "2025-02-12T18:10:15.058781Z",
            "yes_price": 1,
            "no_price": 99,
            "taker_side": "yes"
        },
        {
            "trade_id": "2c8ed036-ef61-4cf3-8c46-baaf48b5ee18",
            "ticker": "KXHIGHMIA-25FEB12-B80.5",
            "count": 918,
            "created_time": "2025-02-12T18:07:03.647026Z",
            "yes_price": 1,
            "no_price": 99,
            "taker_side": "yes"
        },
        {
            "trade_id": "9a4452a7-8b44-40f5-84fa-688373d09c14",
            "ticker": "KXHIGHMIA-25FEB12-B80.5",
            "count": 72,
            "created_time": "2025-02-12T18:05:09.741581Z",
            "yes_price": 1,
            "no_price": 99,
            "taker_side": "yes"
        },
        {
            "trade_id": "8b297f4d-7872-43ec-832d-d565c85edff5",
            "ticker": "KXHIGHMIA-25FEB12-B80.5",
            "count": 707,
            "created_time": "2025-02-12T17:50:01.422187Z",
            "yes_price": 1,
            "no_price": 99,
            "taker_side": "yes"
        },
        {
            "trade_id": "59244a63-280a-4f40-8e53-c48afd05f572",
            "ticker": "KXHIGHMIA-25FEB12-B80.5",
            "count": 41,
            "created_time": "2025-02-12T17:50:01.422187Z",
            "yes_price": 1,
            "no_price": 99,
            "taker_side": "yes"
        },
        {
            "trade_id": "365f7b9a-a383-4961-901c-13a94e68ae48",
            "ticker": "KXHIGHMIA-25FEB12-B80.5",
            "count": 93,
            "created_time": "2025-02-12T17:49:07.325056Z",
            "yes_price": 1,
            "no_price": 99,
            "taker_side": "yes"
        },
        {
            "trade_id": "4b4cdd29-4c88-4dda-8536-e0f0b460f559",
            "ticker": "KXHIGHMIA-25FEB12-B80.5",
            "count": 935,
            "created_time": "2025-02-12T17:36:25.119001Z",
            "yes_price": 1,
            "no_price": 99,
            "taker_side": "yes"
        },
        {
            "trade_id": "622279a9-f480-46ed-a0d8-b5d8d1dcc80c",
            "ticker": "KXHIGHMIA-25FEB12-B80.5",
            "count": 374,
            "created_time": "2025-02-12T17:30:26.961084Z",
            "yes_price": 1,
            "no_price": 99,
            "taker_side": "yes"
        },
        {
            "trade_id": "d8ca57bb-9f2b-45b7-87af-65d3a5088823",
            "ticker": "KXHIGHMIA-25FEB12-B80.5",
            "count": 93,
            "created_time": "2025-02-12T17:26:01.556074Z",
            "yes_price": 1,
            "no_price": 99,
            "taker_side": "yes"
        },
        {
            "trade_id": "96c719ab-9142-49bb-a838-43818a32c42f",
            "ticker": "KXHIGHMIA-25FEB12-B80.5",
            "count": 93,
            "created_time": "2025-02-12T17:25:39.943648Z",
            "yes_price": 1,
            "no_price": 99,
            "taker_side": "yes"
        },
        {
            "trade_id": "3b8c4178-b1b7-41df-9a9e-5f0ad2e5a87b",
            "ticker": "KXHIGHMIA-25FEB12-B80.5",
            "count": 93,
            "created_time": "2025-02-12T17:23:58.599334Z",
            "yes_price": 1,
            "no_price": 99,
            "taker_side": "yes"
        },
        {
            "trade_id": "4b3ed5f2-27a8-4edf-b4b3-aea302aaf8fb",
            "ticker": "KXHIGHMIA-25FEB12-B80.5",
            "count": 935,
            "created_time": "2025-02-12T17:18:05.584746Z",
            "yes_price": 1,
            "no_price": 99,
            "taker_side": "yes"
        },
        {
            "trade_id": "1b70e3ad-ca74-4e40-9b3d-eba8e33d60e9",
            "ticker": "KXHIGHMIA-25FEB12-B80.5",
            "count": 280,
            "created_time": "2025-02-12T17:18:05.174203Z",
            "yes_price": 1,
            "no_price": 99,
            "taker_side": "yes"
        },
        {
            "trade_id": "f5060040-8a01-480d-92dd-d4e176bf4d4f",
            "ticker": "KXHIGHMIA-25FEB12-B80.5",
            "count": 953,
            "created_time": "2025-02-12T17:12:01.586048Z",
            "yes_price": 1,
            "no_price": 99,
            "taker_side": "yes"
        },
        {
            "trade_id": "fc3f1f1b-5329-4903-a56c-6755f84ea529",
            "ticker": "KXHIGHMIA-25FEB12-B80.5",
            "count": 60,
            "created_time": "2025-02-12T17:11:51.07979Z",
            "yes_price": 1,
            "no_price": 99,
            "taker_side": "yes"
        },
        {
            "trade_id": "d868db9f-8e1d-44e8-a5c0-a198671cbd11",
            "ticker": "KXHIGHMIA-25FEB12-B80.5",
            "count": 1000,
            "created_time": "2025-02-12T17:11:49.69321Z",
            "yes_price": 1,
            "no_price": 99,
            "taker_side": "yes"
        },
        {
            "trade_id": "b24049bd-df29-45fb-ae06-08fe1a8e0813",
            "ticker": "KXHIGHMIA-25FEB12-B80.5",
            "count": 50,
            "created_time": "2025-02-12T17:10:58.688881Z",
            "yes_price": 1,
            "no_price": 99,
            "taker_side": "yes"
        },
        {
            "trade_id": "b862b53b-ed30-4ef4-aa04-e97411412156",
            "ticker": "KXHIGHMIA-25FEB12-B80.5",
            "count": 1,
            "created_time": "2025-02-12T17:09:25.541532Z",
            "yes_price": 1,
            "no_price": 99,
            "taker_side": "yes"
        },
        {
            "trade_id": "07c5967f-20df-4433-965a-02a4288e863a",
            "ticker": "KXHIGHMIA-25FEB12-B80.5",
            "count": 93,
            "created_time": "2025-02-12T17:09:16.848582Z",
            "yes_price": 1,
            "no_price": 99,
            "taker_side": "yes"
        },
        {
            "trade_id": "7d9464cf-d2d8-4e33-a54c-8fee2e13a636",
            "ticker": "KXHIGHMIA-25FEB12-B80.5",
            "count": 935,
            "created_time": "2025-02-12T17:09:15.393326Z",
            "yes_price": 1,
            "no_price": 99,
            "taker_side": "yes"
        },
        {
            "trade_id": "3fba25e4-4c66-4f49-a26e-336cacf0ba9f",
            "ticker": "KXHIGHMIA-25FEB12-B80.5",
            "count": 93,
            "created_time": "2025-02-12T17:09:00.053378Z",
            "yes_price": 1,
            "no_price": 99,
            "taker_side": "yes"
        },
        {
            "trade_id": "c641ef2d-a770-4043-bafc-128739174539",
            "ticker": "KXHIGHMIA-25FEB12-B80.5",
            "count": 62,
            "created_time": "2025-02-12T17:07:21.266992Z",
            "yes_price": 1,
            "no_price": 99,
            "taker_side": "yes"
        },
        {
            "trade_id": "ca7110c5-431f-4306-89f4-d1398617bc28",
            "ticker": "KXHIGHMIA-25FEB12-B80.5",
            "count": 100,
            "created_time": "2025-02-12T17:07:08.941669Z",
            "yes_price": 9,
            "no_price": 91,
            "taker_side": "no"
        },
        {
            "trade_id": "c18ff4bd-6fed-4ea8-b6f5-5f2be13549b6",
            "ticker": "KXHIGHMIA-25FEB12-B80.5",
            "count": 50,
            "created_time": "2025-02-12T17:07:08.941669Z",
            "yes_price": 1,
            "no_price": 99,
            "taker_side": "no"
        },
        {
            "trade_id": "989962e6-bf2d-4799-85e5-db02936c6c40",
            "ticker": "KXHIGHMIA-25FEB12-B80.5",
            "count": 100,
            "created_time": "2025-02-12T17:07:08.941669Z",
            "yes_price": 2,
            "no_price": 98,
            "taker_side": "no"
        },
        {
            "trade_id": "468a97f2-dc2d-424c-b393-d9583a0dd213",
            "ticker": "KXHIGHMIA-25FEB12-B80.5",
            "count": 1000,
            "created_time": "2025-02-12T17:07:08.941669Z",
            "yes_price": 2,
            "no_price": 98,
            "taker_side": "no"
        },
        {
            "trade_id": "38592738-6ddc-413d-955e-dd810478163a",
            "ticker": "KXHIGHMIA-25FEB12-B80.5",
            "count": 200,
            "created_time": "2025-02-12T17:07:08.941669Z",
            "yes_price": 5,
            "no_price": 95,
            "taker_side": "no"
        },
        {
            "trade_id": "2b3340a2-0944-4365-8147-c5a3354c3da3",
            "ticker": "KXHIGHMIA-25FEB12-B80.5",
            "count": 200,
            "created_time": "2025-02-12T17:07:08.941669Z",
            "yes_price": 2,
            "no_price": 98,
            "taker_side": "no"
        },
        {
            "trade_id": "6c361798-1dca-49b5-8edd-c994951bd7d8",
            "ticker": "KXHIGHMIA-25FEB12-B80.5",
            "count": 50,
            "created_time": "2025-02-12T17:05:17.525031Z",
            "yes_price": 14,
            "no_price": 86,
            "taker_side": "yes"
        },
        {
            "trade_id": "2b7e532e-b5ad-4e37-b58a-174f444208fb",
            "ticker": "KXHIGHMIA-25FEB12-B80.5",
            "count": 10,
            "created_time": "2025-02-12T17:04:20.886538Z",
            "yes_price": 14,
            "no_price": 86,
            "taker_side": "no"
        },
        {
            "trade_id": "3f49c1fc-8d3a-45aa-b939-04b0fcc9eb26",
            "ticker": "KXHIGHMIA-25FEB12-B80.5",
            "count": 50,
            "created_time": "2025-02-12T17:01:28.884019Z",
            "yes_price": 14,
            "no_price": 86,
            "taker_side": "yes"
        },
        {
            "trade_id": "f36bbf4c-0913-4e7f-a380-e95cbdf25f91",
            "ticker": "KXHIGHMIA-25FEB12-B80.5",
            "count": 58,
            "created_time": "2025-02-12T16:59:32.2448Z",
            "yes_price": 7,
            "no_price": 93,
            "taker_side": "no"
        },
        {
            "trade_id": "ff7372d5-4154-4d85-a548-29ae3a51ef03",
            "ticker": "KXHIGHMIA-25FEB12-B80.5",
            "count": 50,
            "created_time": "2025-02-12T16:59:12.794517Z",
            "yes_price": 8,
            "no_price": 92,
            "taker_side": "no"
        },
        {
            "trade_id": "4008929b-6ca5-454c-9ce1-451b99b9be44",
            "ticker": "KXHIGHMIA-25FEB12-B80.5",
            "count": 58,
            "created_time": "2025-02-12T16:59:12.794517Z",
            "yes_price": 8,
            "no_price": 92,
            "taker_side": "no"
        },
        {
            "trade_id": "4d59614a-8898-4cc6-857f-5539db79701a",
            "ticker": "KXHIGHMIA-25FEB12-B80.5",
            "count": 13,
            "created_time": "2025-02-12T16:58:47.027802Z",
            "yes_price": 14,
            "no_price": 86,
            "taker_side": "yes"
        },
        {
            "trade_id": "4380819e-a9ed-43d6-a2c7-f6c3b0793f0e",
            "ticker": "KXHIGHMIA-25FEB12-B80.5",
            "count": 36,
            "created_time": "2025-02-12T16:53:03.512713Z",
            "yes_price": 6,
            "no_price": 94,
            "taker_side": "no"
        },
        {
            "trade_id": "60104cbf-27ff-4377-ad71-8c3c887c7467",
            "ticker": "KXHIGHMIA-25FEB12-B80.5",
            "count": 31,
            "created_time": "2025-02-12T16:51:36.763351Z",
            "yes_price": 6,
            "no_price": 94,
            "taker_side": "no"
        },
        {
            "trade_id": "26b31fdc-4c49-4db4-bf8c-8142e6f660c5",
            "ticker": "KXHIGHMIA-25FEB12-B80.5",
            "count": 50,
            "created_time": "2025-02-12T16:51:36.763351Z",
            "yes_price": 6,
            "no_price": 94,
            "taker_side": "no"
        },
        {
            "trade_id": "75dbbf53-6c75-408c-b369-f66e9a787607",
            "ticker": "KXHIGHMIA-25FEB12-B80.5",
            "count": 50,
            "created_time": "2025-02-12T16:48:17.418902Z",
            "yes_price": 5,
            "no_price": 95,
            "taker_side": "no"
        },
        {
            "trade_id": "64a611fd-378f-4fb8-ab91-f236466edd62",
            "ticker": "KXHIGHMIA-25FEB12-B80.5",
            "count": 4,
            "created_time": "2025-02-12T16:48:17.418902Z",
            "yes_price": 3,
            "no_price": 97,
            "taker_side": "no"
        },
        {
            "trade_id": "13aa5fad-8bcf-4267-b73d-98e9dca6dda4",
            "ticker": "KXHIGHMIA-25FEB12-B80.5",
            "count": 50,
            "created_time": "2025-02-12T16:48:17.418902Z",
            "yes_price": 4,
            "no_price": 96,
            "taker_side": "no"
        },
        {
            "trade_id": "3caab748-c691-4dce-b96c-9934ab54c619",
            "ticker": "KXHIGHMIA-25FEB12-B80.5",
            "count": 10,
            "created_time": "2025-02-12T16:43:28.974885Z",
            "yes_price": 10,
            "no_price": 90,
            "taker_side": "no"
        },
        {
            "trade_id": "36e6a60b-b06b-4b80-b0f9-bfa9b7015d9e",
            "ticker": "KXHIGHMIA-25FEB12-B80.5",
            "count": 50,
            "created_time": "2025-02-12T16:43:28.974885Z",
            "yes_price": 11,
            "no_price": 89,
            "taker_side": "no"
        },
        {
            "trade_id": "bad4a91d-2d8d-4558-8e34-0e80ff1b5920",
            "ticker": "KXHIGHMIA-25FEB12-B80.5",
            "count": 39,
            "created_time": "2025-02-12T16:41:27.819668Z",
            "yes_price": 11,
            "no_price": 89,
            "taker_side": "no"
        },
        {
            "trade_id": "7afde220-2d5a-4614-a9cd-64b0cd45babf",
            "ticker": "KXHIGHMIA-25FEB12-B80.5",
            "count": 7,
            "created_time": "2025-02-12T16:36:35.363994Z",
            "yes_price": 11,
            "no_price": 89,
            "taker_side": "no"
        },
        {
            "trade_id": "c17e486e-8374-45eb-8686-5b7208d13ea2",
            "ticker": "KXHIGHMIA-25FEB12-B80.5",
            "count": 47,
            "created_time": "2025-02-12T16:23:17.754129Z",
            "yes_price": 11,
            "no_price": 89,
            "taker_side": "no"
        },
        {
            "trade_id": "40c0816b-4725-4b9a-ad86-98e7970bdba0",
            "ticker": "KXHIGHMIA-25FEB12-B80.5",
            "count": 200,
            "created_time": "2025-02-12T16:21:32.15923Z",
            "yes_price": 15,
            "no_price": 85,
            "taker_side": "yes"
        },
        {
            "trade_id": "6e7769fa-9dac-4473-9fbb-73a2ab5bf195",
            "ticker": "KXHIGHMIA-25FEB12-B80.5",
            "count": 50,
            "created_time": "2025-02-12T16:18:48.035477Z",
            "yes_price": 16,
            "no_price": 84,
            "taker_side": "yes"
        },
        {
            "trade_id": "a89f6fa8-ae12-49f3-a6aa-f89ce59ad17a",
            "ticker": "KXHIGHMIA-25FEB12-B80.5",
            "count": 8,
            "created_time": "2025-02-12T16:15:30.240463Z",
            "yes_price": 16,
            "no_price": 84,
            "taker_side": "yes"
        },
        {
            "trade_id": "e67b1a96-9772-4ace-84e5-50bf47a5c649",
            "ticker": "KXHIGHMIA-25FEB12-B80.5",
            "count": 100,
            "created_time": "2025-02-12T16:14:20.168722Z",
            "yes_price": 20,
            "no_price": 80,
            "taker_side": "yes"
        },
        {
            "trade_id": "aad95c40-9832-456f-beb0-cb048e23b7fa",
            "ticker": "KXHIGHMIA-25FEB12-B80.5",
            "count": 1,
            "created_time": "2025-02-12T16:14:20.168722Z",
            "yes_price": 23,
            "no_price": 77,
            "taker_side": "yes"
        },
        {
            "trade_id": "67f42ee3-67e0-4e21-b30b-f2b351ab3fcc",
            "ticker": "KXHIGHMIA-25FEB12-B80.5",
            "count": 41,
            "created_time": "2025-02-12T16:14:20.168722Z",
            "yes_price": 20,
            "no_price": 80,
            "taker_side": "yes"
        },
        {
            "trade_id": "4a8045bc-6632-4ee4-b24c-c152581e219d",
            "ticker": "KXHIGHMIA-25FEB12-B80.5",
            "count": 7,
            "created_time": "2025-02-12T16:14:20.168722Z",
            "yes_price": 25,
            "no_price": 75,
            "taker_side": "yes"
        },
        {
            "trade_id": "289ba90a-0753-4f64-9294-ebb05fa2c987",
            "ticker": "KXHIGHMIA-25FEB12-B80.5",
            "count": 18,
            "created_time": "2025-02-12T16:14:20.168722Z",
            "yes_price": 21,
            "no_price": 79,
            "taker_side": "yes"
        },
        {
            "trade_id": "1ded7b0b-1dc7-490a-b25d-3386c6e99b70",
            "ticker": "KXHIGHMIA-25FEB12-B80.5",
            "count": 403,
            "created_time": "2025-02-12T16:14:20.168722Z",
            "yes_price": 15,
            "no_price": 85,
            "taker_side": "yes"
        },
        {
            "trade_id": "67a0938f-7aff-4b5d-b888-b624ed4ca0d9",
            "ticker": "KXHIGHMIA-25FEB12-B80.5",
            "count": 33,
            "created_time": "2025-02-12T16:13:58.241369Z",
            "yes_price": 14,
            "no_price": 86,
            "taker_side": "yes"
        },
        {
            "trade_id": "0cd288c1-95a3-4ba8-b290-2d6fb07abb74",
            "ticker": "KXHIGHMIA-25FEB12-B80.5",
            "count": 50,
            "created_time": "2025-02-12T16:09:46.144969Z",
            "yes_price": 20,
            "no_price": 80,
            "taker_side": "yes"
        },
        {
            "trade_id": "8d6e364a-0ad3-4751-889f-f73553940bf6",
            "ticker": "KXHIGHMIA-25FEB12-B80.5",
            "count": 5,
            "created_time": "2025-02-12T16:09:21.591459Z",
            "yes_price": 20,
            "no_price": 80,
            "taker_side": "yes"
        },
        {
            "trade_id": "195eccbf-9418-4ef3-892a-4421141a2222",
            "ticker": "KXHIGHMIA-25FEB12-B80.5",
            "count": 47,
            "created_time": "2025-02-12T16:04:52.286109Z",
            "yes_price": 20,
            "no_price": 80,
            "taker_side": "yes"
        },
        {
            "trade_id": "afbeab64-65fc-4701-82c0-3639916a47d3",
            "ticker": "KXHIGHMIA-25FEB12-B80.5",
            "count": 6,
            "created_time": "2025-02-12T16:02:59.089032Z",
            "yes_price": 22,
            "no_price": 78,
            "taker_side": "yes"
        },
        {
            "trade_id": "756185f3-e2e8-454b-bf83-861af5a48887",
            "ticker": "KXHIGHMIA-25FEB12-B80.5",
            "count": 17,
            "created_time": "2025-02-12T15:59:48.98676Z",
            "yes_price": 22,
            "no_price": 78,
            "taker_side": "yes"
        },
        {
            "trade_id": "f8cda0a9-1f1a-49a3-8297-9da19a825ea1",
            "ticker": "KXHIGHMIA-25FEB12-B80.5",
            "count": 60,
            "created_time": "2025-02-12T15:58:42.235135Z",
            "yes_price": 13,
            "no_price": 87,
            "taker_side": "no"
        },
        {
            "trade_id": "eb80b7b8-bfe6-46f7-9d73-aae241c473f1",
            "ticker": "KXHIGHMIA-25FEB12-B80.5",
            "count": 50,
            "created_time": "2025-02-12T15:58:42.235135Z",
            "yes_price": 14,
            "no_price": 86,
            "taker_side": "no"
        },
        {
            "trade_id": "54e733c7-04e3-4688-aba6-3d86e937f002",
            "ticker": "KXHIGHMIA-25FEB12-B80.5",
            "count": 4,
            "created_time": "2025-02-12T15:58:42.235135Z",
            "yes_price": 12,
            "no_price": 88,
            "taker_side": "no"
        },
        {
            "trade_id": "81081d0c-f83d-45d6-aaf9-d59f440fea42",
            "ticker": "KXHIGHMIA-25FEB12-B80.5",
            "count": 24,
            "created_time": "2025-02-12T15:54:49.422111Z",
            "yes_price": 23,
            "no_price": 77,
            "taker_side": "yes"
        },
        {
            "trade_id": "63c5533b-459d-48c9-a799-ac6517940d5d",
            "ticker": "KXHIGHMIA-25FEB12-B80.5",
            "count": 7,
            "created_time": "2025-02-12T15:54:38.038198Z",
            "yes_price": 13,
            "no_price": 87,
            "taker_side": "no"
        },
        {
            "trade_id": "9b299d42-17eb-45dc-be14-017844b7ce8f",
            "ticker": "KXHIGHMIA-25FEB12-B80.5",
            "count": 50,
            "created_time": "2025-02-12T15:53:55.118986Z",
            "yes_price": 22,
            "no_price": 78,
            "taker_side": "yes"
        },
        {
            "trade_id": "8a9bcb55-c316-43e3-83a3-73ffd98632f0",
            "ticker": "KXHIGHMIA-25FEB12-B80.5",
            "count": 38,
            "created_time": "2025-02-12T15:50:11.73946Z",
            "yes_price": 25,
            "no_price": 75,
            "taker_side": "yes"
        },
        {
            "trade_id": "95343d9e-4729-45a0-b81e-044a4546c907",
            "ticker": "KXHIGHMIA-25FEB12-B80.5",
            "count": 4,
            "created_time": "2025-02-12T15:47:42.646542Z",
            "yes_price": 25,
            "no_price": 75,
            "taker_side": "yes"
        },
        {
            "trade_id": "fca6258b-08f9-49fb-b7ec-2e36b5ddcae7",
            "ticker": "KXHIGHMIA-25FEB12-B80.5",
            "count": 17,
            "created_time": "2025-02-12T15:47:09.071211Z",
            "yes_price": 25,
            "no_price": 75,
            "taker_side": "yes"
        },
        {
            "trade_id": "286bda73-bcde-49f3-9b3c-553be29aeea8",
            "ticker": "KXHIGHMIA-25FEB12-B80.5",
            "count": 21,
            "created_time": "2025-02-12T15:47:09.071211Z",
            "yes_price": 24,
            "no_price": 76,
            "taker_side": "yes"
        },
        {
            "trade_id": "a2f38ec6-9d07-45a7-906b-8ae076385091",
            "ticker": "KXHIGHMIA-25FEB12-B80.5",
            "count": 51,
            "created_time": "2025-02-12T15:34:41.358698Z",
            "yes_price": 10,
            "no_price": 90,
            "taker_side": "no"
        },
        {
            "trade_id": "730b2665-02fb-42eb-8274-fb3b41f6b79b",
            "ticker": "KXHIGHMIA-25FEB12-B80.5",
            "count": 200,
            "created_time": "2025-02-12T15:34:41.358698Z",
            "yes_price": 20,
            "no_price": 80,
            "taker_side": "no"
        },
        {
            "trade_id": "336242cb-229b-4243-b927-564922368ec0",
            "ticker": "KXHIGHMIA-25FEB12-B80.5",
            "count": 51,
            "created_time": "2025-02-12T15:34:41.358698Z",
            "yes_price": 21,
            "no_price": 79,
            "taker_side": "no"
        },
        {
            "trade_id": "ca53f617-1a3b-42c4-b243-b18d12839d8f",
            "ticker": "KXHIGHMIA-25FEB12-B80.5",
            "count": 9,
            "created_time": "2025-02-12T15:30:17.61905Z",
            "yes_price": 29,
            "no_price": 71,
            "taker_side": "yes"
        },
        {
            "trade_id": "287688ec-db43-4d41-a59a-4a2d14fc194e",
            "ticker": "KXHIGHMIA-25FEB12-B80.5",
            "count": 32,
            "created_time": "2025-02-12T15:25:21.083954Z",
            "yes_price": 29,
            "no_price": 71,
            "taker_side": "yes"
        },
        {
            "trade_id": "32686ecf-f47a-4623-a7c9-07600bd09769",
            "ticker": "KXHIGHMIA-25FEB12-B80.5",
            "count": 2,
            "created_time": "2025-02-12T15:13:20.311457Z",
            "yes_price": 29,
            "no_price": 71,
            "taker_side": "yes"
        },
        {
            "trade_id": "0a3aa2bc-73d1-464c-9f11-0e4d3bfc65d2",
            "ticker": "KXHIGHMIA-25FEB12-B80.5",
            "count": 6,
            "created_time": "2025-02-12T15:08:57.703754Z",
            "yes_price": 29,
            "no_price": 71,
            "taker_side": "yes"
        },
        {
            "trade_id": "80984b41-ecd3-4fa5-95c1-2784dddcbdae",
            "ticker": "KXHIGHMIA-25FEB12-B80.5",
            "count": 7,
            "created_time": "2025-02-12T15:08:29.673551Z",
            "yes_price": 29,
            "no_price": 71,
            "taker_side": "yes"
        },
        {
            "trade_id": "51aa8bae-3a8f-442b-8bd7-2d518b0367e9",
            "ticker": "KXHIGHMIA-25FEB12-B80.5",
            "count": 1,
            "created_time": "2025-02-12T15:08:29.673551Z",
            "yes_price": 29,
            "no_price": 71,
            "taker_side": "yes"
        },
        {
            "trade_id": "a7667c85-62f1-4789-9203-d78caca39a0c",
            "ticker": "KXHIGHMIA-25FEB12-B80.5",
            "count": 144,
            "created_time": "2025-02-12T14:54:56.711983Z",
            "yes_price": 29,
            "no_price": 71,
            "taker_side": "yes"
        },
        {
            "trade_id": "6ff679e2-4e7a-429e-88c6-99a30119e386",
            "ticker": "KXHIGHMIA-25FEB12-B80.5",
            "count": 17,
            "created_time": "2025-02-12T14:54:56.711983Z",
            "yes_price": 30,
            "no_price": 70,
            "taker_side": "yes"
        },
        {
            "trade_id": "c468ec57-9b6e-49c6-922b-03115b6eb690",
            "ticker": "KXHIGHMIA-25FEB12-B80.5",
            "count": 8,
            "created_time": "2025-02-12T14:53:17.8254Z",
            "yes_price": 29,
            "no_price": 71,
            "taker_side": "yes"
        },
        {
            "trade_id": "ae74aac9-3722-4eb6-8863-dffa3feb2e9f",
            "ticker": "KXHIGHMIA-25FEB12-B80.5",
            "count": 22,
            "created_time": "2025-02-12T14:53:17.8254Z",
            "yes_price": 29,
            "no_price": 71,
            "taker_side": "yes"
        },
        {
            "trade_id": "cea7568f-1c6b-463d-85c3-ebd9690be04b",
            "ticker": "KXHIGHMIA-25FEB12-B80.5",
            "count": 39,
            "created_time": "2025-02-12T14:47:24.589718Z",
            "yes_price": 24,
            "no_price": 76,
            "taker_side": "yes"
        },
        {
            "trade_id": "bc2623ef-eea8-49e7-95f8-57ec74a2a862",
            "ticker": "KXHIGHMIA-25FEB12-B80.5",
            "count": 19,
            "created_time": "2025-02-12T14:33:56.864882Z",
            "yes_price": 25,
            "no_price": 75,
            "taker_side": "yes"
        },
        {
            "trade_id": "12f30d6c-a3d1-4ddf-b600-b072af399009",
            "ticker": "KXHIGHMIA-25FEB12-B80.5",
            "count": 1,
            "created_time": "2025-02-12T14:32:16.613037Z",
            "yes_price": 26,
            "no_price": 74,
            "taker_side": "yes"
        },
        {
            "trade_id": "b14d5ba8-2c8a-4eba-8b71-3f09ccfc06e3",
            "ticker": "KXHIGHMIA-25FEB12-B80.5",
            "count": 7,
            "created_time": "2025-02-12T14:22:46.371072Z",
            "yes_price": 26,
            "no_price": 74,
            "taker_side": "yes"
        },
        {
            "trade_id": "fbb955bc-fcee-4a2e-9e18-be6b0fde5e18",
            "ticker": "KXHIGHMIA-25FEB12-B80.5",
            "count": 4,
            "created_time": "2025-02-12T14:03:26.254171Z",
            "yes_price": 27,
            "no_price": 73,
            "taker_side": "yes"
        },
        {
            "trade_id": "96b616d3-3354-41cd-a66f-4e81c43363d2",
            "ticker": "KXHIGHMIA-25FEB12-B80.5",
            "count": 50,
            "created_time": "2025-02-12T14:03:26.254171Z",
            "yes_price": 26,
            "no_price": 74,
            "taker_side": "yes"
        },
        {
            "trade_id": "2f0ea06d-001d-4286-869d-c4d2ffc2df18",
            "ticker": "KXHIGHMIA-25FEB12-B80.5",
            "count": 4,
            "created_time": "2025-02-12T13:47:26.726832Z",
            "yes_price": 26,
            "no_price": 74,
            "taker_side": "no"
        },
        {
            "trade_id": "fe12dfad-7a77-4a0d-94cf-1234e11dcf4e",
            "ticker": "KXHIGHMIA-25FEB12-B80.5",
            "count": 1,
            "created_time": "2025-02-12T13:47:26.573074Z",
            "yes_price": 26,
            "no_price": 74,
            "taker_side": "no"
        },
        {
            "trade_id": "e4d5eac7-8c15-4345-8664-c82c97223f4b",
            "ticker": "KXHIGHMIA-25FEB12-B80.5",
            "count": 2,
            "created_time": "2025-02-12T13:46:48.979422Z",
            "yes_price": 26,
            "no_price": 74,
            "taker_side": "no"
        },
        {
            "trade_id": "1e362c0a-d6a7-42df-a63b-5fe5df9146b5",
            "ticker": "KXHIGHMIA-25FEB12-B80.5",
            "count": 18,
            "created_time": "2025-02-12T13:34:53.841407Z",
            "yes_price": 26,
            "no_price": 74,
            "taker_side": "yes"
        },
        {
            "trade_id": "91520d3b-d3d4-4bbc-a00f-6b5f68c36a08",
            "ticker": "KXHIGHMIA-25FEB12-B80.5",
            "count": 10,
            "created_time": "2025-02-12T13:26:05.917631Z",
            "yes_price": 27,
            "no_price": 73,
            "taker_side": "yes"
        },
        {
            "trade_id": "96916935-f87c-416e-ba0b-777b2a86374d",
            "ticker": "KXHIGHMIA-25FEB12-B80.5",
            "count": 34,
            "created_time": "2025-02-12T13:19:23.696516Z",
            "yes_price": 28,
            "no_price": 72,
            "taker_side": "yes"
        },
        {
            "trade_id": "3a1fce1d-ec49-485e-b40d-38ebc1f3d526",
            "ticker": "KXHIGHMIA-25FEB12-B80.5",
            "count": 17,
            "created_time": "2025-02-12T13:18:07.432682Z",
            "yes_price": 28,
            "no_price": 72,
            "taker_side": "yes"
        },
        {
            "trade_id": "1ef1185c-7095-4b49-a660-9b74d8161864",
            "ticker": "KXHIGHMIA-25FEB12-B80.5",
            "count": 6,
            "created_time": "2025-02-12T13:17:45.916647Z",
            "yes_price": 28,
            "no_price": 72,
            "taker_side": "yes"
        },
        {
            "trade_id": "9bc681f8-f37e-4aaf-8d91-9dd5567aff62",
            "ticker": "KXHIGHMIA-25FEB12-B80.5",
            "count": 18,
            "created_time": "2025-02-12T13:05:50.838949Z",
            "yes_price": 26,
            "no_price": 74,
            "taker_side": "yes"
        },
        {
            "trade_id": "cd491123-4d92-4c50-92a9-6959e3dfad4e",
            "ticker": "KXHIGHMIA-25FEB12-B80.5",
            "count": 18,
            "created_time": "2025-02-12T13:05:01.686843Z",
            "yes_price": 26,
            "no_price": 74,
            "taker_side": "yes"
        },
        {
            "trade_id": "ec644cba-74ce-47c4-a888-e0378f18a613",
            "ticker": "KXHIGHMIA-25FEB12-B80.5",
            "count": 5,
            "created_time": "2025-02-12T07:30:35.608377Z",
            "yes_price": 25,
            "no_price": 75,
            "taker_side": "yes"
        },
        {
            "trade_id": "97591d63-cb44-4d55-a032-ac87d414de5e",
            "ticker": "KXHIGHMIA-25FEB12-B80.5",
            "count": 13,
            "created_time": "2025-02-12T07:30:35.608377Z",
            "yes_price": 25,
            "no_price": 75,
            "taker_side": "yes"
        },
        {
            "trade_id": "aa33e206-d2a7-4881-8e43-f16da5018b96",
            "ticker": "KXHIGHMIA-25FEB12-B80.5",
            "count": 3,
            "created_time": "2025-02-12T07:25:31.951893Z",
            "yes_price": 23,
            "no_price": 77,
            "taker_side": "yes"
        },
        {
            "trade_id": "93173b4d-2aa1-406e-a09f-47498d6e53ef",
            "ticker": "KXHIGHMIA-25FEB12-B80.5",
            "count": 45,
            "created_time": "2025-02-12T07:25:31.951893Z",
            "yes_price": 25,
            "no_price": 75,
            "taker_side": "yes"
        },
        {
            "trade_id": "6b02d58a-63e0-4ba4-89ab-cc440b94f83a",
            "ticker": "KXHIGHMIA-25FEB12-B80.5",
            "count": 2,
            "created_time": "2025-02-12T07:25:31.951893Z",
            "yes_price": 24,
            "no_price": 76,
            "taker_side": "yes"
        },
        {
            "trade_id": "1df4ea88-b96d-4e19-a743-8814730e2683",
            "ticker": "KXHIGHMIA-25FEB12-B80.5",
            "count": 58,
            "created_time": "2025-02-12T07:25:31.951893Z",
            "yes_price": 24,
            "no_price": 76,
            "taker_side": "yes"
        },
        {
            "trade_id": "8dfcba1d-fdc2-4253-9b64-20fdca889f8f",
            "ticker": "KXHIGHMIA-25FEB12-B80.5",
            "count": 5,
            "created_time": "2025-02-12T07:15:31.626193Z",
            "yes_price": 23,
            "no_price": 77,
            "taker_side": "yes"
        },
        {
            "trade_id": "888a137e-0e00-40fc-86c3-7f9506f7f778",
            "ticker": "KXHIGHMIA-25FEB12-B80.5",
            "count": 2,
            "created_time": "2025-02-12T07:05:47.035418Z",
            "yes_price": 22,
            "no_price": 78,
            "taker_side": "yes"
        },
        {
            "trade_id": "7c096f6d-3b4a-460c-bd1e-c88b3be59549",
            "ticker": "KXHIGHMIA-25FEB12-B80.5",
            "count": 61,
            "created_time": "2025-02-12T06:55:57.412146Z",
            "yes_price": 23,
            "no_price": 77,
            "taker_side": "yes"
        },
        {
            "trade_id": "813685a1-94c0-4b4d-8437-7de7ccafa6ac",
            "ticker": "KXHIGHMIA-25FEB12-B80.5",
            "count": 4,
            "created_time": "2025-02-12T06:26:34.840522Z",
            "yes_price": 22,
            "no_price": 78,
            "taker_side": "yes"
        },
        {
            "trade_id": "f15e140d-2b6a-41ed-a8eb-f5e832aabace",
            "ticker": "KXHIGHMIA-25FEB12-B80.5",
            "count": 43,
            "created_time": "2025-02-12T06:24:37.920179Z",
            "yes_price": 22,
            "no_price": 78,
            "taker_side": "yes"
        },
        {
            "trade_id": "aef8e905-1609-482e-8777-38d32c206d9c",
            "ticker": "KXHIGHMIA-25FEB12-B80.5",
            "count": 1,
            "created_time": "2025-02-12T06:22:40.177536Z",
            "yes_price": 22,
            "no_price": 78,
            "taker_side": "yes"
        },
        {
            "trade_id": "6fb2e8a4-3242-40fa-af8b-7f98f9afeb76",
            "ticker": "KXHIGHMIA-25FEB12-B80.5",
            "count": 51,
            "created_time": "2025-02-12T06:22:40.177536Z",
            "yes_price": 22,
            "no_price": 78,
            "taker_side": "yes"
        },
        {
            "trade_id": "6099b1fa-278c-449b-963e-2abeabfb66c4",
            "ticker": "KXHIGHMIA-25FEB12-B80.5",
            "count": 28,
            "created_time": "2025-02-12T06:22:40.177536Z",
            "yes_price": 24,
            "no_price": 76,
            "taker_side": "yes"
        },
        {
            "trade_id": "599927a0-f86d-419b-8480-bc8200828734",
            "ticker": "KXHIGHMIA-25FEB12-B80.5",
            "count": 1,
            "created_time": "2025-02-12T06:22:40.177536Z",
            "yes_price": 22,
            "no_price": 78,
            "taker_side": "yes"
        },
        {
            "trade_id": "aaef3033-d7cd-40f1-9694-0f45f9006239",
            "ticker": "KXHIGHMIA-25FEB12-B80.5",
            "count": 12,
            "created_time": "2025-02-12T06:11:10.827754Z",
            "yes_price": 23,
            "no_price": 77,
            "taker_side": "yes"
        },
        {
            "trade_id": "243d168f-9e7f-450c-965f-6c1fb8d171c4",
            "ticker": "KXHIGHMIA-25FEB12-B80.5",
            "count": 4,
            "created_time": "2025-02-12T06:11:10.827754Z",
            "yes_price": 22,
            "no_price": 78,
            "taker_side": "yes"
        },
        {
            "trade_id": "a6afd783-8edf-479f-a6ca-f135135886f2",
            "ticker": "KXHIGHMIA-25FEB12-B80.5",
            "count": 59,
            "created_time": "2025-02-12T05:51:33.110132Z",
            "yes_price": 23,
            "no_price": 77,
            "taker_side": "yes"
        },
        {
            "trade_id": "c851d279-0d41-4246-83db-f08a8a98d286",
            "ticker": "KXHIGHMIA-25FEB12-B80.5",
            "count": 41,
            "created_time": "2025-02-12T05:43:25.517572Z",
            "yes_price": 23,
            "no_price": 77,
            "taker_side": "yes"
        },
        {
            "trade_id": "36392268-51a1-4360-85e8-47751edf1664",
            "ticker": "KXHIGHMIA-25FEB12-B80.5",
            "count": 19,
            "created_time": "2025-02-12T05:42:46.487646Z",
            "yes_price": 23,
            "no_price": 77,
            "taker_side": "yes"
        },
        {
            "trade_id": "ca028215-3e7b-42a4-af0a-6c8127be48ea",
            "ticker": "KXHIGHMIA-25FEB12-B80.5",
            "count": 128,
            "created_time": "2025-02-12T05:39:38.103106Z",
            "yes_price": 25,
            "no_price": 75,
            "taker_side": "yes"
        },
        {
            "trade_id": "3e783c1e-7171-4ec7-9a49-2337253a7f5e",
            "ticker": "KXHIGHMIA-25FEB12-B80.5",
            "count": 4,
            "created_time": "2025-02-12T05:39:38.103106Z",
            "yes_price": 23,
            "no_price": 77,
            "taker_side": "yes"
        },
        {
            "trade_id": "3d4b79da-89df-4108-9c80-33055224ac05",
            "ticker": "KXHIGHMIA-25FEB12-B80.5",
            "count": 66,
            "created_time": "2025-02-12T05:39:38.103106Z",
            "yes_price": 23,
            "no_price": 77,
            "taker_side": "yes"
        },
        {
            "trade_id": "1c9be107-bbb7-487a-b21a-33ea1b638f03",
            "ticker": "KXHIGHMIA-25FEB12-B80.5",
            "count": 52,
            "created_time": "2025-02-12T05:39:38.103106Z",
            "yes_price": 22,
            "no_price": 78,
            "taker_side": "yes"
        },
        {
            "trade_id": "8c739ca8-9162-494b-b7a2-4f37d1004e97",
            "ticker": "KXHIGHMIA-25FEB12-B80.5",
            "count": 12,
            "created_time": "2025-02-12T05:30:23.514716Z",
            "yes_price": 20,
            "no_price": 80,
            "taker_side": "no"
        },
        {
            "trade_id": "5cfe3ba6-f61f-4a62-a21a-fa024c25d280",
            "ticker": "KXHIGHMIA-25FEB12-B80.5",
            "count": 52,
            "created_time": "2025-02-12T05:30:23.514716Z",
            "yes_price": 21,
            "no_price": 79,
            "taker_side": "no"
        },
        {
            "trade_id": "852024b1-c2d1-4712-9380-6376ac7f76e9",
            "ticker": "KXHIGHMIA-25FEB12-B80.5",
            "count": 116,
            "created_time": "2025-02-12T05:27:01.421039Z",
            "yes_price": 20,
            "no_price": 80,
            "taker_side": "no"
        },
        {
            "trade_id": "ea958149-d029-4abd-a5eb-03d8ec10bb36",
            "ticker": "KXHIGHMIA-25FEB12-B80.5",
            "count": 37,
            "created_time": "2025-02-12T05:26:42.009836Z",
            "yes_price": 20,
            "no_price": 80,
            "taker_side": "no"
        },
        {
            "trade_id": "7cdf5c85-e663-4432-85cf-e290652fc568",
            "ticker": "KXHIGHMIA-25FEB12-B80.5",
            "count": 78,
            "created_time": "2025-02-12T05:26:42.009836Z",
            "yes_price": 20,
            "no_price": 80,
            "taker_side": "no"
        },
        {
            "trade_id": "49aee48e-7ea6-4dbf-a793-24eab594e612",
            "ticker": "KXHIGHMIA-25FEB12-B80.5",
            "count": 115,
            "created_time": "2025-02-12T05:26:42.009836Z",
            "yes_price": 21,
            "no_price": 79,
            "taker_side": "no"
        },
        {
            "trade_id": "716ff1b3-2da1-4065-848f-63a4347d04a2",
            "ticker": "KXHIGHMIA-25FEB12-B80.5",
            "count": 114,
            "created_time": "2025-02-12T05:26:25.580642Z",
            "yes_price": 22,
            "no_price": 78,
            "taker_side": "no"
        },
        {
            "trade_id": "035f3df2-5cbc-459d-b60b-dadf1a782002",
            "ticker": "KXHIGHMIA-25FEB12-B80.5",
            "count": 122,
            "created_time": "2025-02-12T05:26:25.580642Z",
            "yes_price": 20,
            "no_price": 80,
            "taker_side": "no"
        },
        {
            "trade_id": "7c7f9db5-882d-47e0-8127-753cf5b4eca8",
            "ticker": "KXHIGHMIA-25FEB12-B80.5",
            "count": 25,
            "created_time": "2025-02-12T05:26:15.535148Z",
            "yes_price": 24,
            "no_price": 76,
            "taker_side": "no"
        },
        {
            "trade_id": "71031923-fb22-400c-b973-ae6652577877",
            "ticker": "KXHIGHMIA-25FEB12-B80.5",
            "count": 2,
            "created_time": "2025-02-12T05:26:15.535148Z",
            "yes_price": 22,
            "no_price": 78,
            "taker_side": "no"
        },
        {
            "trade_id": "3c48714f-8f07-4234-b1b7-e310204c214a",
            "ticker": "KXHIGHMIA-25FEB12-B80.5",
            "count": 119,
            "created_time": "2025-02-12T05:26:15.535148Z",
            "yes_price": 23,
            "no_price": 77,
            "taker_side": "no"
        },
        {
            "trade_id": "12d29b4c-9939-4a9c-9c26-654b6b3e8a6f",
            "ticker": "KXHIGHMIA-25FEB12-B80.5",
            "count": 4,
            "created_time": "2025-02-12T05:26:15.535148Z",
            "yes_price": 21,
            "no_price": 79,
            "taker_side": "no"
        },
        {
            "trade_id": "c4851e7e-ed40-46df-88a0-f466adf1a193",
            "ticker": "KXHIGHMIA-25FEB12-B80.5",
            "count": 49,
            "created_time": "2025-02-12T05:14:45.453467Z",
            "yes_price": 29,
            "no_price": 71,
            "taker_side": "yes"
        },
        {
            "trade_id": "d8b65959-99b0-4bc4-b8da-0cd0efc4eec1",
            "ticker": "KXHIGHMIA-25FEB12-B80.5",
            "count": 12,
            "created_time": "2025-02-12T05:12:50.751293Z",
            "yes_price": 28,
            "no_price": 72,
            "taker_side": "yes"
        },
        {
            "trade_id": "24d6bf87-c803-4d7d-a63c-2d3ead4a7dfe",
            "ticker": "KXHIGHMIA-25FEB12-B80.5",
            "count": 3,
            "created_time": "2025-02-12T05:12:50.751293Z",
            "yes_price": 29,
            "no_price": 71,
            "taker_side": "yes"
        },
        {
            "trade_id": "f265d49f-e15d-47c3-8a60-ccbb979ce198",
            "ticker": "KXHIGHMIA-25FEB12-B80.5",
            "count": 14,
            "created_time": "2025-02-12T05:10:13.405576Z",
            "yes_price": 30,
            "no_price": 70,
            "taker_side": "yes"
        },
        {
            "trade_id": "882e9f47-9134-430d-a173-a6a2c4b8fdde",
            "ticker": "KXHIGHMIA-25FEB12-B80.5",
            "count": 32,
            "created_time": "2025-02-12T05:10:13.405576Z",
            "yes_price": 30,
            "no_price": 70,
            "taker_side": "yes"
        },
        {
            "trade_id": "53d73520-3b1b-49e8-9365-998b8a84d436",
            "ticker": "KXHIGHMIA-25FEB12-B80.5",
            "count": 18,
            "created_time": "2025-02-12T05:10:13.405576Z",
            "yes_price": 28,
            "no_price": 72,
            "taker_side": "yes"
        },
        {
            "trade_id": "852f210f-1c4a-4d1b-90de-abdb85725f10",
            "ticker": "KXHIGHMIA-25FEB12-B80.5",
            "count": 24,
            "created_time": "2025-02-12T05:05:42.111551Z",
            "yes_price": 28,
            "no_price": 72,
            "taker_side": "yes"
        },
        {
            "trade_id": "4534b159-5e56-4aa0-bcec-0779792653ec",
            "ticker": "KXHIGHMIA-25FEB12-B80.5",
            "count": 20,
            "created_time": "2025-02-12T05:05:42.111551Z",
            "yes_price": 30,
            "no_price": 70,
            "taker_side": "yes"
        },
        {
            "trade_id": "36eb406f-d43d-469d-8b26-86a1f6f65836",
            "ticker": "KXHIGHMIA-25FEB12-B80.5",
            "count": 28,
            "created_time": "2025-02-12T05:05:42.111551Z",
            "yes_price": 30,
            "no_price": 70,
            "taker_side": "yes"
        },
        {
            "trade_id": "060e23a4-5529-4fd6-8338-e8176a4c1928",
            "ticker": "KXHIGHMIA-25FEB12-B80.5",
            "count": 94,
            "created_time": "2025-02-12T05:05:42.111551Z",
            "yes_price": 28,
            "no_price": 72,
            "taker_side": "yes"
        },
        {
            "trade_id": "b9d91822-b636-4112-b278-29236fb8f907",
            "ticker": "KXHIGHMIA-25FEB12-B80.5",
            "count": 13,
            "created_time": "2025-02-12T04:51:15.894491Z",
            "yes_price": 28,
            "no_price": 72,
            "taker_side": "yes"
        },
        {
            "trade_id": "5b1a2a37-6839-4e7b-a4d9-d83b7a2bcc57",
            "ticker": "KXHIGHMIA-25FEB12-B80.5",
            "count": 76,
            "created_time": "2025-02-12T04:51:15.894491Z",
            "yes_price": 28,
            "no_price": 72,
            "taker_side": "yes"
        },
        {
            "trade_id": "c71c4b52-7a02-4b7e-8878-31756b0978bb",
            "ticker": "KXHIGHMIA-25FEB12-B80.5",
            "count": 3,
            "created_time": "2025-02-12T04:46:25.858268Z",
            "yes_price": 26,
            "no_price": 74,
            "taker_side": "yes"
        },
        {
            "trade_id": "5c4a28bc-a68e-4696-a016-d9e159d68015",
            "ticker": "KXHIGHMIA-25FEB12-B80.5",
            "count": 3,
            "created_time": "2025-02-12T04:43:06.349617Z",
            "yes_price": 27,
            "no_price": 73,
            "taker_side": "yes"
        },
        {
            "trade_id": "993a24bd-6299-4b6f-8a0a-1d7138a87647",
            "ticker": "KXHIGHMIA-25FEB12-B80.5",
            "count": 2,
            "created_time": "2025-02-12T04:42:33.005162Z",
            "yes_price": 25,
            "no_price": 75,
            "taker_side": "yes"
        },
        {
            "trade_id": "bf71c77c-cb05-440d-83b7-ac39b27e2b63",
            "ticker": "KXHIGHMIA-25FEB12-B80.5",
            "count": 11,
            "created_time": "2025-02-12T04:33:10.42324Z",
            "yes_price": 25,
            "no_price": 75,
            "taker_side": "yes"
        },
        {
            "trade_id": "749723e6-76e2-4676-a6bb-19db1f6a44e4",
            "ticker": "KXHIGHMIA-25FEB12-B80.5",
            "count": 71,
            "created_time": "2025-02-12T04:14:31.190628Z",
            "yes_price": 25,
            "no_price": 75,
            "taker_side": "yes"
        },
        {
            "trade_id": "6a5545f7-4492-4479-bcb5-b3ad59caa4cb",
            "ticker": "KXHIGHMIA-25FEB12-B80.5",
            "count": 4,
            "created_time": "2025-02-12T04:14:31.190628Z",
            "yes_price": 27,
            "no_price": 73,
            "taker_side": "yes"
        },
        {
            "trade_id": "c99954db-f7d3-4e33-8909-a546c82181b5",
            "ticker": "KXHIGHMIA-25FEB12-B80.5",
            "count": 12,
            "created_time": "2025-02-12T04:14:24.369838Z",
            "yes_price": 24,
            "no_price": 76,
            "taker_side": "yes"
        },
        {
            "trade_id": "71882919-e470-4d2e-a59a-910f65c06941",
            "ticker": "KXHIGHMIA-25FEB12-B80.5",
            "count": 13,
            "created_time": "2025-02-12T04:14:24.369838Z",
            "yes_price": 24,
            "no_price": 76,
            "taker_side": "yes"
        },
        {
            "trade_id": "173d3ce5-42d1-4610-890e-7f039488ffb8",
            "ticker": "KXHIGHMIA-25FEB12-B80.5",
            "count": 3,
            "created_time": "2025-02-12T04:14:24.369838Z",
            "yes_price": 24,
            "no_price": 76,
            "taker_side": "yes"
        },
        {
            "trade_id": "1191a4df-39ab-4e86-8659-c8551773a636",
            "ticker": "KXHIGHMIA-25FEB12-B80.5",
            "count": 47,
            "created_time": "2025-02-12T04:14:24.369838Z",
            "yes_price": 26,
            "no_price": 74,
            "taker_side": "yes"
        },
        {
            "trade_id": "322737cc-8e86-43ec-91ad-70fe8f556faa",
            "ticker": "KXHIGHMIA-25FEB12-B80.5",
            "count": 19,
            "created_time": "2025-02-12T04:03:58.969455Z",
            "yes_price": 24,
            "no_price": 76,
            "taker_side": "yes"
        },
        {
            "trade_id": "567cc8c4-957d-4540-8f63-78249d5479ea",
            "ticker": "KXHIGHMIA-25FEB12-B80.5",
            "count": 10,
            "created_time": "2025-02-12T03:58:28.534924Z",
            "yes_price": 24,
            "no_price": 76,
            "taker_side": "yes"
        },
        {
            "trade_id": "437a2323-3ccd-475e-98f6-36f99dcd806e",
            "ticker": "KXHIGHMIA-25FEB12-B80.5",
            "count": 61,
            "created_time": "2025-02-12T03:51:01.272217Z",
            "yes_price": 27,
            "no_price": 73,
            "taker_side": "yes"
        },
        {
            "trade_id": "105d0983-0c7d-4b5e-97a2-5645ff3f67d2",
            "ticker": "KXHIGHMIA-25FEB12-B80.5",
            "count": 10,
            "created_time": "2025-02-12T03:51:01.272217Z",
            "yes_price": 25,
            "no_price": 75,
            "taker_side": "yes"
        },
        {
            "trade_id": "8f588af1-05cc-4689-9463-3aeaa9b9cd83",
            "ticker": "KXHIGHMIA-25FEB12-B80.5",
            "count": 2,
            "created_time": "2025-02-12T03:28:03.061412Z",
            "yes_price": 24,
            "no_price": 76,
            "taker_side": "yes"
        },
        {
            "trade_id": "b69f13d5-dbbc-4c58-a183-60eec9f57c74",
            "ticker": "KXHIGHMIA-25FEB12-B80.5",
            "count": 1,
            "created_time": "2025-02-12T03:26:54.721908Z",
            "yes_price": 26,
            "no_price": 74,
            "taker_side": "yes"
        },
        {
            "trade_id": "58e88af3-ad01-4b49-9d37-b741f899da14",
            "ticker": "KXHIGHMIA-25FEB12-B80.5",
            "count": 10,
            "created_time": "2025-02-12T03:26:05.963334Z",
            "yes_price": 26,
            "no_price": 74,
            "taker_side": "yes"
        },
        {
            "trade_id": "771271a5-b7a6-48b0-a5c0-597497e39d46",
            "ticker": "KXHIGHMIA-25FEB12-B80.5",
            "count": 3,
            "created_time": "2025-02-12T03:25:57.187963Z",
            "yes_price": 26,
            "no_price": 74,
            "taker_side": "yes"
        },
        {
            "trade_id": "ace28635-47ec-4968-9312-34776dc7d30a",
            "ticker": "KXHIGHMIA-25FEB12-B80.5",
            "count": 3,
            "created_time": "2025-02-12T03:25:49.687681Z",
            "yes_price": 26,
            "no_price": 74,
            "taker_side": "yes"
        },
        {
            "trade_id": "cf64a2f6-7e56-4866-9418-d22464d1e224",
            "ticker": "KXHIGHMIA-25FEB12-B80.5",
            "count": 3,
            "created_time": "2025-02-12T03:25:35.812691Z",
            "yes_price": 26,
            "no_price": 74,
            "taker_side": "yes"
        },
        {
            "trade_id": "62d60143-e26b-408a-a0d6-aee8b3229fbe",
            "ticker": "KXHIGHMIA-25FEB12-B80.5",
            "count": 7,
            "created_time": "2025-02-12T03:25:27.944172Z",
            "yes_price": 26,
            "no_price": 74,
            "taker_side": "yes"
        },
        {
            "trade_id": "04461bb7-5f26-4ca5-9fa7-298f4041a100",
            "ticker": "KXHIGHMIA-25FEB12-B80.5",
            "count": 86,
            "created_time": "2025-02-12T03:25:14.005915Z",
            "yes_price": 26,
            "no_price": 74,
            "taker_side": "yes"
        },
        {
            "trade_id": "031969fe-9990-4a8a-ab83-ffaba989754b",
            "ticker": "KXHIGHMIA-25FEB12-B80.5",
            "count": 4,
            "created_time": "2025-02-12T03:25:14.005915Z",
            "yes_price": 26,
            "no_price": 74,
            "taker_side": "yes"
        },
        {
            "trade_id": "ab71929b-9049-4256-9768-04703892eb35",
            "ticker": "KXHIGHMIA-25FEB12-B80.5",
            "count": 70,
            "created_time": "2025-02-12T03:17:37.374617Z",
            "yes_price": 21,
            "no_price": 79,
            "taker_side": "no"
        },
        {
            "trade_id": "905821a3-b177-4fb3-9cb1-03f2dbc443d4",
            "ticker": "KXHIGHMIA-25FEB12-B80.5",
            "count": 11,
            "created_time": "2025-02-12T03:17:37.374617Z",
            "yes_price": 21,
            "no_price": 79,
            "taker_side": "no"
        },
        {
            "trade_id": "4d593b4b-014c-4ecb-be23-a840a092d9eb",
            "ticker": "KXHIGHMIA-25FEB12-B80.5",
            "count": 10,
            "created_time": "2025-02-12T03:05:28.602178Z",
            "yes_price": 26,
            "no_price": 74,
            "taker_side": "yes"
        },
        {
            "trade_id": "febd35aa-67a8-400c-be81-dc297e9262a8",
            "ticker": "KXHIGHMIA-25FEB12-B80.5",
            "count": 3,
            "created_time": "2025-02-12T01:42:42.024477Z",
            "yes_price": 26,
            "no_price": 74,
            "taker_side": "yes"
        },
        {
            "trade_id": "e964c8e5-5781-404c-a199-dbded3e8b65b",
            "ticker": "KXHIGHMIA-25FEB12-B80.5",
            "count": 8,
            "created_time": "2025-02-12T01:38:55.54287Z",
            "yes_price": 25,
            "no_price": 75,
            "taker_side": "yes"
        },
        {
            "trade_id": "e3181dd6-ba85-4277-8ff1-abf0e56bf0c0",
            "ticker": "KXHIGHMIA-25FEB12-B80.5",
            "count": 98,
            "created_time": "2025-02-12T01:31:08.203707Z",
            "yes_price": 21,
            "no_price": 79,
            "taker_side": "no"
        },
        {
            "trade_id": "edfd110e-fac7-427d-8d7a-5c14a91a58a5",
            "ticker": "KXHIGHMIA-25FEB12-B80.5",
            "count": 10,
            "created_time": "2025-02-12T01:26:53.004923Z",
            "yes_price": 26,
            "no_price": 74,
            "taker_side": "yes"
        },
        {
            "trade_id": "befdf421-a34a-4fcd-a95c-cf3bd052207e",
            "ticker": "KXHIGHMIA-25FEB12-B80.5",
            "count": 13,
            "created_time": "2025-02-12T01:15:37.881856Z",
            "yes_price": 23,
            "no_price": 77,
            "taker_side": "yes"
        },
        {
            "trade_id": "6481c84d-645a-4c7c-b678-8e941c796305",
            "ticker": "KXHIGHMIA-25FEB12-B80.5",
            "count": 52,
            "created_time": "2025-02-12T01:15:37.881856Z",
            "yes_price": 23,
            "no_price": 77,
            "taker_side": "yes"
        },
        {
            "trade_id": "c6a32881-ba77-484a-ac3d-2bb07dcd9520",
            "ticker": "KXHIGHMIA-25FEB12-B80.5",
            "count": 12,
            "created_time": "2025-02-12T01:14:30.36271Z",
            "yes_price": 23,
            "no_price": 77,
            "taker_side": "yes"
        },
        {
            "trade_id": "244e1913-4b4c-404a-a1a1-024a6f030d58",
            "ticker": "KXHIGHMIA-25FEB12-B80.5",
            "count": 79,
            "created_time": "2025-02-12T00:55:50.340402Z",
            "yes_price": 24,
            "no_price": 76,
            "taker_side": "yes"
        },
        {
            "trade_id": "4fb3acce-3f61-4230-b152-12d88d92b4ca",
            "ticker": "KXHIGHMIA-25FEB12-B80.5",
            "count": 22,
            "created_time": "2025-02-12T00:22:57.713276Z",
            "yes_price": 25,
            "no_price": 75,
            "taker_side": "yes"
        },
        {
            "trade_id": "817a783a-c11e-45a2-8638-2738973a4ab8",
            "ticker": "KXHIGHMIA-25FEB12-B80.5",
            "count": 11,
            "created_time": "2025-02-12T00:22:38.497365Z",
            "yes_price": 25,
            "no_price": 75,
            "taker_side": "yes"
        },
        {
            "trade_id": "639d268f-e61e-48a4-a465-61d97c555b44",
            "ticker": "KXHIGHMIA-25FEB12-B80.5",
            "count": 19,
            "created_time": "2025-02-12T00:21:01.132916Z",
            "yes_price": 24,
            "no_price": 76,
            "taker_side": "yes"
        },
        {
            "trade_id": "e760c6c4-4305-4774-a283-257a0c009398",
            "ticker": "KXHIGHMIA-25FEB12-B80.5",
            "count": 10,
            "created_time": "2025-02-11T23:54:01.087512Z",
            "yes_price": 23,
            "no_price": 77,
            "taker_side": "yes"
        },
        {
            "trade_id": "e75ceb46-2e65-488e-b440-197432ceec73",
            "ticker": "KXHIGHMIA-25FEB12-B80.5",
            "count": 17,
            "created_time": "2025-02-11T23:49:52.670652Z",
            "yes_price": 24,
            "no_price": 76,
            "taker_side": "yes"
        },
        {
            "trade_id": "bd19c9c7-2a57-4b25-a4ce-6678bddda236",
            "ticker": "KXHIGHMIA-25FEB12-B80.5",
            "count": 39,
            "created_time": "2025-02-11T23:49:52.670652Z",
            "yes_price": 24,
            "no_price": 76,
            "taker_side": "yes"
        },
        {
            "trade_id": "09208778-8fc2-4605-8dd2-0f05e3a287ad",
            "ticker": "KXHIGHMIA-25FEB12-B80.5",
            "count": 2,
            "created_time": "2025-02-11T23:49:52.670652Z",
            "yes_price": 24,
            "no_price": 76,
            "taker_side": "yes"
        },
        {
            "trade_id": "46cfd1a5-ed4c-4307-9bfe-53ed52a83e76",
            "ticker": "KXHIGHMIA-25FEB12-B80.5",
            "count": 1,
            "created_time": "2025-02-11T23:42:32.463971Z",
            "yes_price": 25,
            "no_price": 75,
            "taker_side": "yes"
        },
        {
            "trade_id": "ae13dbe1-f243-4b6b-b84c-e8fc2824fcd7",
            "ticker": "KXHIGHMIA-25FEB12-B80.5",
            "count": 37,
            "created_time": "2025-02-11T23:40:03.175146Z",
            "yes_price": 24,
            "no_price": 76,
            "taker_side": "yes"
        },
        {
            "trade_id": "5ef4dc8b-e289-4918-9b90-6409b951e325",
            "ticker": "KXHIGHMIA-25FEB12-B80.5",
            "count": 2,
            "created_time": "2025-02-11T23:40:03.175146Z",
            "yes_price": 26,
            "no_price": 74,
            "taker_side": "yes"
        },
        {
            "trade_id": "c24b4e91-1dd1-48f2-8e88-94def6615280",
            "ticker": "KXHIGHMIA-25FEB12-B80.5",
            "count": 240,
            "created_time": "2025-02-11T23:38:35.564302Z",
            "yes_price": 24,
            "no_price": 76,
            "taker_side": "yes"
        },
        {
            "trade_id": "56b106db-4e1b-4710-a202-a33438dc28f0",
            "ticker": "KXHIGHMIA-25FEB12-B80.5",
            "count": 8,
            "created_time": "2025-02-11T23:38:35.564302Z",
            "yes_price": 26,
            "no_price": 74,
            "taker_side": "yes"
        },
        {
            "trade_id": "397793bc-d68f-4b30-8b29-0636adfc8948",
            "ticker": "KXHIGHMIA-25FEB12-B80.5",
            "count": 2,
            "created_time": "2025-02-11T23:38:35.564302Z",
            "yes_price": 22,
            "no_price": 78,
            "taker_side": "yes"
        },
        {
            "trade_id": "a4d29404-be98-410b-97c3-57e4d058c4d5",
            "ticker": "KXHIGHMIA-25FEB12-B80.5",
            "count": 1,
            "created_time": "2025-02-11T23:31:07.459335Z",
            "yes_price": 24,
            "no_price": 76,
            "taker_side": "yes"
        },
        {
            "trade_id": "4f93bee1-337b-4514-89b0-f075e9f8b567",
            "ticker": "KXHIGHMIA-25FEB12-B80.5",
            "count": 23,
            "created_time": "2025-02-11T23:31:07.459335Z",
            "yes_price": 23,
            "no_price": 77,
            "taker_side": "yes"
        },
        {
            "trade_id": "171bb37e-63bf-4e37-a337-a2da9f77a313",
            "ticker": "KXHIGHMIA-25FEB12-B80.5",
            "count": 17,
            "created_time": "2025-02-11T23:31:07.459335Z",
            "yes_price": 22,
            "no_price": 78,
            "taker_side": "yes"
        },
        {
            "trade_id": "bb1a4508-4457-42ed-99bf-843849be05d2",
            "ticker": "KXHIGHMIA-25FEB12-B80.5",
            "count": 53,
            "created_time": "2025-02-11T23:27:27.658564Z",
            "yes_price": 22,
            "no_price": 78,
            "taker_side": "yes"
        },
        {
            "trade_id": "b27e9852-20b6-4ff6-ae00-f240f5cb2d54",
            "ticker": "KXHIGHMIA-25FEB12-B80.5",
            "count": 85,
            "created_time": "2025-02-11T23:27:27.658564Z",
            "yes_price": 24,
            "no_price": 76,
            "taker_side": "yes"
        },
        {
            "trade_id": "6a730fa6-a449-4e76-ac7e-42638ca6f4b1",
            "ticker": "KXHIGHMIA-25FEB12-B80.5",
            "count": 12,
            "created_time": "2025-02-11T23:27:27.658564Z",
            "yes_price": 24,
            "no_price": 76,
            "taker_side": "yes"
        },
        {
            "trade_id": "eda919fe-41c9-4c47-be17-1ea6ccc5a677",
            "ticker": "KXHIGHMIA-25FEB12-B80.5",
            "count": 5,
            "created_time": "2025-02-11T23:26:09.673388Z",
            "yes_price": 22,
            "no_price": 78,
            "taker_side": "yes"
        },
        {
            "trade_id": "738f230b-fd84-4d8d-a8ad-309d108f7c00",
            "ticker": "KXHIGHMIA-25FEB12-B80.5",
            "count": 8,
            "created_time": "2025-02-11T23:26:09.673388Z",
            "yes_price": 20,
            "no_price": 80,
            "taker_side": "yes"
        },
        {
            "trade_id": "d48291fd-4925-4395-9024-bf30ef81d49b",
            "ticker": "KXHIGHMIA-25FEB12-B80.5",
            "count": 47,
            "created_time": "2025-02-11T23:10:03.117324Z",
            "yes_price": 22,
            "no_price": 78,
            "taker_side": "yes"
        },
        {
            "trade_id": "73dec671-1de9-4441-bbb6-fb74df0c26c2",
            "ticker": "KXHIGHMIA-25FEB12-B80.5",
            "count": 17,
            "created_time": "2025-02-11T22:46:01.940905Z",
            "yes_price": 20,
            "no_price": 80,
            "taker_side": "yes"
        },
        {
            "trade_id": "3547b266-2660-4153-b159-0c90c2a3f8d3",
            "ticker": "KXHIGHMIA-25FEB12-B80.5",
            "count": 49,
            "created_time": "2025-02-11T22:46:01.940905Z",
            "yes_price": 22,
            "no_price": 78,
            "taker_side": "yes"
        },
        {
            "trade_id": "acbe1e22-68ae-4d54-82ee-622603359fef",
            "ticker": "KXHIGHMIA-25FEB12-B80.5",
            "count": 43,
            "created_time": "2025-02-11T22:35:12.155468Z",
            "yes_price": 22,
            "no_price": 78,
            "taker_side": "yes"
        },
        {
            "trade_id": "a002bf02-f7f5-488e-8462-ab524b676852",
            "ticker": "KXHIGHMIA-25FEB12-B80.5",
            "count": 47,
            "created_time": "2025-02-11T22:34:29.632738Z",
            "yes_price": 20,
            "no_price": 80,
            "taker_side": "yes"
        },
        {
            "trade_id": "ce1be41b-70fc-46b3-a2fc-8a96ca9718d0",
            "ticker": "KXHIGHMIA-25FEB12-B80.5",
            "count": 12,
            "created_time": "2025-02-11T22:34:23.276106Z",
            "yes_price": 21,
            "no_price": 79,
            "taker_side": "yes"
        },
        {
            "trade_id": "aad5d866-bb72-4fef-a985-a42255ae7f89",
            "ticker": "KXHIGHMIA-25FEB12-B80.5",
            "count": 18,
            "created_time": "2025-02-11T22:34:23.276106Z",
            "yes_price": 22,
            "no_price": 78,
            "taker_side": "yes"
        },
        {
            "trade_id": "e90567f4-393a-4cb9-9d38-63e3ff98a493",
            "ticker": "KXHIGHMIA-25FEB12-B80.5",
            "count": 156,
            "created_time": "2025-02-11T22:33:25.614751Z",
            "yes_price": 20,
            "no_price": 80,
            "taker_side": "yes"
        },
        {
            "trade_id": "84227fbb-a055-4034-b6e7-1a43d2896bf7",
            "ticker": "KXHIGHMIA-25FEB12-B80.5",
            "count": 57,
            "created_time": "2025-02-11T22:33:25.614751Z",
            "yes_price": 18,
            "no_price": 82,
            "taker_side": "yes"
        },
        {
            "trade_id": "08d42f5c-9274-450a-8164-6d7e23c373d1",
            "ticker": "KXHIGHMIA-25FEB12-B80.5",
            "count": 52,
            "created_time": "2025-02-11T22:32:48.938963Z",
            "yes_price": 18,
            "no_price": 82,
            "taker_side": "yes"
        },
        {
            "trade_id": "c38852b3-4f31-4e65-8479-66d03c07a1b5",
            "ticker": "KXHIGHMIA-25FEB12-B80.5",
            "count": 96,
            "created_time": "2025-02-11T22:29:48.97921Z",
            "yes_price": 18,
            "no_price": 82,
            "taker_side": "yes"
        },
        {
            "trade_id": "bbda1ba7-ca37-429a-bc01-eb4bdc69dd8a",
            "ticker": "KXHIGHMIA-25FEB12-B80.5",
            "count": 2,
            "created_time": "2025-02-11T22:15:53.379176Z",
            "yes_price": 13,
            "no_price": 87,
            "taker_side": "yes"
        },
        {
            "trade_id": "5eeac3fc-c36d-4d1e-9e4c-532ae3ea3212",
            "ticker": "KXHIGHMIA-25FEB12-B80.5",
            "count": 15,
            "created_time": "2025-02-11T22:15:53.379176Z",
            "yes_price": 13,
            "no_price": 87,
            "taker_side": "yes"
        },
        {
            "trade_id": "668d870b-e08b-44ff-9de0-16413554b816",
            "ticker": "KXHIGHMIA-25FEB12-B80.5",
            "count": 36,
            "created_time": "2025-02-11T22:08:05.139628Z",
            "yes_price": 13,
            "no_price": 87,
            "taker_side": "yes"
        },
        {
            "trade_id": "7fbe5468-fab5-494b-bda1-5a2a9eddae92",
            "ticker": "KXHIGHMIA-25FEB12-B80.5",
            "count": 18,
            "created_time": "2025-02-11T21:27:27.863617Z",
            "yes_price": 16,
            "no_price": 84,
            "taker_side": "yes"
        },
        {
            "trade_id": "19058f24-79e4-4a64-aaa2-d019abe07bad",
            "ticker": "KXHIGHMIA-25FEB12-B80.5",
            "count": 25,
            "created_time": "2025-02-11T21:16:59.719137Z",
            "yes_price": 14,
            "no_price": 86,
            "taker_side": "yes"
        },
        {
            "trade_id": "0f925116-f755-4d4c-9e07-acf6f2b72d1d",
            "ticker": "KXHIGHMIA-25FEB12-B80.5",
            "count": 10,
            "created_time": "2025-02-11T21:16:59.719137Z",
            "yes_price": 14,
            "no_price": 86,
            "taker_side": "yes"
        },
        {
            "trade_id": "98163aa2-1af9-4d26-b12b-7f8b667a3279",
            "ticker": "KXHIGHMIA-25FEB12-B80.5",
            "count": 87,
            "created_time": "2025-02-11T21:14:46.423531Z",
            "yes_price": 15,
            "no_price": 85,
            "taker_side": "yes"
        },
        {
            "trade_id": "961d8102-b483-4525-b718-14729add40b5",
            "ticker": "KXHIGHMIA-25FEB12-B80.5",
            "count": 23,
            "created_time": "2025-02-11T21:14:46.423531Z",
            "yes_price": 11,
            "no_price": 89,
            "taker_side": "yes"
        },
        {
            "trade_id": "836e0584-8718-42a8-9b3c-9b2d6d8400bc",
            "ticker": "KXHIGHMIA-25FEB12-B80.5",
            "count": 240,
            "created_time": "2025-02-11T21:14:46.423531Z",
            "yes_price": 13,
            "no_price": 87,
            "taker_side": "yes"
        },
        {
            "trade_id": "78ebb64f-186c-4fc3-b72b-85fa7862b11e",
            "ticker": "KXHIGHMIA-25FEB12-B80.5",
            "count": 1,
            "created_time": "2025-02-11T21:14:46.423531Z",
            "yes_price": 11,
            "no_price": 89,
            "taker_side": "yes"
        },
        {
            "trade_id": "539883c1-f506-4bf4-a7d3-901f4a7f5d07",
            "ticker": "KXHIGHMIA-25FEB12-B80.5",
            "count": 2,
            "created_time": "2025-02-11T21:14:46.423531Z",
            "yes_price": 11,
            "no_price": 89,
            "taker_side": "yes"
        },
        {
            "trade_id": "5f94d550-4130-407f-91e3-69849d956962",
            "ticker": "KXHIGHMIA-25FEB12-B80.5",
            "count": 44,
            "created_time": "2025-02-11T21:00:41.663519Z",
            "yes_price": 9,
            "no_price": 91,
            "taker_side": "yes"
        },
        {
            "trade_id": "0aad6466-74d0-4f1d-a7e4-afa7a277497a",
            "ticker": "KXHIGHMIA-25FEB12-B80.5",
            "count": 4,
            "created_time": "2025-02-11T21:00:41.663519Z",
            "yes_price": 10,
            "no_price": 90,
            "taker_side": "yes"
        },
        {
            "trade_id": "4e4022b6-b750-4695-b713-f44dfe3aea73",
            "ticker": "KXHIGHMIA-25FEB12-B80.5",
            "count": 26,
            "created_time": "2025-02-11T20:43:54.803504Z",
            "yes_price": 13,
            "no_price": 87,
            "taker_side": "yes"
        },
        {
            "trade_id": "0224ec8b-d2a6-4988-ae35-bb2217b68073",
            "ticker": "KXHIGHMIA-25FEB12-B80.5",
            "count": 10,
            "created_time": "2025-02-11T20:43:54.803504Z",
            "yes_price": 13,
            "no_price": 87,
            "taker_side": "yes"
        },
        {
            "trade_id": "b817fe6b-4b92-4a40-89de-ba28268768a4",
            "ticker": "KXHIGHMIA-25FEB12-B80.5",
            "count": 36,
            "created_time": "2025-02-11T20:37:27.714213Z",
            "yes_price": 13,
            "no_price": 87,
            "taker_side": "yes"
        },
        {
            "trade_id": "43dbcd70-a605-4f48-8ff2-3914b3ec8249",
            "ticker": "KXHIGHMIA-25FEB12-B80.5",
            "count": 4,
            "created_time": "2025-02-11T20:13:24.359284Z",
            "yes_price": 9,
            "no_price": 91,
            "taker_side": "yes"
        },
        {
            "trade_id": "343c1c4c-3615-48fa-9357-6b5291027b98",
            "ticker": "KXHIGHMIA-25FEB12-B80.5",
            "count": 6,
            "created_time": "2025-02-11T20:13:24.359284Z",
            "yes_price": 9,
            "no_price": 91,
            "taker_side": "yes"
        },
        {
            "trade_id": "7888523d-f8b5-4f10-936a-a4c41cbed028",
            "ticker": "KXHIGHMIA-25FEB12-B80.5",
            "count": 11,
            "created_time": "2025-02-11T19:51:26.07516Z",
            "yes_price": 9,
            "no_price": 91,
            "taker_side": "no"
        },
        {
            "trade_id": "84941e19-c492-4004-815c-20d31cdc22ca",
            "ticker": "KXHIGHMIA-25FEB12-B80.5",
            "count": 34,
            "created_time": "2025-02-11T19:50:27.675963Z",
            "yes_price": 12,
            "no_price": 88,
            "taker_side": "yes"
        },
        {
            "trade_id": "60c0e390-9601-4fba-bb67-9d57b324f0b6",
            "ticker": "KXHIGHMIA-25FEB12-B80.5",
            "count": 119,
            "created_time": "2025-02-11T19:50:27.675963Z",
            "yes_price": 10,
            "no_price": 90,
            "taker_side": "yes"
        },
        {
            "trade_id": "b6d2a8cb-31a8-4916-af40-17ef45de82e0",
            "ticker": "KXHIGHMIA-25FEB12-B80.5",
            "count": 39,
            "created_time": "2025-02-11T19:48:53.948768Z",
            "yes_price": 9,
            "no_price": 91,
            "taker_side": "yes"
        },
        {
            "trade_id": "df56913e-4539-46ef-a528-50af2612de32",
            "ticker": "KXHIGHMIA-25FEB12-B80.5",
            "count": 36,
            "created_time": "2025-02-11T19:43:29.570218Z",
            "yes_price": 10,
            "no_price": 90,
            "taker_side": "yes"
        },
        {
            "trade_id": "de8ca65d-2fc0-4068-9131-e4d29bcf2ed3",
            "ticker": "KXHIGHMIA-25FEB12-B80.5",
            "count": 101,
            "created_time": "2025-02-11T19:43:29.570218Z",
            "yes_price": 12,
            "no_price": 88,
            "taker_side": "yes"
        },
        {
            "trade_id": "39022f1c-aca9-4b01-a78b-7216d4ddb3cc",
            "ticker": "KXHIGHMIA-25FEB12-B80.5",
            "count": 11,
            "created_time": "2025-02-11T19:43:29.570218Z",
            "yes_price": 10,
            "no_price": 90,
            "taker_side": "yes"
        },
        {
            "trade_id": "2712fe63-6eb1-4af9-b8e3-a811167aa2b5",
            "ticker": "KXHIGHMIA-25FEB12-B80.5",
            "count": 1,
            "created_time": "2025-02-11T19:43:29.570218Z",
            "yes_price": 10,
            "no_price": 90,
            "taker_side": "yes"
        },
        {
            "trade_id": "73f19659-0187-40fb-8984-df8076d56fe0",
            "ticker": "KXHIGHMIA-25FEB12-B80.5",
            "count": 2,
            "created_time": "2025-02-11T18:00:33.411641Z",
            "yes_price": 8,
            "no_price": 92,
            "taker_side": "no"
        },
        {
            "trade_id": "9465f6a4-6107-419a-8442-83c1d2eab68c",
            "ticker": "KXHIGHMIA-25FEB12-B80.5",
            "count": 48,
            "created_time": "2025-02-11T17:59:14.007152Z",
            "yes_price": 8,
            "no_price": 92,
            "taker_side": "yes"
        },
        {
            "trade_id": "03ad48dc-da49-4c1b-b4c9-ed5608e7a621",
            "ticker": "KXHIGHMIA-25FEB12-B80.5",
            "count": 7,
            "created_time": "2025-02-11T17:43:14.32934Z",
            "yes_price": 12,
            "no_price": 88,
            "taker_side": "yes"
        },
        {
            "trade_id": "f16dbfc9-2f24-444e-aac7-4de469e56b9d",
            "ticker": "KXHIGHMIA-25FEB12-B80.5",
            "count": 13,
            "created_time": "2025-02-11T17:18:11.873978Z",
            "yes_price": 13,
            "no_price": 87,
            "taker_side": "yes"
        },
        {
            "trade_id": "1be7edd5-3079-47a1-9010-f1c831e145c3",
            "ticker": "KXHIGHMIA-25FEB12-B80.5",
            "count": 1,
            "created_time": "2025-02-11T17:18:11.873978Z",
            "yes_price": 11,
            "no_price": 89,
            "taker_side": "yes"
        },
        {
            "trade_id": "7df355b2-8778-404d-9f6a-7065af4b2af9",
            "ticker": "KXHIGHMIA-25FEB12-B80.5",
            "count": 6,
            "created_time": "2025-02-11T16:38:03.911789Z",
            "yes_price": 9,
            "no_price": 91,
            "taker_side": "yes"
        },
        {
            "trade_id": "477a4425-5542-4959-ae43-77b9b8cf54a0",
            "ticker": "KXHIGHMIA-25FEB12-B80.5",
            "count": 46,
            "created_time": "2025-02-11T16:38:03.911789Z",
            "yes_price": 9,
            "no_price": 91,
            "taker_side": "yes"
        }
    ],
    "KXHIGHMIA-25FEB12-B82.5": [
        {
            "trade_id": "1b5d1c80-ca90-4485-ad70-6f8b34538a5b",
            "ticker": "KXHIGHMIA-25FEB12-B82.5",
            "count": 34,
            "created_time": "2025-02-13T03:32:40.220617Z",
            "yes_price": 99,
            "no_price": 1,
            "taker_side": "no"
        },
        {
            "trade_id": "b70c5066-791c-44b1-a7eb-6c177a70b317",
            "ticker": "KXHIGHMIA-25FEB12-B82.5",
            "count": 93,
            "created_time": "2025-02-13T03:12:27.53325Z",
            "yes_price": 99,
            "no_price": 1,
            "taker_side": "no"
        },
        {
            "trade_id": "1be011d5-3fbf-4ec9-bde9-21f3be35d62c",
            "ticker": "KXHIGHMIA-25FEB12-B82.5",
            "count": 467,
            "created_time": "2025-02-13T02:54:28.83397Z",
            "yes_price": 99,
            "no_price": 1,
            "taker_side": "no"
        },
        {
            "trade_id": "04d4b932-0428-405a-8a38-b5f64e467e16",
            "ticker": "KXHIGHMIA-25FEB12-B82.5",
            "count": 5,
            "created_time": "2025-02-13T02:37:30.474997Z",
            "yes_price": 99,
            "no_price": 1,
            "taker_side": "no"
        },
        {
            "trade_id": "4197710e-1b53-4805-a1d7-cd5e8340387c",
            "ticker": "KXHIGHMIA-25FEB12-B82.5",
            "count": 5,
            "created_time": "2025-02-13T02:05:15.776302Z",
            "yes_price": 99,
            "no_price": 1,
            "taker_side": "no"
        },
        {
            "trade_id": "81a931c8-2e53-46b1-ab6d-f28e40baa8ec",
            "ticker": "KXHIGHMIA-25FEB12-B82.5",
            "count": 93,
            "created_time": "2025-02-13T01:51:16.725463Z",
            "yes_price": 99,
            "no_price": 1,
            "taker_side": "no"
        },
        {
            "trade_id": "1a611932-628b-457e-b97a-e2be4b11c355",
            "ticker": "KXHIGHMIA-25FEB12-B82.5",
            "count": 200,
            "created_time": "2025-02-12T23:57:09.251981Z",
            "yes_price": 99,
            "no_price": 1,
            "taker_side": "no"
        },
        {
            "trade_id": "23d6f1fb-8a98-4942-97da-c9604b8958c4",
            "ticker": "KXHIGHMIA-25FEB12-B82.5",
            "count": 93,
            "created_time": "2025-02-12T23:21:19.53933Z",
            "yes_price": 99,
            "no_price": 1,
            "taker_side": "no"
        },
        {
            "trade_id": "75e304b1-1ec6-4753-9c04-85b235c8d7a3",
            "ticker": "KXHIGHMIA-25FEB12-B82.5",
            "count": 935,
            "created_time": "2025-02-12T22:52:44.95346Z",
            "yes_price": 99,
            "no_price": 1,
            "taker_side": "no"
        },
        {
            "trade_id": "a9419f29-30d5-4dbf-9c0b-0aedaf4c926d",
            "ticker": "KXHIGHMIA-25FEB12-B82.5",
            "count": 93,
            "created_time": "2025-02-12T22:41:21.132746Z",
            "yes_price": 99,
            "no_price": 1,
            "taker_side": "no"
        },
        {
            "trade_id": "fe8a2573-21e7-4329-a8a8-cf1c39b484a1",
            "ticker": "KXHIGHMIA-25FEB12-B82.5",
            "count": 600,
            "created_time": "2025-02-12T22:21:31.226148Z",
            "yes_price": 99,
            "no_price": 1,
            "taker_side": "no"
        },
        {
