{
    "KXHIGHMIA-25APR04-T81": [
        {
            "trade_id": "d6bba36d-28fb-4acc-b30d-b27988cf67e8",
            "ticker": "KXHIGHMIA-25APR04-T81",
            "count": 299,
            "created_time": "2025-04-04T03:02:45.240305Z",
            "yes_price": 5,
            "no_price": 95,
            "taker_side": "yes"
        },
        {
            "trade_id": "5974e848-8f1c-4844-bde0-258c8c82623f",
            "ticker": "KXHIGHMIA-25APR04-T81",
            "count": 58,
            "created_time": "2025-04-04T03:02:45.240305Z",
            "yes_price": 5,
            "no_price": 95,
            "taker_side": "yes"
        }
    ],
    "KXHIGHMIA-25APR04-B81.5": [
        {
            "trade_id": "33ad19b6-1ed3-4e25-b63c-1c8a25a92c70",
            "ticker": "KXHIGHMIA-25APR04-B81.5",
            "count": 467,
            "created_time": "2025-04-04T20:03:45.450531Z",
            "yes_price": 1,
            "no_price": 99,
            "taker_side": "yes"
        },
        {
            "trade_id": "61fa14f9-ff69-4249-ba83-05976ff632f6",
            "ticker": "KXHIGHMIA-25APR04-B81.5",
            "count": 935,
            "created_time": "2025-04-04T18:53:28.155701Z",
            "yes_price": 1,
            "no_price": 99,
            "taker_side": "yes"
        },
        {
            "trade_id": "ee30316d-87ea-47bc-9bea-55d596189e63",
            "ticker": "KXHIGHMIA-25APR04-B81.5",
            "count": 178,
            "created_time": "2025-04-04T18:49:15.931937Z",
            "yes_price": 1,
            "no_price": 99,
            "taker_side": "yes"
        },
        {
            "trade_id": "7036273e-ada8-486f-83d8-095b40b41b92",
            "ticker": "KXHIGHMIA-25APR04-B81.5",
            "count": 467,
            "created_time": "2025-04-04T18:12:57.969047Z",
            "yes_price": 1,
            "no_price": 99,
            "taker_side": "yes"
        },
        {
            "trade_id": "d98ad7a5-4873-46a0-9e09-43c9e23a9e36",
            "ticker": "KXHIGHMIA-25APR04-B81.5",
            "count": 93,
            "created_time": "2025-04-04T18:10:55.750431Z",
            "yes_price": 1,
            "no_price": 99,
            "taker_side": "yes"
        },
        {
            "trade_id": "032cb0df-7c75-42fd-af43-a5f11a522314",
            "ticker": "KXHIGHMIA-25APR04-B81.5",
            "count": 10,
            "created_time": "2025-04-04T17:17:23.095622Z",
            "yes_price": 1,
            "no_price": 99,
            "taker_side": "yes"
        },
        {
            "trade_id": "ee41ca35-e8e2-4517-995d-888c6c14a66f",
            "ticker": "KXHIGHMIA-25APR04-B81.5",
            "count": 100,
            "created_time": "2025-04-04T17:08:33.264931Z",
            "yes_price": 1,
            "no_price": 99,
            "taker_side": "yes"
        },
        {
            "trade_id": "b3645774-99b7-4479-be17-5f38aca752aa",
            "ticker": "KXHIGHMIA-25APR04-B81.5",
            "count": 69,
            "created_time": "2025-04-04T16:48:35.872184Z",
            "yes_price": 1,
            "no_price": 99,
            "taker_side": "no"
        },
        {
            "trade_id": "b0705fea-9001-4749-8cc2-45fe7d7bb05d",
            "ticker": "KXHIGHMIA-25APR04-B81.5",
            "count": 50,
            "created_time": "2025-04-04T16:48:35.872184Z",
            "yes_price": 2,
            "no_price": 98,
            "taker_side": "no"
        },
        {
            "trade_id": "1627a8d1-0166-4b09-bc8d-0fcd27b78803",
            "ticker": "KXHIGHMIA-25APR04-B81.5",
            "count": 50,
            "created_time": "2025-04-04T16:44:18.281966Z",
            "yes_price": 4,
            "no_price": 96,
            "taker_side": "no"
        },
        {
            "trade_id": "17f46082-8f62-415a-ba0a-d595a2ae04b5",
            "ticker": "KXHIGHMIA-25APR04-B81.5",
            "count": 50,
            "created_time": "2025-04-04T16:40:17.840506Z",
            "yes_price": 4,
            "no_price": 96,
            "taker_side": "no"
        },
        {
            "trade_id": "9e708f6f-0e2b-40f3-a101-31eabf8ea1a6",
            "ticker": "KXHIGHMIA-25APR04-B81.5",
            "count": 17,
            "created_time": "2025-04-04T16:33:32.92063Z",
            "yes_price": 11,
            "no_price": 89,
            "taker_side": "yes"
        },
        {
            "trade_id": "877351b3-296d-4203-933b-0e21ca4483bf",
            "ticker": "KXHIGHMIA-25APR04-B81.5",
            "count": 50,
            "created_time": "2025-04-04T16:33:32.92063Z",
            "yes_price": 13,
            "no_price": 87,
            "taker_side": "yes"
        },
        {
            "trade_id": "7bca5e3b-f684-4f0c-92fe-4499f5955c10",
            "ticker": "KXHIGHMIA-25APR04-B81.5",
            "count": 25,
            "created_time": "2025-04-04T16:33:32.92063Z",
            "yes_price": 12,
            "no_price": 88,
            "taker_side": "yes"
        },
        {
            "trade_id": "74bdf480-a043-4f06-8ac3-e53f72d14a99",
            "ticker": "KXHIGHMIA-25APR04-B81.5",
            "count": 11,
            "created_time": "2025-04-04T16:33:32.92063Z",
            "yes_price": 14,
            "no_price": 86,
            "taker_side": "yes"
        },
        {
            "trade_id": "32f85729-726f-4529-a63b-60b48792d4b3",
            "ticker": "KXHIGHMIA-25APR04-B81.5",
            "count": 9,
            "created_time": "2025-04-04T16:33:32.92063Z",
            "yes_price": 13,
            "no_price": 87,
            "taker_side": "yes"
        },
        {
            "trade_id": "fdb5f096-6667-4bad-8ce1-74cdbbd5f18f",
            "ticker": "KXHIGHMIA-25APR04-B81.5",
            "count": 36,
            "created_time": "2025-04-04T16:32:18.603903Z",
            "yes_price": 4,
            "no_price": 96,
            "taker_side": "no"
        },
        {
            "trade_id": "ee88c3ac-4542-4855-9c8a-25ae931d4047",
            "ticker": "KXHIGHMIA-25APR04-B81.5",
            "count": 2,
            "created_time": "2025-04-04T16:31:03.11218Z",
            "yes_price": 11,
            "no_price": 89,
            "taker_side": "yes"
        },
        {
            "trade_id": "8ead4722-863f-45ca-ba5a-6c941563eee8",
            "ticker": "KXHIGHMIA-25APR04-B81.5",
            "count": 50,
            "created_time": "2025-04-04T16:23:51.307413Z",
            "yes_price": 11,
            "no_price": 89,
            "taker_side": "yes"
        },
        {
            "trade_id": "d9a74e4e-3a3e-422e-aac0-3b162b9b9482",
            "ticker": "KXHIGHMIA-25APR04-B81.5",
            "count": 100,
            "created_time": "2025-04-04T16:11:54.19174Z",
            "yes_price": 13,
            "no_price": 87,
            "taker_side": "yes"
        },
        {
            "trade_id": "6dc2f7a8-d5eb-4fea-8971-d1fd6b8edffd",
            "ticker": "KXHIGHMIA-25APR04-B81.5",
            "count": 50,
            "created_time": "2025-04-04T16:11:54.19174Z",
            "yes_price": 10,
            "no_price": 90,
            "taker_side": "yes"
        },
        {
            "trade_id": "6441a73f-6d3a-4131-bcbc-31b02365f6ee",
            "ticker": "KXHIGHMIA-25APR04-B81.5",
            "count": 9,
            "created_time": "2025-04-04T16:11:54.19174Z",
            "yes_price": 13,
            "no_price": 87,
            "taker_side": "yes"
        },
        {
            "trade_id": "515a0b64-a047-4e97-aa90-2b868fc8aa5e",
            "ticker": "KXHIGHMIA-25APR04-B81.5",
            "count": 200,
            "created_time": "2025-04-04T16:11:54.19174Z",
            "yes_price": 13,
            "no_price": 87,
            "taker_side": "yes"
        },
        {
            "trade_id": "071c9c8c-ad1d-42b8-a2a1-680ff41aa4cf",
            "ticker": "KXHIGHMIA-25APR04-B81.5",
            "count": 19,
            "created_time": "2025-04-04T16:11:54.19174Z",
            "yes_price": 11,
            "no_price": 89,
            "taker_side": "yes"
        },
        {
            "trade_id": "456faf44-a72d-44fa-8306-63dbae6fcd9e",
            "ticker": "KXHIGHMIA-25APR04-B81.5",
            "count": 31,
            "created_time": "2025-04-04T16:07:01.68275Z",
            "yes_price": 1,
            "no_price": 99,
            "taker_side": "no"
        },
        {
            "trade_id": "08dfda4c-9582-4e43-b83d-d7291d11bd6b",
            "ticker": "KXHIGHMIA-25APR04-B81.5",
            "count": 1,
            "created_time": "2025-04-04T16:07:01.68275Z",
            "yes_price": 3,
            "no_price": 97,
            "taker_side": "no"
        },
        {
            "trade_id": "03db0726-ac73-4234-9cd1-51996be132ac",
            "ticker": "KXHIGHMIA-25APR04-B81.5",
            "count": 18,
            "created_time": "2025-04-04T16:07:01.68275Z",
            "yes_price": 2,
            "no_price": 98,
            "taker_side": "no"
        },
        {
            "trade_id": "a182cd5d-13de-4304-94a9-4cd8ead50b26",
            "ticker": "KXHIGHMIA-25APR04-B81.5",
            "count": 27,
            "created_time": "2025-04-04T16:06:19.200821Z",
            "yes_price": 13,
            "no_price": 87,
            "taker_side": "yes"
        },
        {
            "trade_id": "83144798-cbf4-4fa0-907b-0d361a5bcaf8",
            "ticker": "KXHIGHMIA-25APR04-B81.5",
            "count": 9,
            "created_time": "2025-04-04T16:06:19.200821Z",
            "yes_price": 12,
            "no_price": 88,
            "taker_side": "yes"
        },
        {
            "trade_id": "21e51dc1-fa4c-4afb-b72c-b73e4e6e22f4",
            "ticker": "KXHIGHMIA-25APR04-B81.5",
            "count": 39,
            "created_time": "2025-04-04T16:02:37.756712Z",
            "yes_price": 13,
            "no_price": 87,
            "taker_side": "yes"
        },
        {
            "trade_id": "f36b53e9-7192-4787-9d60-5ccabf02a212",
            "ticker": "KXHIGHMIA-25APR04-B81.5",
            "count": 100,
            "created_time": "2025-04-04T16:01:59.755419Z",
            "yes_price": 10,
            "no_price": 90,
            "taker_side": "yes"
        },
        {
            "trade_id": "f18077a9-4968-4575-9c95-b5059b444a2b",
            "ticker": "KXHIGHMIA-25APR04-B81.5",
            "count": 8,
            "created_time": "2025-04-04T16:01:59.755419Z",
            "yes_price": 13,
            "no_price": 87,
            "taker_side": "yes"
        },
        {
            "trade_id": "dfac67a7-cf66-41dd-89e3-02a6002904e2",
            "ticker": "KXHIGHMIA-25APR04-B81.5",
            "count": 22,
            "created_time": "2025-04-04T16:01:59.755419Z",
            "yes_price": 14,
            "no_price": 86,
            "taker_side": "yes"
        },
        {
            "trade_id": "baac17b5-5cbd-4cdb-8d7b-16944440bb1a",
            "ticker": "KXHIGHMIA-25APR04-B81.5",
            "count": 23,
            "created_time": "2025-04-04T16:01:59.755419Z",
            "yes_price": 10,
            "no_price": 90,
            "taker_side": "yes"
        },
        {
            "trade_id": "b169353f-c2f9-4f5a-9055-d362fe235642",
            "ticker": "KXHIGHMIA-25APR04-B81.5",
            "count": 13,
            "created_time": "2025-04-04T16:01:59.755419Z",
            "yes_price": 9,
            "no_price": 91,
            "taker_side": "yes"
        },
        {
            "trade_id": "6a93f1b6-7e89-4d72-a349-44d5221a4392",
            "ticker": "KXHIGHMIA-25APR04-B81.5",
            "count": 9,
            "created_time": "2025-04-04T16:01:59.755419Z",
            "yes_price": 13,
            "no_price": 87,
            "taker_side": "yes"
        },
        {
            "trade_id": "1e66fe4f-92dd-4775-9da2-c430f67565cb",
            "ticker": "KXHIGHMIA-25APR04-B81.5",
            "count": 26,
            "created_time": "2025-04-04T15:54:37.241717Z",
            "yes_price": 10,
            "no_price": 90,
            "taker_side": "yes"
        },
        {
            "trade_id": "be492406-6231-4b95-aff6-5f55cc59144d",
            "ticker": "KXHIGHMIA-25APR04-B81.5",
            "count": 94,
            "created_time": "2025-04-04T15:52:17.267804Z",
            "yes_price": 10,
            "no_price": 90,
            "taker_side": "yes"
        },
        {
            "trade_id": "cf6bd6c7-644f-4453-a90b-90fdcd304bad",
            "ticker": "KXHIGHMIA-25APR04-B81.5",
            "count": 50,
            "created_time": "2025-04-04T15:48:24.09872Z",
            "yes_price": 9,
            "no_price": 91,
            "taker_side": "yes"
        },
        {
            "trade_id": "bcd71493-708b-4c63-85fb-9db231d1cc1f",
            "ticker": "KXHIGHMIA-25APR04-B81.5",
            "count": 50,
            "created_time": "2025-04-04T15:48:24.09872Z",
            "yes_price": 9,
            "no_price": 91,
            "taker_side": "yes"
        },
        {
            "trade_id": "d7f6a831-da4e-4d99-8131-36d0fd56df21",
            "ticker": "KXHIGHMIA-25APR04-B81.5",
            "count": 99,
            "created_time": "2025-04-04T15:46:27.378254Z",
            "yes_price": 9,
            "no_price": 91,
            "taker_side": "yes"
        },
        {
            "trade_id": "8074d5dd-7881-4067-8833-42ed8be6f99e",
            "ticker": "KXHIGHMIA-25APR04-B81.5",
            "count": 1,
            "created_time": "2025-04-04T15:46:20.65723Z",
            "yes_price": 8,
            "no_price": 92,
            "taker_side": "yes"
        },
        {
            "trade_id": "1d1f6190-dbae-4413-94b2-ee1410d10050",
            "ticker": "KXHIGHMIA-25APR04-B81.5",
            "count": 27,
            "created_time": "2025-04-04T15:37:15.337335Z",
            "yes_price": 10,
            "no_price": 90,
            "taker_side": "yes"
        },
        {
            "trade_id": "02b3c6f5-8712-4ad1-b465-e3ddceee7064",
            "ticker": "KXHIGHMIA-25APR04-B81.5",
            "count": 50,
            "created_time": "2025-04-04T15:26:55.225416Z",
            "yes_price": 9,
            "no_price": 91,
            "taker_side": "yes"
        },
        {
            "trade_id": "afefe381-70d5-40ac-bff1-126c83fccdde",
            "ticker": "KXHIGHMIA-25APR04-B81.5",
            "count": 50,
            "created_time": "2025-04-04T15:20:37.053648Z",
            "yes_price": 9,
            "no_price": 91,
            "taker_side": "yes"
        },
        {
            "trade_id": "5c22b2fa-70b7-444a-b099-30b01b56c5ea",
            "ticker": "KXHIGHMIA-25APR04-B81.5",
            "count": 50,
            "created_time": "2025-04-04T15:20:37.053648Z",
            "yes_price": 9,
            "no_price": 91,
            "taker_side": "yes"
        },
        {
            "trade_id": "3e633727-30fa-4b55-b838-7634ea7b28bf",
            "ticker": "KXHIGHMIA-25APR04-B81.5",
            "count": 30,
            "created_time": "2025-04-04T15:17:03.3886Z",
            "yes_price": 10,
            "no_price": 90,
            "taker_side": "yes"
        },
        {
            "trade_id": "d31767c3-08f0-43c4-8b9f-ea8cc40ae119",
            "ticker": "KXHIGHMIA-25APR04-B81.5",
            "count": 50,
            "created_time": "2025-04-04T15:16:55.382469Z",
            "yes_price": 9,
            "no_price": 91,
            "taker_side": "yes"
        },
        {
            "trade_id": "5aabe792-665e-482e-abb9-defd413c297c",
            "ticker": "KXHIGHMIA-25APR04-B81.5",
            "count": 12,
            "created_time": "2025-04-04T15:16:55.382469Z",
            "yes_price": 9,
            "no_price": 91,
            "taker_side": "yes"
        },
        {
            "trade_id": "898bbe34-9371-4ee6-bff3-b3ed38f798e5",
            "ticker": "KXHIGHMIA-25APR04-B81.5",
            "count": 8,
            "created_time": "2025-04-04T15:16:14.865419Z",
            "yes_price": 4,
            "no_price": 96,
            "taker_side": "no"
        },
        {
            "trade_id": "faac000b-75a3-4f91-a282-d284d3b867d6",
            "ticker": "KXHIGHMIA-25APR04-B81.5",
            "count": 38,
            "created_time": "2025-04-04T15:07:19.014795Z",
            "yes_price": 9,
            "no_price": 91,
            "taker_side": "yes"
        },
        {
            "trade_id": "f1b83345-287a-4107-a87a-7470ed653203",
            "ticker": "KXHIGHMIA-25APR04-B81.5",
            "count": 10,
            "created_time": "2025-04-04T15:07:19.014795Z",
            "yes_price": 8,
            "no_price": 92,
            "taker_side": "yes"
        },
        {
            "trade_id": "c8ebd9f1-e23c-487f-9460-18dc83441dd0",
            "ticker": "KXHIGHMIA-25APR04-B81.5",
            "count": 19,
            "created_time": "2025-04-04T15:07:19.014795Z",
            "yes_price": 3,
            "no_price": 97,
            "taker_side": "yes"
        },
        {
            "trade_id": "c0b5ae9d-a513-4bc9-83da-b5c91b7aaf1f",
            "ticker": "KXHIGHMIA-25APR04-B81.5",
            "count": 50,
            "created_time": "2025-04-04T15:07:19.014795Z",
            "yes_price": 5,
            "no_price": 95,
            "taker_side": "yes"
        },
        {
            "trade_id": "44addaf1-ee3e-444a-8752-99eecc969088",
            "ticker": "KXHIGHMIA-25APR04-B81.5",
            "count": 50,
            "created_time": "2025-04-04T15:07:19.014795Z",
            "yes_price": 4,
            "no_price": 96,
            "taker_side": "yes"
        },
        {
            "trade_id": "52d76637-c65d-466c-9fa7-5ad64ef0be85",
            "ticker": "KXHIGHMIA-25APR04-B81.5",
            "count": 31,
            "created_time": "2025-04-04T14:59:34.148472Z",
            "yes_price": 3,
            "no_price": 97,
            "taker_side": "yes"
        },
        {
            "trade_id": "d984f834-ccaf-49f3-97c3-614fee9d47e2",
            "ticker": "KXHIGHMIA-25APR04-B81.5",
            "count": 50,
            "created_time": "2025-04-04T14:57:46.575456Z",
            "yes_price": 2,
            "no_price": 98,
            "taker_side": "yes"
        },
        {
            "trade_id": "d5a04054-bbfc-4376-b3ed-c24427edc747",
            "ticker": "KXHIGHMIA-25APR04-B81.5",
            "count": 1,
            "created_time": "2025-04-04T14:57:46.575456Z",
            "yes_price": 2,
            "no_price": 98,
            "taker_side": "yes"
        },
        {
            "trade_id": "f4cd7bf9-21b8-4cc7-b5a0-103a8acdf01b",
            "ticker": "KXHIGHMIA-25APR04-B81.5",
            "count": 21,
            "created_time": "2025-04-04T14:42:33.596181Z",
            "yes_price": 1,
            "no_price": 99,
            "taker_side": "no"
        },
        {
            "trade_id": "f27d9fdd-22ab-472c-abc1-89ac7331bb78",
            "ticker": "KXHIGHMIA-25APR04-B81.5",
            "count": 5,
            "created_time": "2025-04-04T14:42:32.821977Z",
            "yes_price": 1,
            "no_price": 99,
            "taker_side": "no"
        },
        {
            "trade_id": "5574b8e8-8f98-4833-8b8d-bed216df4947",
            "ticker": "KXHIGHMIA-25APR04-B81.5",
            "count": 18,
            "created_time": "2025-04-04T14:41:27.950913Z",
            "yes_price": 1,
            "no_price": 99,
            "taker_side": "no"
        },
        {
            "trade_id": "96ba12ef-d005-4a04-a0c1-3b601c35279d",
            "ticker": "KXHIGHMIA-25APR04-B81.5",
            "count": 3,
            "created_time": "2025-04-04T14:41:12.837645Z",
            "yes_price": 1,
            "no_price": 99,
            "taker_side": "no"
        },
        {
            "trade_id": "82e60601-98a7-4afb-9004-4a56e1da2ef8",
            "ticker": "KXHIGHMIA-25APR04-B81.5",
            "count": 1,
            "created_time": "2025-04-04T14:19:19.922702Z",
            "yes_price": 1,
            "no_price": 99,
            "taker_side": "no"
        },
        {
            "trade_id": "6a2acf33-9700-40df-8277-8a8f88708edc",
            "ticker": "KXHIGHMIA-25APR04-B81.5",
            "count": 1,
            "created_time": "2025-04-04T14:00:24.221197Z",
            "yes_price": 1,
            "no_price": 99,
            "taker_side": "no"
        },
        {
            "trade_id": "7bb22f69-a1cb-4b8a-8007-244ad06c9c28",
            "ticker": "KXHIGHMIA-25APR04-B81.5",
            "count": 5,
            "created_time": "2025-04-04T14:00:15.268673Z",
            "yes_price": 1,
            "no_price": 99,
            "taker_side": "no"
        },
        {
            "trade_id": "bdd79b13-9f11-4fea-baf5-750a97daf29b",
            "ticker": "KXHIGHMIA-25APR04-B81.5",
            "count": 9,
            "created_time": "2025-04-04T13:59:48.526381Z",
            "yes_price": 1,
            "no_price": 99,
            "taker_side": "no"
        },
        {
            "trade_id": "89540a2f-0b4f-4452-93ab-facb97710fad",
            "ticker": "KXHIGHMIA-25APR04-B81.5",
            "count": 13,
            "created_time": "2025-04-04T13:59:48.526381Z",
            "yes_price": 1,
            "no_price": 99,
            "taker_side": "no"
        },
        {
            "trade_id": "eb3d9a67-2c9c-44b3-8276-c9c5e42d0934",
            "ticker": "KXHIGHMIA-25APR04-B81.5",
            "count": 4,
            "created_time": "2025-04-04T13:58:07.87463Z",
            "yes_price": 1,
            "no_price": 99,
            "taker_side": "no"
        },
        {
            "trade_id": "769476cc-eafb-4449-ab50-db7f4bdb9f9a",
            "ticker": "KXHIGHMIA-25APR04-B81.5",
            "count": 23,
            "created_time": "2025-04-04T13:53:37.752678Z",
            "yes_price": 1,
            "no_price": 99,
            "taker_side": "no"
        },
        {
            "trade_id": "3d2d0cc4-8db0-4410-90de-66fffbe8d23d",
            "ticker": "KXHIGHMIA-25APR04-B81.5",
            "count": 51,
            "created_time": "2025-04-04T12:52:35.001313Z",
            "yes_price": 1,
            "no_price": 99,
            "taker_side": "no"
        },
        {
            "trade_id": "e39f05eb-4f9e-4e37-b7f3-dd81cf69a49f",
            "ticker": "KXHIGHMIA-25APR04-B81.5",
            "count": 7,
            "created_time": "2025-04-04T12:14:37.843175Z",
            "yes_price": 1,
            "no_price": 99,
            "taker_side": "no"
        },
        {
            "trade_id": "a9d47ef2-9742-4316-b322-a3850e2c64b0",
            "ticker": "KXHIGHMIA-25APR04-B81.5",
            "count": 2,
            "created_time": "2025-04-04T12:08:45.447845Z",
            "yes_price": 1,
            "no_price": 99,
            "taker_side": "no"
        },
        {
            "trade_id": "9f77765d-10af-4643-b203-93831c481bd9",
            "ticker": "KXHIGHMIA-25APR04-B81.5",
            "count": 1,
            "created_time": "2025-04-04T12:07:53.791968Z",
            "yes_price": 1,
            "no_price": 99,
            "taker_side": "no"
        },
        {
            "trade_id": "35f559e4-c2d1-45d5-ada9-5c3d33bccc4c",
            "ticker": "KXHIGHMIA-25APR04-B81.5",
            "count": 47,
            "created_time": "2025-04-04T12:04:45.057629Z",
            "yes_price": 1,
            "no_price": 99,
            "taker_side": "no"
        },
        {
            "trade_id": "b2a845c0-da76-4253-af07-bc0e2b2ae704",
            "ticker": "KXHIGHMIA-25APR04-B81.5",
            "count": 1,
            "created_time": "2025-04-04T12:03:26.185221Z",
            "yes_price": 1,
            "no_price": 99,
            "taker_side": "no"
        },
        {
            "trade_id": "91a19510-3292-4ef1-a032-89b9f131e018",
            "ticker": "KXHIGHMIA-25APR04-B81.5",
            "count": 50,
            "created_time": "2025-04-04T12:02:49.65948Z",
            "yes_price": 1,
            "no_price": 99,
            "taker_side": "no"
        },
        {
            "trade_id": "0a8621c9-bf1c-41d3-8b5b-2b794897bee0",
            "ticker": "KXHIGHMIA-25APR04-B81.5",
            "count": 1,
            "created_time": "2025-04-04T12:00:46.217701Z",
            "yes_price": 1,
            "no_price": 99,
            "taker_side": "no"
        },
        {
            "trade_id": "411908c6-227f-4ad6-92dd-f014983fdc98",
            "ticker": "KXHIGHMIA-25APR04-B81.5",
            "count": 7,
            "created_time": "2025-04-04T12:00:45.365114Z",
            "yes_price": 2,
            "no_price": 98,
            "taker_side": "no"
        },
        {
            "trade_id": "ae86dfa0-545e-42a3-9639-3133e7a64b81",
            "ticker": "KXHIGHMIA-25APR04-B81.5",
            "count": 1,
            "created_time": "2025-04-04T12:00:33.48776Z",
            "yes_price": 2,
            "no_price": 98,
            "taker_side": "no"
        },
        {
            "trade_id": "ec89853c-ddf3-4388-9124-67ac3db7d798",
            "ticker": "KXHIGHMIA-25APR04-B81.5",
            "count": 8,
            "created_time": "2025-04-04T03:57:26.256392Z",
            "yes_price": 2,
            "no_price": 98,
            "taker_side": "no"
        },
        {
            "trade_id": "aac76e99-1055-4a9a-8547-e2dd63774714",
            "ticker": "KXHIGHMIA-25APR04-B81.5",
            "count": 19,
            "created_time": "2025-04-04T03:57:25.353589Z",
            "yes_price": 3,
            "no_price": 97,
            "taker_side": "no"
        },
        {
            "trade_id": "ad33b1e8-6478-44f9-884b-fc0306593edc",
            "ticker": "KXHIGHMIA-25APR04-B81.5",
            "count": 5,
            "created_time": "2025-04-04T03:57:24.361134Z",
            "yes_price": 4,
            "no_price": 96,
            "taker_side": "no"
        },
        {
            "trade_id": "db5b6e9d-9178-476c-b682-9575925103d6",
            "ticker": "KXHIGHMIA-25APR04-B81.5",
            "count": 7,
            "created_time": "2025-04-04T03:57:23.462361Z",
            "yes_price": 4,
            "no_price": 96,
            "taker_side": "no"
        },
        {
            "trade_id": "98aaa8a2-e372-43be-8c1f-cf761832a150",
            "ticker": "KXHIGHMIA-25APR04-B81.5",
            "count": 1,
            "created_time": "2025-04-04T03:57:21.896378Z",
            "yes_price": 4,
            "no_price": 96,
            "taker_side": "no"
        },
        {
            "trade_id": "cc0308a0-552f-4f64-b72d-67b606198efa",
            "ticker": "KXHIGHMIA-25APR04-B81.5",
            "count": 17,
            "created_time": "2025-04-04T03:57:21.570635Z",
            "yes_price": 5,
            "no_price": 95,
            "taker_side": "no"
        },
        {
            "trade_id": "f1ee79b6-727d-40e3-8a1a-ff13a630b8f1",
            "ticker": "KXHIGHMIA-25APR04-B81.5",
            "count": 9,
            "created_time": "2025-04-04T03:25:12.383328Z",
            "yes_price": 7,
            "no_price": 93,
            "taker_side": "yes"
        },
        {
            "trade_id": "9ba8d71b-d6a9-4f38-9a0a-1ae59d829e1a",
            "ticker": "KXHIGHMIA-25APR04-B81.5",
            "count": 2,
            "created_time": "2025-04-04T03:25:12.383328Z",
            "yes_price": 7,
            "no_price": 93,
            "taker_side": "yes"
        },
        {
            "trade_id": "3f5620a0-5708-47e2-ab4e-36fa6c95109b",
            "ticker": "KXHIGHMIA-25APR04-B81.5",
            "count": 36,
            "created_time": "2025-04-04T03:25:12.383328Z",
            "yes_price": 7,
            "no_price": 93,
            "taker_side": "yes"
        },
        {
            "trade_id": "91cd65b7-e399-4782-b2cd-d40a9c69c5fc",
            "ticker": "KXHIGHMIA-25APR04-B81.5",
            "count": 32,
            "created_time": "2025-04-04T01:10:49.152587Z",
            "yes_price": 11,
            "no_price": 89,
            "taker_side": "yes"
        },
        {
            "trade_id": "74189b94-9c07-4c3d-b339-10287e08b113",
            "ticker": "KXHIGHMIA-25APR04-B81.5",
            "count": 8,
            "created_time": "2025-04-04T01:10:49.152587Z",
            "yes_price": 9,
            "no_price": 91,
            "taker_side": "yes"
        },
        {
            "trade_id": "3a9c758b-6a04-43bd-8939-4f1ac2d51c62",
            "ticker": "KXHIGHMIA-25APR04-B81.5",
            "count": 7,
            "created_time": "2025-04-03T19:50:37.812591Z",
            "yes_price": 12,
            "no_price": 88,
            "taker_side": "yes"
        },
        {
            "trade_id": "734f498d-1d80-4ef7-a518-57fbc59fd37d",
            "ticker": "KXHIGHMIA-25APR04-B81.5",
            "count": 2,
            "created_time": "2025-04-03T18:30:23.633072Z",
            "yes_price": 6,
            "no_price": 94,
            "taker_side": "yes"
        },
        {
            "trade_id": "e65b6dfb-9c6a-4b32-bd2f-39282cd137e3",
            "ticker": "KXHIGHMIA-25APR04-B81.5",
            "count": 42,
            "created_time": "2025-04-03T18:27:20.472412Z",
            "yes_price": 6,
            "no_price": 94,
            "taker_side": "yes"
        },
        {
            "trade_id": "bf0a3abf-17e7-419b-b320-c95430706e69",
            "ticker": "KXHIGHMIA-25APR04-B81.5",
            "count": 1,
            "created_time": "2025-04-03T17:48:16.018819Z",
            "yes_price": 6,
            "no_price": 94,
            "taker_side": "yes"
        },
        {
            "trade_id": "efbdcd69-f4d8-4b80-97cf-bb3a16144494",
            "ticker": "KXHIGHMIA-25APR04-B81.5",
            "count": 10,
            "created_time": "2025-04-03T17:48:00.90151Z",
            "yes_price": 6,
            "no_price": 94,
            "taker_side": "yes"
        },
        {
            "trade_id": "e0713a37-1268-4f86-8f4f-0ebd6d8deb54",
            "ticker": "KXHIGHMIA-25APR04-B81.5",
            "count": 4,
            "created_time": "2025-04-03T17:15:36.8779Z",
            "yes_price": 6,
            "no_price": 94,
            "taker_side": "yes"
        }
    ],
    "KXHIGHMIA-25APR04-B83.5": [
        {
            "trade_id": "c649f3c9-7e63-4d48-ad6a-93db5419a94e",
            "ticker": "KXHIGHMIA-25APR04-B83.5",
            "count": 44,
            "created_time": "2025-04-05T03:54:13.952686Z",
            "yes_price": 1,
            "no_price": 99,
            "taker_side": "yes"
        },
        {
            "trade_id": "196adee4-2597-459f-91c2-67c2c388c755",
            "ticker": "KXHIGHMIA-25APR04-B83.5",
            "count": 120,
            "created_time": "2025-04-05T03:21:33.145273Z",
            "yes_price": 1,
            "no_price": 99,
            "taker_side": "yes"
        },
        {
            "trade_id": "b5dc1960-caa1-4da1-a592-7af0796bbc94",
            "ticker": "KXHIGHMIA-25APR04-B83.5",
            "count": 85,
            "created_time": "2025-04-04T21:44:26.824804Z",
            "yes_price": 1,
            "no_price": 99,
            "taker_side": "yes"
        },
        {
            "trade_id": "02904995-25c9-44e5-bd31-73baa2202978",
            "ticker": "KXHIGHMIA-25APR04-B83.5",
            "count": 162,
            "created_time": "2025-04-04T20:29:18.648952Z",
            "yes_price": 1,
            "no_price": 99,
            "taker_side": "yes"
        },
        {
            "trade_id": "d0bd98a2-c2f4-448c-9a9b-8548e77a14b2",
            "ticker": "KXHIGHMIA-25APR04-B83.5",
            "count": 467,
            "created_time": "2025-04-04T20:29:04.009303Z",
            "yes_price": 1,
            "no_price": 99,
            "taker_side": "yes"
        },
        {
            "trade_id": "4b470785-9144-452d-a36d-589ae0437c48",
            "ticker": "KXHIGHMIA-25APR04-B83.5",
            "count": 916,
            "created_time": "2025-04-04T20:18:26.02108Z",
            "yes_price": 1,
            "no_price": 99,
            "taker_side": "yes"
        },
        {
            "trade_id": "4e2c4579-fe83-429c-985e-846612710f6b",
            "ticker": "KXHIGHMIA-25APR04-B83.5",
            "count": 45,
            "created_time": "2025-04-04T20:12:55.979217Z",
            "yes_price": 1,
            "no_price": 99,
            "taker_side": "yes"
        },
        {
            "trade_id": "acef8942-9dfd-423f-aad9-0dbf7bf55bb1",
            "ticker": "KXHIGHMIA-25APR04-B83.5",
            "count": 55,
            "created_time": "2025-04-04T20:12:52.748585Z",
            "yes_price": 1,
            "no_price": 99,
            "taker_side": "yes"
        },
        {
            "trade_id": "c717ba49-444e-46b2-b838-f735f571603e",
            "ticker": "KXHIGHMIA-25APR04-B83.5",
            "count": 200,
            "created_time": "2025-04-04T20:12:12.45419Z",
            "yes_price": 1,
            "no_price": 99,
            "taker_side": "no"
        },
        {
            "trade_id": "7a05a41b-9bd9-4859-ad5e-7230319f1e89",
            "ticker": "KXHIGHMIA-25APR04-B83.5",
            "count": 90,
            "created_time": "2025-04-04T20:12:12.45419Z",
            "yes_price": 1,
            "no_price": 99,
            "taker_side": "no"
        },
        {
            "trade_id": "68291d6f-1b8b-4c1b-a12f-f30816f4c2e2",
            "ticker": "KXHIGHMIA-25APR04-B83.5",
            "count": 714,
            "created_time": "2025-04-04T20:12:12.45419Z",
            "yes_price": 1,
            "no_price": 99,
            "taker_side": "no"
        },
        {
            "trade_id": "d74d2c8f-06b0-4469-b70d-62b618c6bb28",
            "ticker": "KXHIGHMIA-25APR04-B83.5",
            "count": 10,
            "created_time": "2025-04-04T20:12:07.60578Z",
            "yes_price": 1,
            "no_price": 99,
            "taker_side": "no"
        },
        {
            "trade_id": "4da3c9d7-781e-4f91-8eda-19861b95226c",
            "ticker": "KXHIGHMIA-25APR04-B83.5",
            "count": 5,
            "created_time": "2025-04-04T20:12:06.970845Z",
            "yes_price": 3,
            "no_price": 97,
            "taker_side": "no"
        },
        {
            "trade_id": "2df2692d-73c7-4d61-8ac0-b0e1d193e204",
            "ticker": "KXHIGHMIA-25APR04-B83.5",
            "count": 50,
            "created_time": "2025-04-04T20:12:06.970845Z",
            "yes_price": 2,
            "no_price": 98,
            "taker_side": "no"
        },
        {
            "trade_id": "e07b8954-8803-41b2-8ed4-4a9629270e87",
            "ticker": "KXHIGHMIA-25APR04-B83.5",
            "count": 244,
            "created_time": "2025-04-04T20:12:05.300352Z",
            "yes_price": 6,
            "no_price": 94,
            "taker_side": "yes"
        },
        {
            "trade_id": "ffc65759-173d-4f31-ad78-721731eae006",
            "ticker": "KXHIGHMIA-25APR04-B83.5",
            "count": 50,
            "created_time": "2025-04-04T20:12:05.206818Z",
            "yes_price": 54,
            "no_price": 46,
            "taker_side": "no"
        },
        {
            "trade_id": "e1ff8c06-4fc1-4cb4-9393-8e3d640d670e",
            "ticker": "KXHIGHMIA-25APR04-B83.5",
            "count": 9,
            "created_time": "2025-04-04T20:12:05.206818Z",
            "yes_price": 53,
            "no_price": 47,
            "taker_side": "no"
        },
        {
            "trade_id": "cddebeab-e2be-4475-a40c-c06fc63a10f6",
            "ticker": "KXHIGHMIA-25APR04-B83.5",
            "count": 100,
            "created_time": "2025-04-04T20:12:05.206818Z",
            "yes_price": 8,
            "no_price": 92,
            "taker_side": "no"
        },
        {
            "trade_id": "c72bdffa-c40e-40b4-92c8-cc2d9d51bf66",
            "ticker": "KXHIGHMIA-25APR04-B83.5",
            "count": 19,
            "created_time": "2025-04-04T20:12:05.206818Z",
            "yes_price": 9,
            "no_price": 91,
            "taker_side": "no"
        },
        {
            "trade_id": "7a341d0d-d509-4d60-ae23-32a98fe0bfa4",
            "ticker": "KXHIGHMIA-25APR04-B83.5",
            "count": 50,
            "created_time": "2025-04-04T20:12:05.206818Z",
            "yes_price": 25,
            "no_price": 75,
            "taker_side": "no"
        },
        {
            "trade_id": "741ac536-0932-4b61-8d4a-9d4adb79c11e",
            "ticker": "KXHIGHMIA-25APR04-B83.5",
            "count": 5,
            "created_time": "2025-04-04T20:12:05.206818Z",
            "yes_price": 53,
            "no_price": 47,
            "taker_side": "no"
        },
        {
            "trade_id": "674d5360-4ca6-4ee5-9540-6f61dd2c2add",
            "ticker": "KXHIGHMIA-25APR04-B83.5",
            "count": 19,
            "created_time": "2025-04-04T20:12:05.206818Z",
            "yes_price": 26,
            "no_price": 74,
            "taker_side": "no"
        },
        {
            "trade_id": "33e1f566-edf2-47ad-94ba-d325b848cc08",
            "ticker": "KXHIGHMIA-25APR04-B83.5",
            "count": 143,
            "created_time": "2025-04-04T20:12:05.206818Z",
            "yes_price": 25,
            "no_price": 75,
            "taker_side": "no"
        },
        {
            "trade_id": "2afb0ade-bbe3-4c06-9080-1f581fee894c",
            "ticker": "KXHIGHMIA-25APR04-B83.5",
            "count": 6,
            "created_time": "2025-04-04T20:12:05.206818Z",
            "yes_price": 53,
            "no_price": 47,
            "taker_side": "no"
        },
        {
            "trade_id": "55f37e53-0e18-42a9-9b53-5c23c831381d",
            "ticker": "KXHIGHMIA-25APR04-B83.5",
            "count": 116,
            "created_time": "2025-04-04T20:09:09.100427Z",
            "yes_price": 85,
            "no_price": 15,
            "taker_side": "yes"
        },
        {
            "trade_id": "6588ec30-7033-4a3a-8fdd-f17b380dd8d4",
            "ticker": "KXHIGHMIA-25APR04-B83.5",
            "count": 50,
            "created_time": "2025-04-04T20:06:56.813696Z",
            "yes_price": 82,
            "no_price": 18,
            "taker_side": "yes"
        },
        {
            "trade_id": "c06899d8-f7ba-46e4-8272-51805326c648",
            "ticker": "KXHIGHMIA-25APR04-B83.5",
            "count": 1,
            "created_time": "2025-04-04T20:04:34.648263Z",
            "yes_price": 80,
            "no_price": 20,
            "taker_side": "no"
        },
        {
            "trade_id": "be62f84f-b07b-4174-a2bc-aa27a537f640",
            "ticker": "KXHIGHMIA-25APR04-B83.5",
            "count": 14,
            "created_time": "2025-04-04T20:01:11.661286Z",
            "yes_price": 81,
            "no_price": 19,
            "taker_side": "yes"
        },
        {
            "trade_id": "5de5919c-b807-4716-a6f2-87f116702057",
            "ticker": "KXHIGHMIA-25APR04-B83.5",
            "count": 46,
            "created_time": "2025-04-04T20:01:11.661286Z",
            "yes_price": 82,
            "no_price": 18,
            "taker_side": "yes"
        },
        {
            "trade_id": "ed216582-fa2f-4ea0-9bcd-802133e9aaa2",
            "ticker": "KXHIGHMIA-25APR04-B83.5",
            "count": 250,
            "created_time": "2025-04-04T19:43:17.852101Z",
            "yes_price": 84,
            "no_price": 16,
            "taker_side": "yes"
        },
        {
            "trade_id": "ab9dab6e-0246-4881-8309-3b114c5e470f",
            "ticker": "KXHIGHMIA-25APR04-B83.5",
            "count": 25,
            "created_time": "2025-04-04T19:42:46.142246Z",
            "yes_price": 79,
            "no_price": 21,
            "taker_side": "no"
        },
        {
            "trade_id": "7a85cd68-3290-4266-9dbf-5818e340d4bc",
            "ticker": "KXHIGHMIA-25APR04-B83.5",
            "count": 14,
            "created_time": "2025-04-04T19:42:46.142246Z",
            "yes_price": 79,
            "no_price": 21,
            "taker_side": "no"
        },
        {
            "trade_id": "c16ae229-eff8-4d5f-9328-2012aa7d263c",
            "ticker": "KXHIGHMIA-25APR04-B83.5",
            "count": 300,
            "created_time": "2025-04-04T19:42:22.501154Z",
            "yes_price": 85,
            "no_price": 15,
            "taker_side": "yes"
        },
        {
            "trade_id": "e9a0cb4e-62d4-4154-ba5a-a5d4796cd164",
            "ticker": "KXHIGHMIA-25APR04-B83.5",
            "count": 15,
            "created_time": "2025-04-04T19:37:55.839403Z",
            "yes_price": 84,
            "no_price": 16,
            "taker_side": "yes"
        },
        {
            "trade_id": "deb9b4b4-c440-4f57-a996-d5b20d3b8abc",
            "ticker": "KXHIGHMIA-25APR04-B83.5",
            "count": 5,
            "created_time": "2025-04-04T19:37:55.839403Z",
            "yes_price": 88,
            "no_price": 12,
            "taker_side": "yes"
        },
        {
            "trade_id": "a75d9a60-6199-47ef-9839-6cd8106be3f4",
            "ticker": "KXHIGHMIA-25APR04-B83.5",
            "count": 5,
            "created_time": "2025-04-04T19:37:55.839403Z",
            "yes_price": 84,
            "no_price": 16,
            "taker_side": "yes"
        },
        {
            "trade_id": "66e52203-47b8-4583-a135-867720cebbe8",
            "ticker": "KXHIGHMIA-25APR04-B83.5",
            "count": 5,
            "created_time": "2025-04-04T19:37:55.839403Z",
            "yes_price": 84,
            "no_price": 16,
            "taker_side": "yes"
        },
        {
            "trade_id": "4bfd92e0-c395-40e3-a87b-1001d9e79a63",
            "ticker": "KXHIGHMIA-25APR04-B83.5",
            "count": 65,
            "created_time": "2025-04-04T19:37:55.839403Z",
            "yes_price": 85,
            "no_price": 15,
            "taker_side": "yes"
        },
        {
            "trade_id": "1653df8d-f78c-4bd2-8af2-7791e7a91869",
            "ticker": "KXHIGHMIA-25APR04-B83.5",
            "count": 20,
            "created_time": "2025-04-04T19:37:55.839403Z",
            "yes_price": 88,
            "no_price": 12,
            "taker_side": "yes"
        },
        {
            "trade_id": "44dfb85b-8abe-4ad3-b3ae-ab6eaacd23ee",
            "ticker": "KXHIGHMIA-25APR04-B83.5",
            "count": 40,
            "created_time": "2025-04-04T19:35:05.294175Z",
            "yes_price": 60,
            "no_price": 40,
            "taker_side": "yes"
        },
        {
            "trade_id": "9b63350c-bdcc-4f33-b6ed-0d771cdf4b6d",
            "ticker": "KXHIGHMIA-25APR04-B83.5",
            "count": 10,
            "created_time": "2025-04-04T19:35:05.089804Z",
            "yes_price": 60,
            "no_price": 40,
            "taker_side": "no"
        },
        {
            "trade_id": "e2f9af45-21f2-4801-941d-11982a9494e0",
            "ticker": "KXHIGHMIA-25APR04-B83.5",
            "count": 15,
            "created_time": "2025-04-04T19:33:39.480671Z",
            "yes_price": 84,
            "no_price": 16,
            "taker_side": "yes"
        },
        {
            "trade_id": "5bd581c9-765f-4a4d-990c-932b736dd1f6",
            "ticker": "KXHIGHMIA-25APR04-B83.5",
            "count": 25,
            "created_time": "2025-04-04T19:33:39.480671Z",
            "yes_price": 84,
            "no_price": 16,
            "taker_side": "yes"
        },
        {
            "trade_id": "498d86c8-94ee-4868-845b-a151f637bc27",
            "ticker": "KXHIGHMIA-25APR04-B83.5",
            "count": 185,
            "created_time": "2025-04-04T19:33:39.480671Z",
            "yes_price": 85,
            "no_price": 15,
            "taker_side": "yes"
        },
        {
            "trade_id": "18af5d61-168f-4782-abb9-7885f5050766",
            "ticker": "KXHIGHMIA-25APR04-B83.5",
            "count": 25,
            "created_time": "2025-04-04T19:33:39.480671Z",
            "yes_price": 84,
            "no_price": 16,
            "taker_side": "yes"
        },
        {
            "trade_id": "fc30372f-7a36-40a7-943c-15da7c222bbb",
            "ticker": "KXHIGHMIA-25APR04-B83.5",
            "count": 26,
            "created_time": "2025-04-04T19:27:36.161734Z",
            "yes_price": 56,
            "no_price": 44,
            "taker_side": "no"
        },
        {
            "trade_id": "e92502f6-1424-4aec-a43b-480bc913e284",
            "ticker": "KXHIGHMIA-25APR04-B83.5",
            "count": 15,
            "created_time": "2025-04-04T19:27:36.161734Z",
            "yes_price": 71,
            "no_price": 29,
            "taker_side": "no"
        },
        {
            "trade_id": "a41dbd97-4e72-4293-acb8-b09edabdae63",
            "ticker": "KXHIGHMIA-25APR04-B83.5",
            "count": 10,
            "created_time": "2025-04-04T19:27:36.161734Z",
            "yes_price": 60,
            "no_price": 40,
            "taker_side": "no"
        },
        {
            "trade_id": "9bf8d2c4-98a6-4590-8026-35afabb4bab6",
            "ticker": "KXHIGHMIA-25APR04-B83.5",
            "count": 199,
            "created_time": "2025-04-04T19:27:36.161734Z",
            "yes_price": 70,
            "no_price": 30,
            "taker_side": "no"
        },
        {
            "trade_id": "8e52da47-e6e3-4c55-8baf-0b32435fd76d",
            "ticker": "KXHIGHMIA-25APR04-B83.5",
            "count": 1,
            "created_time": "2025-04-04T19:27:36.161734Z",
            "yes_price": 47,
            "no_price": 53,
            "taker_side": "no"
        },
        {
            "trade_id": "490a8e16-d3f8-4522-8d01-f3c2b1fe21a6",
            "ticker": "KXHIGHMIA-25APR04-B83.5",
            "count": 19,
            "created_time": "2025-04-04T19:27:36.161734Z",
            "yes_price": 57,
            "no_price": 43,
            "taker_side": "no"
        },
        {
            "trade_id": "474ac495-1913-4583-8a92-b223174fccd5",
            "ticker": "KXHIGHMIA-25APR04-B83.5",
            "count": 15,
            "created_time": "2025-04-04T19:27:36.161734Z",
            "yes_price": 70,
            "no_price": 30,
            "taker_side": "no"
        },
        {
            "trade_id": "18e39eec-8af1-47c6-9977-288ef0c427a7",
            "ticker": "KXHIGHMIA-25APR04-B83.5",
            "count": 6,
            "created_time": "2025-04-04T19:27:36.161734Z",
            "yes_price": 48,
            "no_price": 52,
            "taker_side": "no"
        },
        {
            "trade_id": "0615f651-a791-4b88-a59e-8086c47b35bc",
            "ticker": "KXHIGHMIA-25APR04-B83.5",
            "count": 41,
            "created_time": "2025-04-04T19:02:59.164004Z",
            "yes_price": 74,
            "no_price": 26,
            "taker_side": "no"
        },
        {
            "trade_id": "f73950b9-b78f-4cb3-9349-297c82d5b874",
            "ticker": "KXHIGHMIA-25APR04-B83.5",
            "count": 15,
            "created_time": "2025-04-04T19:01:36.707041Z",
            "yes_price": 87,
            "no_price": 13,
            "taker_side": "yes"
        },
        {
            "trade_id": "d20f9fce-c16f-4cd4-aabb-38f540fa0857",
            "ticker": "KXHIGHMIA-25APR04-B83.5",
            "count": 5,
            "created_time": "2025-04-04T19:01:36.707041Z",
            "yes_price": 88,
            "no_price": 12,
            "taker_side": "yes"
        },
        {
            "trade_id": "ce44bc49-4ba3-4f63-a1f4-c9c129d3a560",
            "ticker": "KXHIGHMIA-25APR04-B83.5",
            "count": 8,
            "created_time": "2025-04-04T18:55:13.024098Z",
            "yes_price": 94,
            "no_price": 6,
            "taker_side": "yes"
        },
        {
            "trade_id": "8e5ed558-fe38-4aa8-8452-2f931c9c32c2",
            "ticker": "KXHIGHMIA-25APR04-B83.5",
            "count": 50,
            "created_time": "2025-04-04T18:55:13.024098Z",
            "yes_price": 93,
            "no_price": 7,
            "taker_side": "yes"
        },
        {
            "trade_id": "d18d79c5-a069-453a-99f8-e6261078a5fc",
            "ticker": "KXHIGHMIA-25APR04-B83.5",
            "count": 4,
            "created_time": "2025-04-04T18:55:02.268771Z",
            "yes_price": 90,
            "no_price": 10,
            "taker_side": "no"
        },
        {
            "trade_id": "19dda07f-8847-4e24-81e3-7813ad4085c8",
            "ticker": "KXHIGHMIA-25APR04-B83.5",
            "count": 13,
            "created_time": "2025-04-04T18:55:02.268771Z",
            "yes_price": 90,
            "no_price": 10,
            "taker_side": "no"
        },
        {
            "trade_id": "fa78aeb4-9def-4daa-a5f4-e201201b1098",
            "ticker": "KXHIGHMIA-25APR04-B83.5",
            "count": 25,
            "created_time": "2025-04-04T18:54:13.169072Z",
            "yes_price": 92,
            "no_price": 8,
            "taker_side": "yes"
        },
        {
            "trade_id": "3b22d004-8737-4d40-a252-9b75a5afce36",
            "ticker": "KXHIGHMIA-25APR04-B83.5",
            "count": 1,
            "created_time": "2025-04-04T18:54:13.169072Z",
            "yes_price": 94,
            "no_price": 6,
            "taker_side": "yes"
        },
        {
            "trade_id": "b6c4be5c-9316-4fad-9686-a03c39c4d5dd",
            "ticker": "KXHIGHMIA-25APR04-B83.5",
            "count": 18,
            "created_time": "2025-04-04T18:54:03.150671Z",
            "yes_price": 90,
            "no_price": 10,
            "taker_side": "no"
        },
        {
            "trade_id": "6c0740d3-e051-4d10-8576-5a683c3c7173",
            "ticker": "KXHIGHMIA-25APR04-B83.5",
            "count": 25,
            "created_time": "2025-04-04T18:54:03.150671Z",
            "yes_price": 90,
            "no_price": 10,
            "taker_side": "no"
        },
        {
            "trade_id": "31483c0a-c82b-46a1-939d-a3608b63fdb0",
            "ticker": "KXHIGHMIA-25APR04-B83.5",
            "count": 2,
            "created_time": "2025-04-04T18:54:03.150671Z",
            "yes_price": 90,
            "no_price": 10,
            "taker_side": "no"
        },
        {
            "trade_id": "0e337024-153f-4e6d-a681-86cc7db29f9b",
            "ticker": "KXHIGHMIA-25APR04-B83.5",
            "count": 5,
            "created_time": "2025-04-04T18:54:03.150671Z",
            "yes_price": 90,
            "no_price": 10,
            "taker_side": "no"
        },
        {
            "trade_id": "7e7e8a43-2399-4b62-92cf-954b4c5a3fd4",
            "ticker": "KXHIGHMIA-25APR04-B83.5",
            "count": 5,
            "created_time": "2025-04-04T18:54:02.756152Z",
            "yes_price": 87,
            "no_price": 13,
            "taker_side": "yes"
        },
        {
            "trade_id": "4d4d656c-8ce8-4788-a9ea-fa0757680569",
            "ticker": "KXHIGHMIA-25APR04-B83.5",
            "count": 22,
            "created_time": "2025-04-04T18:53:31.464333Z",
            "yes_price": 87,
            "no_price": 13,
            "taker_side": "yes"
        },
        {
            "trade_id": "0c453c46-de4c-49d3-b0ea-9dddfcb69f6d",
            "ticker": "KXHIGHMIA-25APR04-B83.5",
            "count": 10,
            "created_time": "2025-04-04T18:52:04.920025Z",
            "yes_price": 77,
            "no_price": 23,
            "taker_side": "no"
        },
        {
            "trade_id": "7c3de2be-b392-4ab4-821b-74cc221fe939",
            "ticker": "KXHIGHMIA-25APR04-B83.5",
            "count": 28,
            "created_time": "2025-04-04T18:49:41.813763Z",
            "yes_price": 86,
            "no_price": 14,
            "taker_side": "yes"
        },
        {
            "trade_id": "e900be37-aaa4-4896-b5c7-ccd3ed041004",
            "ticker": "KXHIGHMIA-25APR04-B83.5",
            "count": 1,
            "created_time": "2025-04-04T18:47:27.8431Z",
            "yes_price": 66,
            "no_price": 34,
            "taker_side": "no"
        },
        {
            "trade_id": "e5618a5a-eb5c-458d-ac15-f06bf410ed9d",
            "ticker": "KXHIGHMIA-25APR04-B83.5",
            "count": 50,
            "created_time": "2025-04-04T18:47:27.8431Z",
            "yes_price": 69,
            "no_price": 31,
            "taker_side": "no"
        },
        {
            "trade_id": "233c4da4-437d-4d30-94b5-bc1be066255c",
            "ticker": "KXHIGHMIA-25APR04-B83.5",
            "count": 199,
            "created_time": "2025-04-04T18:47:27.8431Z",
            "yes_price": 68,
            "no_price": 32,
            "taker_side": "no"
        },
        {
            "trade_id": "ece077d9-590b-45de-b04e-e594493c64ba",
            "ticker": "KXHIGHMIA-25APR04-B83.5",
            "count": 28,
            "created_time": "2025-04-04T18:41:23.719648Z",
            "yes_price": 85,
            "no_price": 15,
            "taker_side": "yes"
        },
        {
            "trade_id": "aaba36e0-5113-4f23-887b-40884d6f741e",
            "ticker": "KXHIGHMIA-25APR04-B83.5",
            "count": 6,
            "created_time": "2025-04-04T18:41:23.719648Z",
            "yes_price": 89,
            "no_price": 11,
            "taker_side": "yes"
        },
        {
            "trade_id": "8f776345-f10f-4db9-91c5-9e079ce02022",
            "ticker": "KXHIGHMIA-25APR04-B83.5",
            "count": 8,
            "created_time": "2025-04-04T18:41:23.719648Z",
            "yes_price": 88,
            "no_price": 12,
            "taker_side": "yes"
        },
        {
            "trade_id": "5eebb961-af43-47ae-8074-3edb556f99ff",
            "ticker": "KXHIGHMIA-25APR04-B83.5",
            "count": 16,
            "created_time": "2025-04-04T18:41:23.719648Z",
            "yes_price": 89,
            "no_price": 11,
            "taker_side": "yes"
        },
        {
            "trade_id": "21ad3c9a-2153-48e2-8b40-54cc6ca547f1",
            "ticker": "KXHIGHMIA-25APR04-B83.5",
            "count": 50,
            "created_time": "2025-04-04T18:41:23.719648Z",
            "yes_price": 90,
            "no_price": 10,
            "taker_side": "yes"
        },
        {
            "trade_id": "0b5f430e-2961-4864-bc32-3fc6eb1c6700",
            "ticker": "KXHIGHMIA-25APR04-B83.5",
            "count": 4,
            "created_time": "2025-04-04T18:41:23.719648Z",
            "yes_price": 92,
            "no_price": 8,
            "taker_side": "yes"
        },
        {
            "trade_id": "f23eec60-963d-49e3-a5d1-b6a0ad29bf81",
            "ticker": "KXHIGHMIA-25APR04-B83.5",
            "count": 28,
            "created_time": "2025-04-04T18:36:39.971102Z",
            "yes_price": 85,
            "no_price": 15,
            "taker_side": "yes"
        },
        {
            "trade_id": "09a5862d-ef7d-4ef3-ab65-2efb5c9d7570",
            "ticker": "KXHIGHMIA-25APR04-B83.5",
            "count": 50,
            "created_time": "2025-04-04T18:36:39.971102Z",
            "yes_price": 84,
            "no_price": 16,
            "taker_side": "yes"
        },
        {
            "trade_id": "bf3b4e36-f4bb-46eb-9535-014225243195",
            "ticker": "KXHIGHMIA-25APR04-B83.5",
            "count": 10,
            "created_time": "2025-04-04T18:31:45.854347Z",
            "yes_price": 85,
            "no_price": 15,
            "taker_side": "yes"
        },
        {
            "trade_id": "5ba13ed5-71ee-4263-bcbb-8d2270762267",
            "ticker": "KXHIGHMIA-25APR04-B83.5",
            "count": 28,
            "created_time": "2025-04-04T18:31:45.854347Z",
            "yes_price": 84,
            "no_price": 16,
            "taker_side": "yes"
        },
        {
            "trade_id": "640ce15c-e97b-4a61-88dc-11a98fd7d857",
            "ticker": "KXHIGHMIA-25APR04-B83.5",
            "count": 29,
            "created_time": "2025-04-04T18:29:01.950093Z",
            "yes_price": 84,
            "no_price": 16,
            "taker_side": "yes"
        },
        {
            "trade_id": "bce1a370-3d6a-4c46-b4a0-a973dae89b51",
            "ticker": "KXHIGHMIA-25APR04-B83.5",
            "count": 25,
            "created_time": "2025-04-04T18:28:01.653232Z",
            "yes_price": 81,
            "no_price": 19,
            "taker_side": "yes"
        },
        {
            "trade_id": "2bde1669-1907-4190-9617-0a796de0da59",
            "ticker": "KXHIGHMIA-25APR04-B83.5",
            "count": 15,
            "created_time": "2025-04-04T18:28:01.653232Z",
            "yes_price": 81,
            "no_price": 19,
            "taker_side": "yes"
        },
        {
            "trade_id": "0d805579-74f7-450d-af2c-225ff0d45b4c",
            "ticker": "KXHIGHMIA-25APR04-B83.5",
            "count": 50,
            "created_time": "2025-04-04T18:28:01.653232Z",
            "yes_price": 82,
            "no_price": 18,
            "taker_side": "yes"
        },
        {
            "trade_id": "fa694fe7-f9dd-4a1f-a924-cd7e0a3076d0",
            "ticker": "KXHIGHMIA-25APR04-B83.5",
            "count": 131,
            "created_time": "2025-04-04T18:23:55.266131Z",
            "yes_price": 71,
            "no_price": 29,
            "taker_side": "no"
        },
        {
            "trade_id": "e398f7cc-2092-450c-8612-783b11dac9be",
            "ticker": "KXHIGHMIA-25APR04-B83.5",
            "count": 25,
            "created_time": "2025-04-04T18:23:55.266131Z",
            "yes_price": 71,
            "no_price": 29,
            "taker_side": "no"
        },
        {
            "trade_id": "6d50945f-8e87-47fc-b4df-b6654b17aff5",
            "ticker": "KXHIGHMIA-25APR04-B83.5",
            "count": 15,
            "created_time": "2025-04-04T18:23:55.266131Z",
            "yes_price": 71,
            "no_price": 29,
            "taker_side": "no"
        },
        {
            "trade_id": "1b7240c4-98ad-4c16-a372-e8004e1e876d",
            "ticker": "KXHIGHMIA-25APR04-B83.5",
            "count": 21,
            "created_time": "2025-04-04T18:23:55.266131Z",
            "yes_price": 71,
            "no_price": 29,
            "taker_side": "no"
        },
        {
            "trade_id": "e033f2bb-4158-4d4a-8e19-4e29ae1ca0c1",
            "ticker": "KXHIGHMIA-25APR04-B83.5",
            "count": 29,
            "created_time": "2025-04-04T18:20:54.883129Z",
            "yes_price": 83,
            "no_price": 17,
            "taker_side": "yes"
        },
        {
            "trade_id": "2ffad13b-1a77-437d-b645-30954051af8c",
            "ticker": "KXHIGHMIA-25APR04-B83.5",
            "count": 30,
            "created_time": "2025-04-04T18:17:12.790667Z",
            "yes_price": 83,
            "no_price": 17,
            "taker_side": "yes"
        },
        {
            "trade_id": "2c4873c3-4df2-40b3-b0d1-515b0e3a4139",
            "ticker": "KXHIGHMIA-25APR04-B83.5",
            "count": 50,
            "created_time": "2025-04-04T18:17:12.790667Z",
            "yes_price": 82,
            "no_price": 18,
            "taker_side": "yes"
        },
        {
            "trade_id": "e3dd08ca-645b-41b4-abbf-f89f0bce3fd9",
            "ticker": "KXHIGHMIA-25APR04-B83.5",
            "count": 50,
            "created_time": "2025-04-04T18:10:51.350633Z",
            "yes_price": 85,
            "no_price": 15,
            "taker_side": "yes"
        },
        {
            "trade_id": "848070d9-a1ac-4f0b-932b-980a7ac6320f",
            "ticker": "KXHIGHMIA-25APR04-B83.5",
            "count": 11,
            "created_time": "2025-04-04T18:10:51.350633Z",
            "yes_price": 89,
            "no_price": 11,
            "taker_side": "yes"
        },
        {
            "trade_id": "69ad691e-8769-4715-ac32-e4f245992ab7",
            "ticker": "KXHIGHMIA-25APR04-B83.5",
            "count": 100,
            "created_time": "2025-04-04T18:10:51.350633Z",
            "yes_price": 86,
            "no_price": 14,
            "taker_side": "yes"
        },
        {
            "trade_id": "69182164-b396-4819-adfa-837692d89513",
            "ticker": "KXHIGHMIA-25APR04-B83.5",
            "count": 24,
            "created_time": "2025-04-04T18:10:51.350633Z",
            "yes_price": 89,
            "no_price": 11,
            "taker_side": "yes"
        },
        {
            "trade_id": "66b093c2-3de9-4404-a338-dc985d0790a3",
            "ticker": "KXHIGHMIA-25APR04-B83.5",
            "count": 10,
            "created_time": "2025-04-04T18:10:51.350633Z",
            "yes_price": 89,
            "no_price": 11,
            "taker_side": "yes"
        },
        {
            "trade_id": "4aaf08c0-fdf5-46e8-80b5-317d75912b7b",
            "ticker": "KXHIGHMIA-25APR04-B83.5",
            "count": 30,
            "created_time": "2025-04-04T18:10:51.350633Z",
            "yes_price": 82,
            "no_price": 18,
            "taker_side": "yes"
        },
        {
            "trade_id": "2c13b5c6-6bea-4c28-816e-4378254c34c9",
            "ticker": "KXHIGHMIA-25APR04-B83.5",
            "count": 5,
            "created_time": "2025-04-04T18:10:51.350633Z",
            "yes_price": 84,
            "no_price": 16,
            "taker_side": "yes"
        },
        {
            "trade_id": "52dd524d-1dd0-4f96-8f3a-085262c8b936",
            "ticker": "KXHIGHMIA-25APR04-B83.5",
            "count": 50,
            "created_time": "2025-04-04T18:08:38.19365Z",
            "yes_price": 86,
            "no_price": 14,
            "taker_side": "yes"
        },
        {
            "trade_id": "4f199741-21e0-4f96-94ce-167c1855b7ea",
            "ticker": "KXHIGHMIA-25APR04-B83.5",
            "count": 50,
            "created_time": "2025-04-04T18:07:19.063238Z",
            "yes_price": 84,
            "no_price": 16,
            "taker_side": "yes"
        },
        {
            "trade_id": "bb5db681-2e15-40e8-9dd5-d63225be347d",
            "ticker": "KXHIGHMIA-25APR04-B83.5",
            "count": 50,
            "created_time": "2025-04-04T18:05:58.200894Z",
            "yes_price": 80,
            "no_price": 20,
            "taker_side": "yes"
        },
        {
            "trade_id": "a5920834-1699-4bf4-856c-7488c6431d84",
            "ticker": "KXHIGHMIA-25APR04-B83.5",
            "count": 32,
            "created_time": "2025-04-04T18:05:58.200894Z",
            "yes_price": 81,
            "no_price": 19,
            "taker_side": "yes"
        },
        {
            "trade_id": "2765f251-3b5c-479b-b959-284b4a677100",
            "ticker": "KXHIGHMIA-25APR04-B83.5",
            "count": 1,
            "created_time": "2025-04-04T18:05:38.42135Z",
            "yes_price": 83,
            "no_price": 17,
            "taker_side": "yes"
        },
        {
            "trade_id": "5eca2a65-bb96-4811-bb8b-f4da225dfad3",
            "ticker": "KXHIGHMIA-25APR04-B83.5",
            "count": 25,
            "created_time": "2025-04-04T18:01:10.810937Z",
            "yes_price": 80,
            "no_price": 20,
            "taker_side": "yes"
        },
        {
            "trade_id": "a861d82d-3edf-4637-8b3d-f2d256e33532",
            "ticker": "KXHIGHMIA-25APR04-B83.5",
            "count": 25,
            "created_time": "2025-04-04T18:01:05.45131Z",
            "yes_price": 78,
            "no_price": 22,
            "taker_side": "yes"
        },
        {
            "trade_id": "88035d1e-52ff-4b52-bc92-90cff2bc37bb",
            "ticker": "KXHIGHMIA-25APR04-B83.5",
            "count": 7,
            "created_time": "2025-04-04T18:01:05.45131Z",
            "yes_price": 80,
            "no_price": 20,
            "taker_side": "yes"
        },
        {
            "trade_id": "4f29f129-e1b7-4a47-ab17-8360a15f90b4",
            "ticker": "KXHIGHMIA-25APR04-B83.5",
            "count": 50,
            "created_time": "2025-04-04T18:01:05.45131Z",
            "yes_price": 78,
            "no_price": 22,
            "taker_side": "yes"
        },
        {
            "trade_id": "f6921f72-960e-45ef-86db-8981202d9d9f",
            "ticker": "KXHIGHMIA-25APR04-B83.5",
            "count": 31,
            "created_time": "2025-04-04T18:00:09.773871Z",
            "yes_price": 79,
            "no_price": 21,
            "taker_side": "yes"
        },
        {
            "trade_id": "dd9c662a-755f-4ab9-894e-593f16909fd8",
            "ticker": "KXHIGHMIA-25APR04-B83.5",
            "count": 33,
            "created_time": "2025-04-04T18:00:09.773871Z",
            "yes_price": 79,
            "no_price": 21,
            "taker_side": "yes"
        },
        {
            "trade_id": "0e9ce4b6-52b5-4b5b-965d-021725cc203e",
            "ticker": "KXHIGHMIA-25APR04-B83.5",
            "count": 5,
            "created_time": "2025-04-04T17:58:58.461718Z",
            "yes_price": 76,
            "no_price": 24,
            "taker_side": "yes"
        },
        {
            "trade_id": "f786cff9-a40f-46c8-b2b7-31fbac97ad03",
            "ticker": "KXHIGHMIA-25APR04-B83.5",
            "count": 500,
            "created_time": "2025-04-04T17:54:28.75068Z",
            "yes_price": 67,
            "no_price": 33,
            "taker_side": "yes"
        },
        {
            "trade_id": "db4d8f3c-cfe9-4dbb-bbf6-2f611756cd5e",
            "ticker": "KXHIGHMIA-25APR04-B83.5",
            "count": 10,
            "created_time": "2025-04-04T17:54:28.75068Z",
            "yes_price": 66,
            "no_price": 34,
            "taker_side": "yes"
        },
        {
            "trade_id": "b3c62088-dfe0-4655-be2f-ac82a4e81740",
            "ticker": "KXHIGHMIA-25APR04-B83.5",
            "count": 10,
            "created_time": "2025-04-04T17:54:28.75068Z",
            "yes_price": 65,
            "no_price": 35,
            "taker_side": "yes"
        },
        {
            "trade_id": "fe1ab99b-c2a9-4fd2-91c2-43edffd2f643",
            "ticker": "KXHIGHMIA-25APR04-B83.5",
            "count": 25,
            "created_time": "2025-04-04T17:53:39.850122Z",
            "yes_price": 58,
            "no_price": 42,
            "taker_side": "yes"
        },
        {
            "trade_id": "76a30807-12f2-49a2-b70b-65a9234c45fb",
            "ticker": "KXHIGHMIA-25APR04-B83.5",
            "count": 42,
            "created_time": "2025-04-04T17:53:39.850122Z",
            "yes_price": 59,
            "no_price": 41,
            "taker_side": "yes"
        },
        {
            "trade_id": "75990761-1529-4823-b71c-3198eb3ecf30",
            "ticker": "KXHIGHMIA-25APR04-B83.5",
            "count": 10,
            "created_time": "2025-04-04T17:53:39.850122Z",
            "yes_price": 58,
            "no_price": 42,
            "taker_side": "yes"
        },
        {
            "trade_id": "4207e082-f2b4-4602-b992-caae9e6d0be9",
            "ticker": "KXHIGHMIA-25APR04-B83.5",
            "count": 5,
            "created_time": "2025-04-04T17:53:39.850122Z",
            "yes_price": 58,
            "no_price": 42,
            "taker_side": "yes"
        },
        {
            "trade_id": "232b0065-a467-4deb-99c5-5240136af73a",
            "ticker": "KXHIGHMIA-25APR04-B83.5",
            "count": 5,
            "created_time": "2025-04-04T17:53:39.850122Z",
            "yes_price": 58,
            "no_price": 42,
            "taker_side": "yes"
        },
        {
            "trade_id": "d70d4d21-a94f-489b-9e86-17be7de19cb1",
            "ticker": "KXHIGHMIA-25APR04-B83.5",
            "count": 15,
            "created_time": "2025-04-04T17:46:15.205857Z",
            "yes_price": 55,
            "no_price": 45,
            "taker_side": "yes"
        },
        {
            "trade_id": "69607b08-2893-4488-ba1a-2348e311f6ec",
            "ticker": "KXHIGHMIA-25APR04-B83.5",
            "count": 18,
            "created_time": "2025-04-04T17:46:15.205857Z",
            "yes_price": 57,
            "no_price": 43,
            "taker_side": "yes"
        },
        {
            "trade_id": "3ed05ac0-f975-4f18-b278-da69f180c16f",
            "ticker": "KXHIGHMIA-25APR04-B83.5",
            "count": 1,
            "created_time": "2025-04-04T17:46:15.205857Z",
            "yes_price": 56,
            "no_price": 44,
            "taker_side": "yes"
        },
        {
            "trade_id": "ff23acc8-d7ef-4846-94a2-7ca90748f92f",
            "ticker": "KXHIGHMIA-25APR04-B83.5",
            "count": 10,
            "created_time": "2025-04-04T17:45:40.619523Z",
            "yes_price": 39,
            "no_price": 61,
            "taker_side": "no"
        },
        {
            "trade_id": "6e520836-fc08-4aaa-a0ff-b7fde1383bd4",
            "ticker": "KXHIGHMIA-25APR04-B83.5",
            "count": 1,
            "created_time": "2025-04-04T17:45:10.817017Z",
            "yes_price": 39,
            "no_price": 61,
            "taker_side": "yes"
        },
        {
            "trade_id": "16b2dcf2-4c72-44d4-9055-73367b2adfb6",
            "ticker": "KXHIGHMIA-25APR04-B83.5",
            "count": 36,
            "created_time": "2025-04-04T17:44:39.919648Z",
            "yes_price": 45,
            "no_price": 55,
            "taker_side": "no"
        },
        {
            "trade_id": "cfafd148-968d-4f34-bee2-b9257293c566",
            "ticker": "KXHIGHMIA-25APR04-B83.5",
            "count": 15,
            "created_time": "2025-04-04T17:44:26.649328Z",
            "yes_price": 46,
            "no_price": 54,
            "taker_side": "no"
        },
        {
            "trade_id": "1452a31b-f422-43e9-bf56-fb7ad282d399",
            "ticker": "KXHIGHMIA-25APR04-B83.5",
            "count": 10,
            "created_time": "2025-04-04T17:43:39.26616Z",
            "yes_price": 46,
            "no_price": 54,
            "taker_side": "no"
        },
        {
            "trade_id": "5fac9746-3a2c-4b66-83fa-42be2ea6a9ad",
            "ticker": "KXHIGHMIA-25APR04-B83.5",
            "count": 8,
            "created_time": "2025-04-04T17:42:27.86023Z",
            "yes_price": 46,
            "no_price": 54,
            "taker_side": "no"
        },
        {
            "trade_id": "da78aa47-2df8-4cdc-9e9e-ec7e3eb31a9e",
            "ticker": "KXHIGHMIA-25APR04-B83.5",
            "count": 5,
            "created_time": "2025-04-04T17:38:20.23582Z",
            "yes_price": 49,
            "no_price": 51,
            "taker_side": "no"
        },
        {
            "trade_id": "a415029f-be11-487b-b2e4-a9e816a4ccf9",
            "ticker": "KXHIGHMIA-25APR04-B83.5",
            "count": 35,
            "created_time": "2025-04-04T17:38:20.23582Z",
            "yes_price": 48,
            "no_price": 52,
            "taker_side": "no"
        },
        {
            "trade_id": "9d71b161-c1ad-4cfe-b6f6-793c5decf191",
            "ticker": "KXHIGHMIA-25APR04-B83.5",
            "count": 25,
            "created_time": "2025-04-04T17:38:20.23582Z",
            "yes_price": 38,
            "no_price": 62,
            "taker_side": "no"
        },
        {
            "trade_id": "7f3a7101-0229-468a-af00-4a8ae67df7b2",
            "ticker": "KXHIGHMIA-25APR04-B83.5",
            "count": 19,
            "created_time": "2025-04-04T17:38:20.23582Z",
            "yes_price": 38,
            "no_price": 62,
            "taker_side": "no"
        },
        {
            "trade_id": "5e7cd22d-fe49-4ea4-b7e9-68773f9414ec",
            "ticker": "KXHIGHMIA-25APR04-B83.5",
            "count": 50,
            "created_time": "2025-04-04T17:38:20.23582Z",
            "yes_price": 37,
            "no_price": 63,
            "taker_side": "no"
        },
        {
            "trade_id": "53657a1e-4caa-47e4-8e74-ee7883fd088d",
            "ticker": "KXHIGHMIA-25APR04-B83.5",
            "count": 28,
            "created_time": "2025-04-04T17:38:20.23582Z",
            "yes_price": 37,
            "no_price": 63,
            "taker_side": "no"
        },
        {
            "trade_id": "e1c45c7a-c58d-42d3-bffb-a16be84871ca",
            "ticker": "KXHIGHMIA-25APR04-B83.5",
            "count": 199,
            "created_time": "2025-04-04T17:37:55.107569Z",
            "yes_price": 60,
            "no_price": 40,
            "taker_side": "no"
        },
        {
            "trade_id": "bed6144e-618b-471f-8a18-bc632de32338",
            "ticker": "KXHIGHMIA-25APR04-B83.5",
            "count": 500,
            "created_time": "2025-04-04T17:37:55.107569Z",
            "yes_price": 60,
            "no_price": 40,
            "taker_side": "no"
        },
        {
            "trade_id": "06ecdc89-db44-43b8-b4a0-3967688958ab",
            "ticker": "KXHIGHMIA-25APR04-B83.5",
            "count": 15,
            "created_time": "2025-04-04T17:37:55.107569Z",
            "yes_price": 61,
            "no_price": 39,
            "taker_side": "no"
        },
        {
            "trade_id": "e2267096-4333-468c-8d1d-7f0a56126bbb",
            "ticker": "KXHIGHMIA-25APR04-B83.5",
            "count": 50,
            "created_time": "2025-04-04T17:37:22.451776Z",
            "yes_price": 76,
            "no_price": 24,
            "taker_side": "no"
        },
        {
            "trade_id": "a2be82e2-ccdb-4525-a24b-cd2b9db1d846",
            "ticker": "KXHIGHMIA-25APR04-B83.5",
            "count": 11,
            "created_time": "2025-04-04T17:37:22.451776Z",
            "yes_price": 70,
            "no_price": 30,
            "taker_side": "no"
        },
        {
            "trade_id": "7a689142-971f-4c04-8f6f-a95e1a372763",
            "ticker": "KXHIGHMIA-25APR04-B83.5",
            "count": 57,
            "created_time": "2025-04-04T17:37:22.451776Z",
            "yes_price": 74,
            "no_price": 26,
            "taker_side": "no"
        },
        {
            "trade_id": "79b3c6be-c1ba-4dfc-b814-9f1c25e7c7cf",
            "ticker": "KXHIGHMIA-25APR04-B83.5",
            "count": 18,
            "created_time": "2025-04-04T17:37:22.451776Z",
            "yes_price": 76,
            "no_price": 24,
            "taker_side": "no"
        },
        {
            "trade_id": "1b2e47e5-c466-4a0a-a5d7-fda059a5844f",
            "ticker": "KXHIGHMIA-25APR04-B83.5",
            "count": 2,
            "created_time": "2025-04-04T17:37:22.451776Z",
            "yes_price": 69,
            "no_price": 31,
            "taker_side": "no"
        },
        {
            "trade_id": "0a4bf6f2-ef8e-47a8-83d1-808bac585795",
            "ticker": "KXHIGHMIA-25APR04-B83.5",
            "count": 20,
            "created_time": "2025-04-04T17:37:22.451776Z",
            "yes_price": 75,
            "no_price": 25,
            "taker_side": "no"
        },
        {
            "trade_id": "d01517d4-7a8e-4811-8cf3-91af806fd3a8",
            "ticker": "KXHIGHMIA-25APR04-B83.5",
            "count": 25,
            "created_time": "2025-04-04T17:35:39.592035Z",
            "yes_price": 84,
            "no_price": 16,
            "taker_side": "yes"
        },
        {
            "trade_id": "ff16707f-8cf0-40e1-a822-db1c3b647207",
            "ticker": "KXHIGHMIA-25APR04-B83.5",
            "count": 50,
            "created_time": "2025-04-04T17:31:12.971113Z",
            "yes_price": 85,
            "no_price": 15,
            "taker_side": "yes"
        },
        {
            "trade_id": "f56f8ca1-9ff1-442a-b86a-aebfc926e758",
            "ticker": "KXHIGHMIA-25APR04-B83.5",
            "count": 28,
            "created_time": "2025-04-04T17:31:12.971113Z",
            "yes_price": 85,
            "no_price": 15,
            "taker_side": "yes"
        },
        {
            "trade_id": "f267310c-7eef-4bf6-ba53-48976f6d33f6",
            "ticker": "KXHIGHMIA-25APR04-B83.5",
            "count": 100,
            "created_time": "2025-04-04T17:31:12.971113Z",
            "yes_price": 85,
            "no_price": 15,
            "taker_side": "yes"
        },
        {
            "trade_id": "7bf5cc89-669a-498d-8928-1d372e64a527",
            "ticker": "KXHIGHMIA-25APR04-B83.5",
            "count": 27,
            "created_time": "2025-04-04T17:31:12.971113Z",
            "yes_price": 83,
            "no_price": 17,
            "taker_side": "yes"
        },
        {
            "trade_id": "6ec3769e-d828-4c7e-a66a-6e4ed2914e8d",
            "ticker": "KXHIGHMIA-25APR04-B83.5",
            "count": 60,
            "created_time": "2025-04-04T17:31:12.971113Z",
            "yes_price": 84,
            "no_price": 16,
            "taker_side": "yes"
        },
        {
            "trade_id": "83675a7b-0441-473b-9945-452f8e1f6c2e",
            "ticker": "KXHIGHMIA-25APR04-B83.5",
            "count": 27,
            "created_time": "2025-04-04T17:27:02.55572Z",
            "yes_price": 82,
            "no_price": 18,
            "taker_side": "yes"
        },
        {
            "trade_id": "cb43d8fb-e25e-44c1-8bf5-fdceb1ee7492",
            "ticker": "KXHIGHMIA-25APR04-B83.5",
            "count": 28,
            "created_time": "2025-04-04T17:18:39.651384Z",
            "yes_price": 81,
            "no_price": 19,
            "taker_side": "yes"
        },
        {
            "trade_id": "39271487-d283-4f77-aea8-effdbb76c88f",
            "ticker": "KXHIGHMIA-25APR04-B83.5",
            "count": 15,
            "created_time": "2025-04-04T17:14:27.974282Z",
            "yes_price": 78,
            "no_price": 22,
            "taker_side": "no"
        },
        {
            "trade_id": "1f1f6399-81d5-4cff-84d4-f62e01214970",
            "ticker": "KXHIGHMIA-25APR04-B83.5",
            "count": 28,
            "created_time": "2025-04-04T17:12:09.951323Z",
            "yes_price": 80,
            "no_price": 20,
            "taker_side": "yes"
        },
        {
            "trade_id": "22305720-eeb8-4ef5-b2d8-33a9df256b56",
            "ticker": "KXHIGHMIA-25APR04-B83.5",
            "count": 25,
            "created_time": "2025-04-04T17:07:42.381303Z",
            "yes_price": 79,
            "no_price": 21,
            "taker_side": "yes"
        },
        {
            "trade_id": "17efc750-31c0-468b-b1dc-6ecad7a41eff",
            "ticker": "KXHIGHMIA-25APR04-B83.5",
            "count": 4,
            "created_time": "2025-04-04T17:01:13.648382Z",
            "yes_price": 79,
            "no_price": 21,
            "taker_side": "yes"
        },
        {
            "trade_id": "ff145af0-5c86-4377-ae23-5e288472de96",
            "ticker": "KXHIGHMIA-25APR04-B83.5",
            "count": 11,
            "created_time": "2025-04-04T16:53:19.25915Z",
            "yes_price": 75,
            "no_price": 25,
            "taker_side": "no"
        },
        {
            "trade_id": "8ca3c971-4eff-4e7e-b4a2-9e98f3bf4b22",
            "ticker": "KXHIGHMIA-25APR04-B83.5",
            "count": 4,
            "created_time": "2025-04-04T16:53:19.25915Z",
            "yes_price": 75,
            "no_price": 25,
            "taker_side": "no"
        },
        {
            "trade_id": "4f8c5394-4892-4ea7-a7e1-69f2a9168074",
            "ticker": "KXHIGHMIA-25APR04-B83.5",
            "count": 5,
            "created_time": "2025-04-04T16:51:40.168899Z",
            "yes_price": 78,
            "no_price": 22,
            "taker_side": "yes"
        },
        {
            "trade_id": "3c3bef9a-18ef-4ee8-926d-112aed8a7b31",
            "ticker": "KXHIGHMIA-25APR04-B83.5",
            "count": 31,
            "created_time": "2025-04-04T16:46:38.295722Z",
            "yes_price": 78,
            "no_price": 22,
            "taker_side": "yes"
        },
        {
            "trade_id": "1aa9f72b-984c-4658-a1f2-4642d4cfef58",
            "ticker": "KXHIGHMIA-25APR04-B83.5",
            "count": 12,
            "created_time": "2025-04-04T16:46:38.295722Z",
            "yes_price": 78,
            "no_price": 22,
            "taker_side": "yes"
        },
        {
            "trade_id": "b1fced06-a58d-4ed3-8eb5-099dd4c8d8d1",
            "ticker": "KXHIGHMIA-25APR04-B83.5",
            "count": 24,
            "created_time": "2025-04-04T16:41:27.38468Z",
            "yes_price": 71,
            "no_price": 29,
            "taker_side": "no"
        },
        {
            "trade_id": "a12ee0cb-5e6a-4a22-a5d5-d5869d31cf9e",
            "ticker": "KXHIGHMIA-25APR04-B83.5",
            "count": 1,
            "created_time": "2025-04-04T16:41:27.38468Z",
            "yes_price": 70,
            "no_price": 30,
            "taker_side": "no"
        },
        {
            "trade_id": "df15e896-3537-4e26-af15-6ea66d6d3198",
            "ticker": "KXHIGHMIA-25APR04-B83.5",
            "count": 5,
            "created_time": "2025-04-04T16:32:36.818982Z",
            "yes_price": 74,
            "no_price": 26,
            "taker_side": "yes"
        },
        {
            "trade_id": "7834b444-76bb-41cd-8609-7d94129c38d7",
            "ticker": "KXHIGHMIA-25APR04-B83.5",
            "count": 11,
            "created_time": "2025-04-04T16:32:36.818982Z",
            "yes_price": 74,
            "no_price": 26,
            "taker_side": "yes"
        },
        {
            "trade_id": "4f0d2775-e748-476e-9739-9d2450aa39fa",
            "ticker": "KXHIGHMIA-25APR04-B83.5",
            "count": 23,
            "created_time": "2025-04-04T16:32:36.818982Z",
            "yes_price": 75,
            "no_price": 25,
            "taker_side": "yes"
        },
        {
            "trade_id": "ee4fd1c4-650b-4787-874c-1ba934896bc3",
            "ticker": "KXHIGHMIA-25APR04-B83.5",
            "count": 30,
            "created_time": "2025-04-04T16:25:39.673834Z",
            "yes_price": 74,
            "no_price": 26,
            "taker_side": "yes"
        },
        {
            "trade_id": "e6723768-fae4-49bb-9454-ad5ac2669853",
            "ticker": "KXHIGHMIA-25APR04-B83.5",
            "count": 9,
            "created_time": "2025-04-04T16:15:26.005293Z",
            "yes_price": 59,
            "no_price": 41,
            "taker_side": "no"
        },
        {
            "trade_id": "c22857dc-3827-435e-b066-ee3f15b5bc88",
            "ticker": "KXHIGHMIA-25APR04-B83.5",
            "count": 23,
            "created_time": "2025-04-04T16:15:26.005293Z",
            "yes_price": 59,
            "no_price": 41,
            "taker_side": "no"
        },
        {
            "trade_id": "85e3b280-8e57-4106-ac38-adb1769800ec",
            "ticker": "KXHIGHMIA-25APR04-B83.5",
            "count": 5,
            "created_time": "2025-04-04T16:15:26.005293Z",
            "yes_price": 68,
            "no_price": 32,
            "taker_side": "no"
        },
        {
            "trade_id": "50c54e8d-c494-470c-9e7e-0202beadc645",
            "ticker": "KXHIGHMIA-25APR04-B83.5",
            "count": 20,
            "created_time": "2025-04-04T16:15:26.005293Z",
            "yes_price": 60,
            "no_price": 40,
            "taker_side": "no"
        },
        {
            "trade_id": "3b999f2d-b5f4-463e-986b-140cb5f64d29",
            "ticker": "KXHIGHMIA-25APR04-B83.5",
            "count": 15,
            "created_time": "2025-04-04T16:15:26.005293Z",
            "yes_price": 59,
            "no_price": 41,
            "taker_side": "no"
        },
        {
            "trade_id": "97367eb3-1690-4d34-950a-d2f0ce483ae7",
            "ticker": "KXHIGHMIA-25APR04-B83.5",
            "count": 46,
            "created_time": "2025-04-04T16:14:07.470267Z",
            "yes_price": 76,
            "no_price": 24,
            "taker_side": "yes"
        },
        {
            "trade_id": "c9851642-52e4-41f0-902d-13ae69823bf6",
            "ticker": "KXHIGHMIA-25APR04-B83.5",
            "count": 4,
            "created_time": "2025-04-04T16:03:32.625903Z",
            "yes_price": 97,
            "no_price": 3,
            "taker_side": "yes"
        },
        {
            "trade_id": "b78e8e7b-b675-4ee3-b9c9-9474759113de",
            "ticker": "KXHIGHMIA-25APR04-B83.5",
            "count": 50,
            "created_time": "2025-04-04T16:03:32.625903Z",
            "yes_price": 95,
            "no_price": 5,
            "taker_side": "yes"
        },
        {
            "trade_id": "9c53c682-0046-491d-9a21-18eb5f3d275c",
            "ticker": "KXHIGHMIA-25APR04-B83.5",
            "count": 26,
            "created_time": "2025-04-04T16:03:32.625903Z",
            "yes_price": 96,
            "no_price": 4,
            "taker_side": "yes"
        },
        {
            "trade_id": "9473018a-d9d7-4e48-884f-a075046f2c8d",
            "ticker": "KXHIGHMIA-25APR04-B83.5",
            "count": 50,
            "created_time": "2025-04-04T16:03:32.625903Z",
            "yes_price": 88,
            "no_price": 12,
            "taker_side": "yes"
        },
        {
            "trade_id": "90a779f8-4edb-44e5-ab04-109a9249d7e7",
            "ticker": "KXHIGHMIA-25APR04-B83.5",
            "count": 10,
            "created_time": "2025-04-04T16:03:32.625903Z",
            "yes_price": 75,
            "no_price": 25,
            "taker_side": "yes"
        },
        {
            "trade_id": "8237ac38-d8b3-4ebd-b7f4-88cbd511d345",
            "ticker": "KXHIGHMIA-25APR04-B83.5",
            "count": 50,
            "created_time": "2025-04-04T16:03:32.625903Z",
            "yes_price": 79,
            "no_price": 21,
            "taker_side": "yes"
        },
        {
            "trade_id": "3a3c5cfe-fec0-4316-beea-756e8a368844",
            "ticker": "KXHIGHMIA-25APR04-B83.5",
            "count": 6,
            "created_time": "2025-04-04T16:03:32.625903Z",
            "yes_price": 66,
            "no_price": 34,
            "taker_side": "yes"
        },
        {
            "trade_id": "2b5a1d76-3cc9-41ab-b9a0-11d2c24a9d84",
            "ticker": "KXHIGHMIA-25APR04-B83.5",
            "count": 17,
            "created_time": "2025-04-04T16:03:32.625903Z",
            "yes_price": 67,
            "no_price": 33,
            "taker_side": "yes"
        },
        {
            "trade_id": "22437dbb-1102-483e-97d9-44b29436c872",
            "ticker": "KXHIGHMIA-25APR04-B83.5",
            "count": 48,
            "created_time": "2025-04-04T16:03:32.625903Z",
            "yes_price": 63,
            "no_price": 37,
            "taker_side": "yes"
        },
        {
            "trade_id": "0384abc8-15b4-4e57-a3c6-3d5eb872367b",
            "ticker": "KXHIGHMIA-25APR04-B83.5",
            "count": 30,
            "created_time": "2025-04-04T16:03:32.625903Z",
            "yes_price": 65,
            "no_price": 35,
            "taker_side": "yes"
        },
        {
            "trade_id": "2809956c-0b35-456a-845a-ae1089f89a36",
            "ticker": "KXHIGHMIA-25APR04-B83.5",
            "count": 1,
            "created_time": "2025-04-04T16:02:01.550548Z",
            "yes_price": 65,
            "no_price": 35,
            "taker_side": "yes"
        },
        {
            "trade_id": "c430d0d4-0166-4578-b2fc-febaec21b947",
            "ticker": "KXHIGHMIA-25APR04-B83.5",
            "count": 2,
            "created_time": "2025-04-04T15:52:07.430932Z",
            "yes_price": 54,
            "no_price": 46,
            "taker_side": "no"
        },
        {
            "trade_id": "771ed28e-2bf9-43d4-93d6-0979e024150d",
            "ticker": "KXHIGHMIA-25APR04-B83.5",
            "count": 1,
            "created_time": "2025-04-04T15:49:47.314757Z",
            "yes_price": 72,
            "no_price": 28,
            "taker_side": "yes"
        },
        {
            "trade_id": "b09ae508-6e83-4ee3-90e7-da4dbbafc030",
            "ticker": "KXHIGHMIA-25APR04-B83.5",
            "count": 5,
            "created_time": "2025-04-04T15:49:25.823259Z",
            "yes_price": 72,
            "no_price": 28,
            "taker_side": "yes"
        },
        {
            "trade_id": "cf6e58a7-79ce-410c-a2e0-9e28eb074091",
            "ticker": "KXHIGHMIA-25APR04-B83.5",
            "count": 30,
            "created_time": "2025-04-04T15:49:07.93363Z",
            "yes_price": 70,
            "no_price": 30,
            "taker_side": "yes"
        },
        {
            "trade_id": "49bc4f84-5545-4fd4-a6f2-12351c18bee5",
            "ticker": "KXHIGHMIA-25APR04-B83.5",
            "count": 50,
            "created_time": "2025-04-04T15:47:43.73513Z",
            "yes_price": 69,
            "no_price": 31,
            "taker_side": "yes"
        },
        {
            "trade_id": "c6038a5f-f47c-4475-9da5-c4ca81b0c2c6",
            "ticker": "KXHIGHMIA-25APR04-B83.5",
            "count": 50,
            "created_time": "2025-04-04T15:46:59.347608Z",
            "yes_price": 64,
            "no_price": 36,
            "taker_side": "yes"
        },
        {
            "trade_id": "ed442db9-72a6-4526-bb0b-c45fc6117dbf",
            "ticker": "KXHIGHMIA-25APR04-B83.5",
            "count": 29,
            "created_time": "2025-04-04T15:46:20.930075Z",
            "yes_price": 62,
            "no_price": 38,
            "taker_side": "yes"
        },
        {
            "trade_id": "8a6ea4a4-eb17-48d2-a1e3-42b43aecbf1e",
            "ticker": "KXHIGHMIA-25APR04-B83.5",
            "count": 15,
            "created_time": "2025-04-04T15:46:07.074274Z",
            "yes_price": 61,
            "no_price": 39,
            "taker_side": "yes"
        },
        {
            "trade_id": "34c72938-7151-40b6-bb93-f568257f826e",
            "ticker": "KXHIGHMIA-25APR04-B83.5",
            "count": 11,
            "created_time": "2025-04-04T15:46:07.074274Z",
            "yes_price": 61,
            "no_price": 39,
            "taker_side": "yes"
        },
        {
            "trade_id": "1733889a-aabc-4a9f-a52b-f807f54eb42d",
            "ticker": "KXHIGHMIA-25APR04-B83.5",
            "count": 50,
            "created_time": "2025-04-04T15:45:57.349864Z",
            "yes_price": 61,
            "no_price": 39,
            "taker_side": "yes"
        },
        {
            "trade_id": "6d8dc9bb-9875-4c4d-a6f7-c2f57c05c203",
            "ticker": "KXHIGHMIA-25APR04-B83.5",
            "count": 15,
            "created_time": "2025-04-04T15:43:53.598209Z",
            "yes_price": 65,
            "no_price": 35,
            "taker_side": "yes"
        },
        {
            "trade_id": "2833d299-809d-4a5f-a860-d0efe6a77c68",
            "ticker": "KXHIGHMIA-25APR04-B83.5",
            "count": 50,
            "created_time": "2025-04-04T15:43:12.802979Z",
            "yes_price": 61,
            "no_price": 39,
            "taker_side": "yes"
        },
        {
            "trade_id": "f9c6ed69-4ec3-45fc-bcfc-80106826818d",
            "ticker": "KXHIGHMIA-25APR04-B83.5",
            "count": 28,
            "created_time": "2025-04-04T15:41:53.915259Z",
            "yes_price": 59,
            "no_price": 41,
            "taker_side": "yes"
        },
        {
            "trade_id": "315036b5-964a-4117-a84a-a08f88bdd888",
            "ticker": "KXHIGHMIA-25APR04-B83.5",
            "count": 50,
            "created_time": "2025-04-04T15:41:53.915259Z",
            "yes_price": 59,
            "no_price": 41,
            "taker_side": "yes"
        },
        {
            "trade_id": "c0a7be81-13ed-4b5c-913d-9eaa1f399722",
            "ticker": "KXHIGHMIA-25APR04-B83.5",
            "count": 28,
            "created_time": "2025-04-04T15:40:34.153304Z",
            "yes_price": 57,
            "no_price": 43,
            "taker_side": "yes"
        },
        {
            "trade_id": "79d3aa3a-fa91-447e-88f0-35448bddeed4",
            "ticker": "KXHIGHMIA-25APR04-B83.5",
            "count": 7,
            "created_time": "2025-04-04T15:40:34.153304Z",
            "yes_price": 58,
            "no_price": 42,
            "taker_side": "yes"
        },
        {
            "trade_id": "50b57f3a-31b3-4da2-83c9-0be6a2e8289b",
            "ticker": "KXHIGHMIA-25APR04-B83.5",
            "count": 30,
            "created_time": "2025-04-04T15:40:34.153304Z",
            "yes_price": 59,
            "no_price": 41,
            "taker_side": "yes"
        },
        {
            "trade_id": "3da8201c-dae1-4af7-bd4e-4426a17d9c41",
            "ticker": "KXHIGHMIA-25APR04-B83.5",
            "count": 18,
            "created_time": "2025-04-04T15:40:34.153304Z",
            "yes_price": 64,
            "no_price": 36,
            "taker_side": "yes"
        },
        {
            "trade_id": "07aa7594-f4ba-47b3-bc7e-6e1ee76d9f61",
            "ticker": "KXHIGHMIA-25APR04-B83.5",
            "count": 25,
            "created_time": "2025-04-04T15:40:34.153304Z",
            "yes_price": 55,
            "no_price": 45,
            "taker_side": "yes"
        },
        {
            "trade_id": "06f8cba5-39a7-4bde-a370-305143a36ebc",
            "ticker": "KXHIGHMIA-25APR04-B83.5",
            "count": 50,
            "created_time": "2025-04-04T15:40:34.153304Z",
            "yes_price": 54,
            "no_price": 46,
            "taker_side": "yes"
        },
        {
            "trade_id": "ab945444-31e3-4556-a6fa-7e7d69fc0931",
            "ticker": "KXHIGHMIA-25APR04-B83.5",
            "count": 20,
            "created_time": "2025-04-04T15:31:46.563219Z",
            "yes_price": 53,
            "no_price": 47,
            "taker_side": "yes"
        },
        {
            "trade_id": "9d518c30-5d73-4b31-ae11-83e56edbc7a4",
            "ticker": "KXHIGHMIA-25APR04-B83.5",
            "count": 16,
            "created_time": "2025-04-04T15:31:46.563219Z",
            "yes_price": 52,
            "no_price": 48,
            "taker_side": "yes"
        },
        {
            "trade_id": "4c4747a3-5af8-4062-99ba-84f90e2b60ac",
            "ticker": "KXHIGHMIA-25APR04-B83.5",
            "count": 2,
            "created_time": "2025-04-04T15:30:20.854307Z",
            "yes_price": 51,
            "no_price": 49,
            "taker_side": "yes"
        },
        {
            "trade_id": "23037ec3-ba8a-44a3-878c-b301801a21f8",
            "ticker": "KXHIGHMIA-25APR04-B83.5",
            "count": 10,
            "created_time": "2025-04-04T15:25:00.963138Z",
            "yes_price": 51,
            "no_price": 49,
            "taker_side": "yes"
        },
        {
            "trade_id": "9adb19b5-96fe-47ce-9cff-3c3c0b9a4943",
            "ticker": "KXHIGHMIA-25APR04-B83.5",
            "count": 15,
            "created_time": "2025-04-04T15:21:11.120861Z",
            "yes_price": 50,
            "no_price": 50,
            "taker_side": "yes"
        },
        {
            "trade_id": "52a05d87-e37b-4a7d-b21f-9b825179af91",
            "ticker": "KXHIGHMIA-25APR04-B83.5",
            "count": 8,
            "created_time": "2025-04-04T15:16:14.86475Z",
            "yes_price": 45,
            "no_price": 55,
            "taker_side": "no"
        },
        {
            "trade_id": "e9a88697-4e65-4d3d-9f59-b310707d10ca",
            "ticker": "KXHIGHMIA-25APR04-B83.5",
            "count": 1,
            "created_time": "2025-04-04T15:12:22.521845Z",
            "yes_price": 53,
            "no_price": 47,
            "taker_side": "yes"
        },
        {
            "trade_id": "ee772238-9b7f-4e1a-89ac-b29b91492f2d",
            "ticker": "KXHIGHMIA-25APR04-B83.5",
            "count": 50,
            "created_time": "2025-04-04T15:11:36.859142Z",
            "yes_price": 49,
            "no_price": 51,
            "taker_side": "yes"
        },
        {
            "trade_id": "e99270de-790a-4b12-9ed2-ab19c12d4b45",
            "ticker": "KXHIGHMIA-25APR04-B83.5",
            "count": 9,
            "created_time": "2025-04-04T15:11:36.859142Z",
            "yes_price": 52,
            "no_price": 48,
            "taker_side": "yes"
        },
        {
            "trade_id": "e07af245-f101-45f3-aac8-aa946174dff8",
            "ticker": "KXHIGHMIA-25APR04-B83.5",
            "count": 16,
            "created_time": "2025-04-04T15:11:36.859142Z",
            "yes_price": 48,
            "no_price": 52,
            "taker_side": "yes"
        },
        {
            "trade_id": "d0c26d59-dd82-4574-b8d1-468c4c34e56f",
            "ticker": "KXHIGHMIA-25APR04-B83.5",
            "count": 23,
            "created_time": "2025-04-04T15:11:36.859142Z",
            "yes_price": 53,
            "no_price": 47,
            "taker_side": "yes"
        },
        {
            "trade_id": "8063bb99-58b3-41eb-820d-d416057b289f",
            "ticker": "KXHIGHMIA-25APR04-B83.5",
            "count": 18,
            "created_time": "2025-04-04T15:07:18.763476Z",
            "yes_price": 52,
            "no_price": 48,
            "taker_side": "yes"
        },
        {
            "trade_id": "7c8166a9-3b58-4fa8-b446-b403188779fa",
            "ticker": "KXHIGHMIA-25APR04-B83.5",
            "count": 35,
            "created_time": "2025-04-04T14:56:37.227056Z",
            "yes_price": 53,
            "no_price": 47,
            "taker_side": "yes"
        },
        {
            "trade_id": "01c678a9-6646-4c2e-97cd-4ff4d5c3b766",
            "ticker": "KXHIGHMIA-25APR04-B83.5",
            "count": 7,
            "created_time": "2025-04-04T14:52:01.02764Z",
            "yes_price": 55,
            "no_price": 45,
            "taker_side": "yes"
        },
        {
            "trade_id": "76d8d81c-58c2-4d45-a74e-7642c5585962",
            "ticker": "KXHIGHMIA-25APR04-B83.5",
            "count": 50,
            "created_time": "2025-04-04T14:43:13.899143Z",
            "yes_price": 55,
            "no_price": 45,
            "taker_side": "yes"
        },
        {
            "trade_id": "57117cab-853b-4fdc-aab8-632a99d2e1b5",
            "ticker": "KXHIGHMIA-25APR04-B83.5",
            "count": 21,
            "created_time": "2025-04-04T14:42:33.51404Z",
            "yes_price": 54,
            "no_price": 46,
            "taker_side": "no"
        },
        {
            "trade_id": "8342deb2-1ea7-49e8-bfec-24c92cbe1243",
            "ticker": "KXHIGHMIA-25APR04-B83.5",
            "count": 5,
            "created_time": "2025-04-04T14:42:32.818271Z",
            "yes_price": 54,
            "no_price": 46,
            "taker_side": "no"
        },
        {
            "trade_id": "eb650c45-9f5f-4cbd-994a-d89023439ca9",
            "ticker": "KXHIGHMIA-25APR04-B83.5",
            "count": 18,
            "created_time": "2025-04-04T14:41:27.947297Z",
            "yes_price": 54,
            "no_price": 46,
            "taker_side": "no"
        },
        {
            "trade_id": "c3d0049b-61f1-4631-80ae-7ece44f33623",
            "ticker": "KXHIGHMIA-25APR04-B83.5",
            "count": 3,
            "created_time": "2025-04-04T14:41:12.730213Z",
            "yes_price": 57,
            "no_price": 43,
            "taker_side": "yes"
        },
        {
            "trade_id": "f6b202a4-1154-4968-9894-03d0ac6a6793",
            "ticker": "KXHIGHMIA-25APR04-B83.5",
            "count": 26,
            "created_time": "2025-04-04T14:41:07.413585Z",
            "yes_price": 53,
            "no_price": 47,
            "taker_side": "yes"
        },
        {
            "trade_id": "b05d89c1-3ebe-4000-af97-d20547007755",
            "ticker": "KXHIGHMIA-25APR04-B83.5",
            "count": 3,
            "created_time": "2025-04-04T14:41:07.413585Z",
            "yes_price": 58,
            "no_price": 42,
            "taker_side": "yes"
        },
        {
            "trade_id": "a11c4ec1-9325-4e47-9e39-d0749a0e3d97",
            "ticker": "KXHIGHMIA-25APR04-B83.5",
            "count": 50,
            "created_time": "2025-04-04T14:41:07.413585Z",
            "yes_price": 47,
            "no_price": 53,
            "taker_side": "yes"
        },
        {
            "trade_id": "97f64625-b1fb-4267-a7bc-5be6fd8ae24b",
            "ticker": "KXHIGHMIA-25APR04-B83.5",
            "count": 12,
            "created_time": "2025-04-04T14:41:07.413585Z",
            "yes_price": 52,
            "no_price": 48,
            "taker_side": "yes"
        },
        {
            "trade_id": "0db010e7-deb2-449c-8842-b9534a8e5c81",
            "ticker": "KXHIGHMIA-25APR04-B83.5",
