{
    "KXHIGHMIA-25JAN19-T77": [
        {
            "trade_id": "cb73ab6d-c461-4a0f-953d-83ce0f66e5f5",
            "ticker": "KXHIGHMIA-25JAN19-T77",
            "count": 93,
            "created_time": "2025-01-20T04:53:45.108899Z",
            "yes_price": 1,
            "no_price": 99,
            "taker_side": "yes"
        },
        {
            "trade_id": "e9d67ebb-c5b8-4f2d-a4d4-1388d914cd32",
            "ticker": "KXHIGHMIA-25JAN19-T77",
            "count": 579,
            "created_time": "2025-01-20T04:53:14.513318Z",
            "yes_price": 1,
            "no_price": 99,
            "taker_side": "yes"
        },
        {
            "trade_id": "a7004de8-8797-4df5-973c-6ee3bfd29151",
            "ticker": "KXHIGHMIA-25JAN19-T77",
            "count": 355,
            "created_time": "2025-01-20T04:53:14.513318Z",
            "yes_price": 1,
            "no_price": 99,
            "taker_side": "yes"
        },
        {
            "trade_id": "f599309c-4336-4d7b-a069-c015f34ff6ef",
            "ticker": "KXHIGHMIA-25JAN19-T77",
            "count": 500,
            "created_time": "2025-01-20T02:36:59.623602Z",
            "yes_price": 1,
            "no_price": 99,
            "taker_side": "yes"
        },
        {
            "trade_id": "cac59251-0d4c-457b-931e-e174ea4a5508",
            "ticker": "KXHIGHMIA-25JAN19-T77",
            "count": 395,
            "created_time": "2025-01-20T02:36:59.623602Z",
            "yes_price": 1,
            "no_price": 99,
            "taker_side": "yes"
        },
        {
            "trade_id": "befd78ea-ddd2-42eb-8e1d-398b894945d9",
            "ticker": "KXHIGHMIA-25JAN19-T77",
            "count": 506,
            "created_time": "2025-01-20T02:36:59.623602Z",
            "yes_price": 1,
            "no_price": 99,
            "taker_side": "yes"
        },
        {
            "trade_id": "29602e6e-0d5a-4694-849d-6347f35e0840",
            "ticker": "KXHIGHMIA-25JAN19-T77",
            "count": 93,
            "created_time": "2025-01-20T01:16:42.738336Z",
            "yes_price": 1,
            "no_price": 99,
            "taker_side": "yes"
        },
        {
            "trade_id": "e1ed895c-58ab-429b-84d0-b667b69b294f",
            "ticker": "KXHIGHMIA-25JAN19-T77",
            "count": 14,
            "created_time": "2025-01-20T01:11:11.427251Z",
            "yes_price": 1,
            "no_price": 99,
            "taker_side": "yes"
        },
        {
            "trade_id": "4ce26611-1a8a-451d-8fe4-dd2a745522a0",
            "ticker": "KXHIGHMIA-25JAN19-T77",
            "count": 79,
            "created_time": "2025-01-20T01:11:11.427251Z",
            "yes_price": 1,
            "no_price": 99,
            "taker_side": "yes"
        },
        {
            "trade_id": "95f84b8d-ebd3-4455-b262-9b045d952f7f",
            "ticker": "KXHIGHMIA-25JAN19-T77",
            "count": 100,
            "created_time": "2025-01-19T23:33:40.461947Z",
            "yes_price": 1,
            "no_price": 99,
            "taker_side": "yes"
        },
        {
            "trade_id": "4760ce9d-4d29-4620-8ee6-5abe5195303a",
            "ticker": "KXHIGHMIA-25JAN19-T77",
            "count": 86,
            "created_time": "2025-01-19T23:33:40.461947Z",
            "yes_price": 1,
            "no_price": 99,
            "taker_side": "yes"
        }
    ],
    "KXHIGHMIA-25JAN19-B77.5": [],
    "KXHIGHMIA-25JAN19-B79.5": [
        {
            "trade_id": "da2a4ae6-efc0-4309-9a04-532ce9168275",
            "ticker": "KXHIGHMIA-25JAN19-B79.5",
            "count": 1,
            "created_time": "2025-01-19T18:25:50.119838Z",
            "yes_price": 1,
            "no_price": 99,
            "taker_side": "yes"
        },
        {
            "trade_id": "ad66839d-1056-418e-a98c-6bf57a03d420",
            "ticker": "KXHIGHMIA-25JAN19-B79.5",
            "count": 25,
            "created_time": "2025-01-19T13:30:59.978611Z",
            "yes_price": 1,
            "no_price": 99,
            "taker_side": "no"
        },
        {
            "trade_id": "922778da-a391-4072-9fc2-d406a4e7251b",
            "ticker": "KXHIGHMIA-25JAN19-B79.5",
            "count": 20,
            "created_time": "2025-01-19T13:30:14.230529Z",
            "yes_price": 1,
            "no_price": 99,
            "taker_side": "no"
        },
        {
            "trade_id": "a0a72e3b-3ec9-429e-9eaa-93814e023bf6",
            "ticker": "KXHIGHMIA-25JAN19-B79.5",
            "count": 1,
            "created_time": "2025-01-19T07:58:50.732658Z",
            "yes_price": 2,
            "no_price": 98,
            "taker_side": "yes"
        },
        {
            "trade_id": "0573600a-ed35-4f6f-8fde-779925e92799",
            "ticker": "KXHIGHMIA-25JAN19-B79.5",
            "count": 5,
            "created_time": "2025-01-19T07:58:50.732658Z",
            "yes_price": 2,
            "no_price": 98,
            "taker_side": "yes"
        },
        {
            "trade_id": "c55be782-78c5-4b03-8ccb-79afb6c612a4",
            "ticker": "KXHIGHMIA-25JAN19-B79.5",
            "count": 136,
            "created_time": "2025-01-19T04:52:20.131783Z",
            "yes_price": 1,
            "no_price": 99,
            "taker_side": "no"
        },
        {
            "trade_id": "19682eae-b758-4d7a-ae24-7606544b37f2",
            "ticker": "KXHIGHMIA-25JAN19-B79.5",
            "count": 19,
            "created_time": "2025-01-19T04:52:14.009371Z",
            "yes_price": 1,
            "no_price": 99,
            "taker_side": "no"
        },
        {
            "trade_id": "445e40b9-9be6-4ed2-afdb-b90120010fe8",
            "ticker": "KXHIGHMIA-25JAN19-B79.5",
            "count": 1,
            "created_time": "2025-01-18T23:53:15.560563Z",
            "yes_price": 5,
            "no_price": 95,
            "taker_side": "yes"
        },
        {
            "trade_id": "ac732b54-e303-4d98-bf59-334b78e73632",
            "ticker": "KXHIGHMIA-25JAN19-B79.5",
            "count": 1,
            "created_time": "2025-01-18T21:39:45.436967Z",
            "yes_price": 2,
            "no_price": 98,
            "taker_side": "yes"
        },
        {
            "trade_id": "439ede53-5cc7-4c7c-a997-a0da31de3e91",
            "ticker": "KXHIGHMIA-25JAN19-B79.5",
            "count": 26,
            "created_time": "2025-01-18T21:39:32.986817Z",
            "yes_price": 2,
            "no_price": 98,
            "taker_side": "yes"
        },
        {
            "trade_id": "9f045076-4d5c-4dcc-a69f-a1ac861035f2",
            "ticker": "KXHIGHMIA-25JAN19-B79.5",
            "count": 78,
            "created_time": "2025-01-18T21:36:31.497848Z",
            "yes_price": 2,
            "no_price": 98,
            "taker_side": "yes"
        }
    ],
    "KXHIGHMIA-25JAN19-B81.5": [
        {
            "trade_id": "8b1a8028-fe05-4267-b3e3-e25f8d87cbd5",
            "ticker": "KXHIGHMIA-25JAN19-B81.5",
            "count": 100,
            "created_time": "2025-01-20T04:58:25.815141Z",
            "yes_price": 1,
            "no_price": 99,
            "taker_side": "yes"
        },
        {
            "trade_id": "e6fe69d6-a331-419f-8c18-884265d06495",
            "ticker": "KXHIGHMIA-25JAN19-B81.5",
            "count": 467,
            "created_time": "2025-01-20T04:34:16.232555Z",
            "yes_price": 1,
            "no_price": 99,
            "taker_side": "yes"
        },
        {
            "trade_id": "60305671-bb2b-433d-ac4c-0fa88170f27c",
            "ticker": "KXHIGHMIA-25JAN19-B81.5",
            "count": 20,
            "created_time": "2025-01-20T03:56:37.116785Z",
            "yes_price": 1,
            "no_price": 99,
            "taker_side": "yes"
        },
        {
            "trade_id": "5adc7bff-2a5f-4de3-a999-b15985a8387e",
            "ticker": "KXHIGHMIA-25JAN19-B81.5",
            "count": 6,
            "created_time": "2025-01-20T03:52:24.321596Z",
            "yes_price": 1,
            "no_price": 99,
            "taker_side": "yes"
        },
        {
            "trade_id": "6788e258-8713-4b65-83de-9e008d367c7a",
            "ticker": "KXHIGHMIA-25JAN19-B81.5",
            "count": 2200,
            "created_time": "2025-01-20T03:32:50.567859Z",
            "yes_price": 1,
            "no_price": 99,
            "taker_side": "yes"
        },
        {
            "trade_id": "070a8c38-6d39-4563-983b-9aa19d07a62e",
            "ticker": "KXHIGHMIA-25JAN19-B81.5",
            "count": 23,
            "created_time": "2025-01-20T03:32:21.2099Z",
            "yes_price": 1,
            "no_price": 99,
            "taker_side": "yes"
        },
        {
            "trade_id": "320846cd-c9a5-46ee-a9a1-03873f5f9d3f",
            "ticker": "KXHIGHMIA-25JAN19-B81.5",
            "count": 93,
            "created_time": "2025-01-20T02:51:04.474449Z",
            "yes_price": 1,
            "no_price": 99,
            "taker_side": "yes"
        },
        {
            "trade_id": "565cb611-5e1f-419d-944b-8e14edf8cb0b",
            "ticker": "KXHIGHMIA-25JAN19-B81.5",
            "count": 93,
            "created_time": "2025-01-20T02:43:11.651157Z",
            "yes_price": 1,
            "no_price": 99,
            "taker_side": "yes"
        },
        {
            "trade_id": "3eff477f-e7b7-4814-8c48-b7c1d77e0582",
            "ticker": "KXHIGHMIA-25JAN19-B81.5",
            "count": 10,
            "created_time": "2025-01-20T00:44:19.577293Z",
            "yes_price": 1,
            "no_price": 99,
            "taker_side": "yes"
        },
        {
            "trade_id": "f6257cfd-de6b-4d48-b4f9-ae4b9da23d1c",
            "ticker": "KXHIGHMIA-25JAN19-B81.5",
            "count": 20,
            "created_time": "2025-01-20T00:43:29.253384Z",
            "yes_price": 1,
            "no_price": 99,
            "taker_side": "yes"
        },
        {
            "trade_id": "4d40ec56-a54a-4c3e-a7d8-15edcb95fd67",
            "ticker": "KXHIGHMIA-25JAN19-B81.5",
            "count": 50,
            "created_time": "2025-01-19T23:56:38.844166Z",
            "yes_price": 1,
            "no_price": 99,
            "taker_side": "yes"
        },
        {
            "trade_id": "b8dda794-ea12-47e7-837f-1d6ac7284aa2",
            "ticker": "KXHIGHMIA-25JAN19-B81.5",
            "count": 187,
            "created_time": "2025-01-19T23:17:40.052898Z",
            "yes_price": 1,
            "no_price": 99,
            "taker_side": "yes"
        },
        {
            "trade_id": "50f0081f-a378-41b7-827c-cecb0636d29b",
            "ticker": "KXHIGHMIA-25JAN19-B81.5",
            "count": 93,
            "created_time": "2025-01-19T22:26:35.507207Z",
            "yes_price": 1,
            "no_price": 99,
            "taker_side": "yes"
        },
        {
            "trade_id": "b8cfbf7f-4afa-4b63-b6ef-5d8f5c6fa8be",
            "ticker": "KXHIGHMIA-25JAN19-B81.5",
            "count": 935,
            "created_time": "2025-01-19T21:37:36.555796Z",
            "yes_price": 1,
            "no_price": 99,
            "taker_side": "yes"
        },
        {
            "trade_id": "7411445d-2474-494f-b386-3004e189bff6",
            "ticker": "KXHIGHMIA-25JAN19-B81.5",
            "count": 93,
            "created_time": "2025-01-19T21:33:54.357429Z",
            "yes_price": 1,
            "no_price": 99,
            "taker_side": "yes"
        },
        {
            "trade_id": "e5a07b3e-b1f8-44c9-b909-0bce72bedf8b",
            "ticker": "KXHIGHMIA-25JAN19-B81.5",
            "count": 374,
            "created_time": "2025-01-19T21:31:11.214287Z",
            "yes_price": 1,
            "no_price": 99,
            "taker_side": "yes"
        },
        {
            "trade_id": "a71dc765-6ee7-422b-b663-58f34483562e",
            "ticker": "KXHIGHMIA-25JAN19-B81.5",
            "count": 100,
            "created_time": "2025-01-19T21:15:01.352363Z",
            "yes_price": 1,
            "no_price": 99,
            "taker_side": "yes"
        },
        {
            "trade_id": "9799ea66-ff2b-4903-af45-d8f08aa3f00f",
            "ticker": "KXHIGHMIA-25JAN19-B81.5",
            "count": 1870,
            "created_time": "2025-01-19T21:06:22.314853Z",
            "yes_price": 1,
            "no_price": 99,
            "taker_side": "yes"
        },
        {
            "trade_id": "fde66a1f-e7a4-4aa0-b332-f58d76db6077",
            "ticker": "KXHIGHMIA-25JAN19-B81.5",
            "count": 716,
            "created_time": "2025-01-19T21:03:47.66964Z",
            "yes_price": 1,
            "no_price": 99,
            "taker_side": "yes"
        },
        {
            "trade_id": "77ef2098-4692-4ad6-b93d-b1de9b91ea40",
            "ticker": "KXHIGHMIA-25JAN19-B81.5",
            "count": 26,
            "created_time": "2025-01-19T21:03:47.66964Z",
            "yes_price": 1,
            "no_price": 99,
            "taker_side": "yes"
        },
        {
            "trade_id": "4260b022-41ef-44d0-9799-a435b6fdb8cc",
            "ticker": "KXHIGHMIA-25JAN19-B81.5",
            "count": 173,
            "created_time": "2025-01-19T21:03:47.66964Z",
            "yes_price": 1,
            "no_price": 99,
            "taker_side": "yes"
        },
        {
            "trade_id": "930f7e22-9ac5-4e79-aca0-b13417690153",
            "ticker": "KXHIGHMIA-25JAN19-B81.5",
            "count": 14,
            "created_time": "2025-01-19T20:21:10.600514Z",
            "yes_price": 1,
            "no_price": 99,
            "taker_side": "yes"
        },
        {
            "trade_id": "b35663c0-5d2c-4081-90e9-d02f8da7eb01",
            "ticker": "KXHIGHMIA-25JAN19-B81.5",
            "count": 467,
            "created_time": "2025-01-19T20:17:44.043731Z",
            "yes_price": 1,
            "no_price": 99,
            "taker_side": "yes"
        },
        {
            "trade_id": "b3cdcee6-8b61-49af-a437-cc0bd8ee868a",
            "ticker": "KXHIGHMIA-25JAN19-B81.5",
            "count": 119,
            "created_time": "2025-01-19T19:48:37.77814Z",
            "yes_price": 1,
            "no_price": 99,
            "taker_side": "yes"
        },
        {
            "trade_id": "37794a0d-8485-47ac-9ef9-61e41662fd78",
            "ticker": "KXHIGHMIA-25JAN19-B81.5",
            "count": 100,
            "created_time": "2025-01-19T19:43:50.302334Z",
            "yes_price": 1,
            "no_price": 99,
            "taker_side": "yes"
        },
        {
            "trade_id": "6e6af698-7f21-470e-9d41-ab3b1d5d0c69",
            "ticker": "KXHIGHMIA-25JAN19-B81.5",
            "count": 766,
            "created_time": "2025-01-19T19:24:20.8837Z",
            "yes_price": 1,
            "no_price": 99,
            "taker_side": "yes"
        },
        {
            "trade_id": "677b75d6-b85c-4614-bc08-4b1350a9b115",
            "ticker": "KXHIGHMIA-25JAN19-B81.5",
            "count": 47,
            "created_time": "2025-01-19T19:15:02.0307Z",
            "yes_price": 1,
            "no_price": 99,
            "taker_side": "yes"
        },
        {
            "trade_id": "ccacff6d-d2a0-4391-9f53-99f0a9d0e8ed",
            "ticker": "KXHIGHMIA-25JAN19-B81.5",
            "count": 271,
            "created_time": "2025-01-19T19:11:57.25115Z",
            "yes_price": 1,
            "no_price": 99,
            "taker_side": "yes"
        },
        {
            "trade_id": "00d34aae-1322-48b7-9c0c-9c102d945712",
            "ticker": "KXHIGHMIA-25JAN19-B81.5",
            "count": 881,
            "created_time": "2025-01-19T19:11:57.25115Z",
            "yes_price": 1,
            "no_price": 99,
            "taker_side": "yes"
        },
        {
            "trade_id": "876ee336-0e43-4c0a-8ee9-8d4f688ce2fa",
            "ticker": "KXHIGHMIA-25JAN19-B81.5",
            "count": 188,
            "created_time": "2025-01-19T19:10:28.437223Z",
            "yes_price": 1,
            "no_price": 99,
            "taker_side": "yes"
        },
        {
            "trade_id": "45a5a72d-a9ca-4479-85b5-160069473d54",
            "ticker": "KXHIGHMIA-25JAN19-B81.5",
            "count": 119,
            "created_time": "2025-01-19T19:10:28.437223Z",
            "yes_price": 1,
            "no_price": 99,
            "taker_side": "yes"
        },
        {
            "trade_id": "050b2285-2c3c-4c5b-8ccd-4a7d46fb5b57",
            "ticker": "KXHIGHMIA-25JAN19-B81.5",
            "count": 1000,
            "created_time": "2025-01-19T19:10:28.437223Z",
            "yes_price": 1,
            "no_price": 99,
            "taker_side": "yes"
        },
        {
            "trade_id": "a95839af-cf0e-4810-812b-5e1ec2ed83ae",
            "ticker": "KXHIGHMIA-25JAN19-B81.5",
            "count": 41,
            "created_time": "2025-01-19T19:06:36.215529Z",
            "yes_price": 1,
            "no_price": 99,
            "taker_side": "yes"
        },
        {
            "trade_id": "8a3e0f65-db70-4316-8684-9f24131a46de",
            "ticker": "KXHIGHMIA-25JAN19-B81.5",
            "count": 93,
            "created_time": "2025-01-19T19:04:38.371512Z",
            "yes_price": 1,
            "no_price": 99,
            "taker_side": "yes"
        },
        {
            "trade_id": "ca523532-7c1c-4da5-99b3-7342f6542032",
            "ticker": "KXHIGHMIA-25JAN19-B81.5",
            "count": 180,
            "created_time": "2025-01-19T19:04:29.567944Z",
            "yes_price": 1,
            "no_price": 99,
            "taker_side": "yes"
        },
        {
            "trade_id": "f393bbca-37b8-4253-b226-550561e7c1f7",
            "ticker": "KXHIGHMIA-25JAN19-B81.5",
            "count": 18,
            "created_time": "2025-01-19T19:04:27.534638Z",
            "yes_price": 1,
            "no_price": 99,
            "taker_side": "yes"
        },
        {
            "trade_id": "7bb73fab-f570-40e0-b7b4-8b2b233f5692",
            "ticker": "KXHIGHMIA-25JAN19-B81.5",
            "count": 295,
            "created_time": "2025-01-19T19:00:50.797065Z",
            "yes_price": 1,
            "no_price": 99,
            "taker_side": "yes"
        },
        {
            "trade_id": "5acbd708-bfe4-41f9-b6e7-ebd6ba8bd29e",
            "ticker": "KXHIGHMIA-25JAN19-B81.5",
            "count": 27,
            "created_time": "2025-01-19T18:57:36.099569Z",
            "yes_price": 1,
            "no_price": 99,
            "taker_side": "yes"
        },
        {
            "trade_id": "98dbe5a8-e0d9-4535-aef6-a6e6b45179ec",
            "ticker": "KXHIGHMIA-25JAN19-B81.5",
            "count": 342,
            "created_time": "2025-01-19T18:55:18.565788Z",
            "yes_price": 1,
            "no_price": 99,
            "taker_side": "yes"
        },
        {
            "trade_id": "1836e2da-cd66-447f-814a-41d2e0d1e337",
            "ticker": "KXHIGHMIA-25JAN19-B81.5",
            "count": 158,
            "created_time": "2025-01-19T18:55:18.565788Z",
            "yes_price": 1,
            "no_price": 99,
            "taker_side": "yes"
        },
        {
            "trade_id": "a8c1d423-eb2c-45b6-b7ad-68af75744a9e",
            "ticker": "KXHIGHMIA-25JAN19-B81.5",
            "count": 432,
            "created_time": "2025-01-19T18:39:22.604317Z",
            "yes_price": 1,
            "no_price": 99,
            "taker_side": "no"
        },
        {
            "trade_id": "67a1260d-c126-4236-a344-4fcef1231606",
            "ticker": "KXHIGHMIA-25JAN19-B81.5",
            "count": 101,
            "created_time": "2025-01-19T18:39:22.604317Z",
            "yes_price": 1,
            "no_price": 99,
            "taker_side": "no"
        },
        {
            "trade_id": "58968d23-94e6-4718-a197-ae7180293b74",
            "ticker": "KXHIGHMIA-25JAN19-B81.5",
            "count": 25,
            "created_time": "2025-01-19T18:39:22.604317Z",
            "yes_price": 1,
            "no_price": 99,
            "taker_side": "no"
        },
        {
            "trade_id": "55e8f3f0-3263-4ee2-952c-1a32dd39dde6",
            "ticker": "KXHIGHMIA-25JAN19-B81.5",
            "count": 100,
            "created_time": "2025-01-19T18:39:22.604317Z",
            "yes_price": 1,
            "no_price": 99,
            "taker_side": "no"
        },
        {
            "trade_id": "eba62462-057e-435f-af78-89511954f1fa",
            "ticker": "KXHIGHMIA-25JAN19-B81.5",
            "count": 50,
            "created_time": "2025-01-19T18:38:24.677607Z",
            "yes_price": 2,
            "no_price": 98,
            "taker_side": "no"
        },
        {
            "trade_id": "e020e7a1-4788-49af-8f4c-6cb282045c7a",
            "ticker": "KXHIGHMIA-25JAN19-B81.5",
            "count": 150,
            "created_time": "2025-01-19T18:38:24.677607Z",
            "yes_price": 1,
            "no_price": 99,
            "taker_side": "no"
        },
        {
            "trade_id": "b7ac1258-9c3b-45b1-98d8-dbc1db940625",
            "ticker": "KXHIGHMIA-25JAN19-B81.5",
            "count": 101,
            "created_time": "2025-01-19T18:38:24.677607Z",
            "yes_price": 2,
            "no_price": 98,
            "taker_side": "no"
        },
        {
            "trade_id": "91996cd5-239e-4a92-9d74-43e1c3edc109",
            "ticker": "KXHIGHMIA-25JAN19-B81.5",
            "count": 4,
            "created_time": "2025-01-19T18:38:24.677607Z",
            "yes_price": 3,
            "no_price": 97,
            "taker_side": "no"
        },
        {
            "trade_id": "60909315-e406-4211-a786-90028c787249",
            "ticker": "KXHIGHMIA-25JAN19-B81.5",
            "count": 100,
            "created_time": "2025-01-19T18:38:24.677607Z",
            "yes_price": 2,
            "no_price": 98,
            "taker_side": "no"
        },
        {
            "trade_id": "49d22292-cd40-4222-9282-3c0bf88ea324",
            "ticker": "KXHIGHMIA-25JAN19-B81.5",
            "count": 295,
            "created_time": "2025-01-19T18:38:24.677607Z",
            "yes_price": 1,
            "no_price": 99,
            "taker_side": "no"
        },
        {
            "trade_id": "02650c23-c090-4ad8-90ab-840e780dd3f9",
            "ticker": "KXHIGHMIA-25JAN19-B81.5",
            "count": 50,
            "created_time": "2025-01-19T18:38:24.677607Z",
            "yes_price": 2,
            "no_price": 98,
            "taker_side": "no"
        },
        {
            "trade_id": "e3093d81-afce-46cc-9af5-28dca8b4532a",
            "ticker": "KXHIGHMIA-25JAN19-B81.5",
            "count": 4,
            "created_time": "2025-01-19T18:37:08.981432Z",
            "yes_price": 3,
            "no_price": 97,
            "taker_side": "no"
        },
        {
            "trade_id": "47861723-9b59-4e80-bdb1-72eaade61cd0",
            "ticker": "KXHIGHMIA-25JAN19-B81.5",
            "count": 2,
            "created_time": "2025-01-19T18:34:18.488371Z",
            "yes_price": 3,
            "no_price": 97,
            "taker_side": "no"
        },
        {
            "trade_id": "e77c6320-19a0-491d-8936-d9db1335a31b",
            "ticker": "KXHIGHMIA-25JAN19-B81.5",
            "count": 2,
            "created_time": "2025-01-19T18:33:54.891784Z",
            "yes_price": 4,
            "no_price": 96,
            "taker_side": "no"
        },
        {
            "trade_id": "054af0ca-ba06-47f2-b3db-c45537de59a0",
            "ticker": "KXHIGHMIA-25JAN19-B81.5",
            "count": 99,
            "created_time": "2025-01-19T18:33:54.891784Z",
            "yes_price": 3,
            "no_price": 97,
            "taker_side": "no"
        },
        {
            "trade_id": "50a4ffec-bc29-497f-b9b9-99af47bcb19e",
            "ticker": "KXHIGHMIA-25JAN19-B81.5",
            "count": 1,
            "created_time": "2025-01-19T18:33:51.371793Z",
            "yes_price": 4,
            "no_price": 96,
            "taker_side": "no"
        },
        {
            "trade_id": "1337b7ea-d350-412c-9afa-b877f8c4c637",
            "ticker": "KXHIGHMIA-25JAN19-B81.5",
            "count": 4,
            "created_time": "2025-01-19T18:33:00.095352Z",
            "yes_price": 4,
            "no_price": 96,
            "taker_side": "no"
        },
        {
            "trade_id": "86fe410c-b671-4155-b7aa-39ab1816674b",
            "ticker": "KXHIGHMIA-25JAN19-B81.5",
            "count": 4,
            "created_time": "2025-01-19T18:32:28.050095Z",
            "yes_price": 4,
            "no_price": 96,
            "taker_side": "no"
        },
        {
            "trade_id": "abc8e9aa-014d-4d64-a9c4-ad385139100f",
            "ticker": "KXHIGHMIA-25JAN19-B81.5",
            "count": 2,
            "created_time": "2025-01-19T18:31:50.237257Z",
            "yes_price": 5,
            "no_price": 95,
            "taker_side": "no"
        },
        {
            "trade_id": "eaeab3f4-e6fc-4b3b-8f69-57b62b97a7d7",
            "ticker": "KXHIGHMIA-25JAN19-B81.5",
            "count": 102,
            "created_time": "2025-01-19T18:31:20.07952Z",
            "yes_price": 5,
            "no_price": 95,
            "taker_side": "no"
        },
        {
            "trade_id": "538ac7d8-f00e-4219-9c47-a3a40d260613",
            "ticker": "KXHIGHMIA-25JAN19-B81.5",
            "count": 1,
            "created_time": "2025-01-19T18:31:09.741118Z",
            "yes_price": 6,
            "no_price": 94,
            "taker_side": "no"
        },
        {
            "trade_id": "0eaaafe3-fb7d-4b10-929d-2e7215cc29fc",
            "ticker": "KXHIGHMIA-25JAN19-B81.5",
            "count": 1,
            "created_time": "2025-01-19T18:31:05.315999Z",
            "yes_price": 6,
            "no_price": 94,
            "taker_side": "no"
        },
        {
            "trade_id": "38f0f1ca-0aad-4c25-8a47-891ac4bcd8c3",
            "ticker": "KXHIGHMIA-25JAN19-B81.5",
            "count": 1,
            "created_time": "2025-01-19T18:30:11.694937Z",
            "yes_price": 6,
            "no_price": 94,
            "taker_side": "yes"
        },
        {
            "trade_id": "b2687469-fd0e-45a0-acb3-1024dda2f68e",
            "ticker": "KXHIGHMIA-25JAN19-B81.5",
            "count": 1,
            "created_time": "2025-01-19T18:30:10.028722Z",
            "yes_price": 6,
            "no_price": 94,
            "taker_side": "yes"
        },
        {
            "trade_id": "e2965c5c-1a60-43ec-8364-28d4224ba55c",
            "ticker": "KXHIGHMIA-25JAN19-B81.5",
            "count": 1,
            "created_time": "2025-01-19T18:30:08.535306Z",
            "yes_price": 6,
            "no_price": 94,
            "taker_side": "no"
        },
        {
            "trade_id": "27786c15-1d91-46f3-af6a-56860620a5b5",
            "ticker": "KXHIGHMIA-25JAN19-B81.5",
            "count": 1,
            "created_time": "2025-01-19T18:29:42.414375Z",
            "yes_price": 6,
            "no_price": 94,
            "taker_side": "no"
        },
        {
            "trade_id": "ec451de7-67d0-4260-85ef-4c6af9bf6463",
            "ticker": "KXHIGHMIA-25JAN19-B81.5",
            "count": 1,
            "created_time": "2025-01-19T18:29:34.617261Z",
            "yes_price": 6,
            "no_price": 94,
            "taker_side": "no"
        },
        {
            "trade_id": "b0b9677a-8165-4d58-bfc7-3911b4e92651",
            "ticker": "KXHIGHMIA-25JAN19-B81.5",
            "count": 1,
            "created_time": "2025-01-19T18:29:05.405691Z",
            "yes_price": 6,
            "no_price": 94,
            "taker_side": "no"
        },
        {
            "trade_id": "3564b314-c39b-4719-9c70-1db990d166dd",
            "ticker": "KXHIGHMIA-25JAN19-B81.5",
            "count": 10,
            "created_time": "2025-01-19T18:27:20.107746Z",
            "yes_price": 7,
            "no_price": 93,
            "taker_side": "no"
        },
        {
            "trade_id": "275ebe38-ca4a-4457-9239-fd2cc994cf92",
            "ticker": "KXHIGHMIA-25JAN19-B81.5",
            "count": 130,
            "created_time": "2025-01-19T18:27:14.734439Z",
            "yes_price": 7,
            "no_price": 93,
            "taker_side": "no"
        },
        {
            "trade_id": "b58689df-03ae-405e-8412-20454d962503",
            "ticker": "KXHIGHMIA-25JAN19-B81.5",
            "count": 2,
            "created_time": "2025-01-19T18:26:47.841228Z",
            "yes_price": 8,
            "no_price": 92,
            "taker_side": "no"
        },
        {
            "trade_id": "1c07128d-2538-4916-86d6-f46d7edeec61",
            "ticker": "KXHIGHMIA-25JAN19-B81.5",
            "count": 800,
            "created_time": "2025-01-19T18:23:50.720863Z",
            "yes_price": 7,
            "no_price": 93,
            "taker_side": "no"
        },
        {
            "trade_id": "837bbc52-3599-42fd-bd92-cdeea75bf506",
            "ticker": "KXHIGHMIA-25JAN19-B81.5",
            "count": 3,
            "created_time": "2025-01-19T18:22:30.920921Z",
            "yes_price": 8,
            "no_price": 92,
            "taker_side": "no"
        },
        {
            "trade_id": "3ca686dc-ffb0-4124-891d-cb5a2a15548a",
            "ticker": "KXHIGHMIA-25JAN19-B81.5",
            "count": 1,
            "created_time": "2025-01-19T18:21:52.595324Z",
            "yes_price": 13,
            "no_price": 87,
            "taker_side": "yes"
        },
        {
            "trade_id": "9eea9651-3949-4ca0-be4e-69fb647dee26",
            "ticker": "KXHIGHMIA-25JAN19-B81.5",
            "count": 75,
            "created_time": "2025-01-19T18:19:18.487844Z",
            "yes_price": 10,
            "no_price": 90,
            "taker_side": "no"
        },
        {
            "trade_id": "bce635fb-480e-4294-848a-2439f692a1af",
            "ticker": "KXHIGHMIA-25JAN19-B81.5",
            "count": 1,
            "created_time": "2025-01-19T18:19:13.110904Z",
            "yes_price": 11,
            "no_price": 89,
            "taker_side": "no"
        },
        {
            "trade_id": "ecdd912c-1173-4dd9-a124-a43609924316",
            "ticker": "KXHIGHMIA-25JAN19-B81.5",
            "count": 3,
            "created_time": "2025-01-19T18:18:25.520302Z",
            "yes_price": 14,
            "no_price": 86,
            "taker_side": "yes"
        },
        {
            "trade_id": "6c068f03-7981-4541-9434-208f0bdaa3bd",
            "ticker": "KXHIGHMIA-25JAN19-B81.5",
            "count": 8,
            "created_time": "2025-01-19T18:16:39.804568Z",
            "yes_price": 15,
            "no_price": 85,
            "taker_side": "yes"
        },
        {
            "trade_id": "138b04cc-761b-49eb-a141-b5f6d2040d71",
            "ticker": "KXHIGHMIA-25JAN19-B81.5",
            "count": 9,
            "created_time": "2025-01-19T18:16:39.804568Z",
            "yes_price": 13,
            "no_price": 87,
            "taker_side": "yes"
        },
        {
            "trade_id": "3ccc50fd-3459-47f3-90ec-3a6ac1aa0bdf",
            "ticker": "KXHIGHMIA-25JAN19-B81.5",
            "count": 4,
            "created_time": "2025-01-19T18:13:09.423868Z",
            "yes_price": 11,
            "no_price": 89,
            "taker_side": "yes"
        },
        {
            "trade_id": "29d3271e-11f8-4d5f-bfa3-112f22caff6a",
            "ticker": "KXHIGHMIA-25JAN19-B81.5",
            "count": 25,
            "created_time": "2025-01-19T18:13:09.423868Z",
            "yes_price": 12,
            "no_price": 88,
            "taker_side": "yes"
        },
        {
            "trade_id": "19586920-be15-44a4-a5ce-5f25497899e8",
            "ticker": "KXHIGHMIA-25JAN19-B81.5",
            "count": 7,
            "created_time": "2025-01-19T18:13:09.423868Z",
            "yes_price": 15,
            "no_price": 85,
            "taker_side": "yes"
        },
        {
            "trade_id": "313c135e-9a71-45be-af27-fae25d72d7e4",
            "ticker": "KXHIGHMIA-25JAN19-B81.5",
            "count": 25,
            "created_time": "2025-01-19T18:13:05.678253Z",
            "yes_price": 10,
            "no_price": 90,
            "taker_side": "yes"
        },
        {
            "trade_id": "70466d2c-c078-42b8-a0a0-f39701b5f9de",
            "ticker": "KXHIGHMIA-25JAN19-B81.5",
            "count": 15,
            "created_time": "2025-01-19T18:05:13.182754Z",
            "yes_price": 11,
            "no_price": 89,
            "taker_side": "yes"
        },
        {
            "trade_id": "2a27830b-66b8-454b-a84f-4bc008640c50",
            "ticker": "KXHIGHMIA-25JAN19-B81.5",
            "count": 5,
            "created_time": "2025-01-19T18:05:13.182754Z",
            "yes_price": 15,
            "no_price": 85,
            "taker_side": "yes"
        },
        {
            "trade_id": "d82da806-25f7-49a6-9c1d-6495fcbef04a",
            "ticker": "KXHIGHMIA-25JAN19-B81.5",
            "count": 20,
            "created_time": "2025-01-19T18:03:48.736032Z",
            "yes_price": 11,
            "no_price": 89,
            "taker_side": "yes"
        },
        {
            "trade_id": "9d49a9fe-3a3f-4f04-8e3d-36f556d1290b",
            "ticker": "KXHIGHMIA-25JAN19-B81.5",
            "count": 25,
            "created_time": "2025-01-19T17:56:54.537137Z",
            "yes_price": 6,
            "no_price": 94,
            "taker_side": "no"
        },
        {
            "trade_id": "bfebb4a0-4262-417b-a325-f7cbf43fdc96",
            "ticker": "KXHIGHMIA-25JAN19-B81.5",
            "count": 25,
            "created_time": "2025-01-19T17:55:58.644774Z",
            "yes_price": 6,
            "no_price": 94,
            "taker_side": "no"
        },
        {
            "trade_id": "4ea89385-176d-4877-9793-40d226b89e5f",
            "ticker": "KXHIGHMIA-25JAN19-B81.5",
            "count": 18,
            "created_time": "2025-01-19T17:46:13.068923Z",
            "yes_price": 29,
            "no_price": 71,
            "taker_side": "yes"
        },
        {
            "trade_id": "0cd2c0ba-08bc-4e80-9170-c30845581384",
            "ticker": "KXHIGHMIA-25JAN19-B81.5",
            "count": 9,
            "created_time": "2025-01-19T17:46:13.068923Z",
            "yes_price": 34,
            "no_price": 66,
            "taker_side": "yes"
        },
        {
            "trade_id": "c1c9fb87-1caf-48c5-9633-8462fe52a280",
            "ticker": "KXHIGHMIA-25JAN19-B81.5",
            "count": 1,
            "created_time": "2025-01-19T17:45:09.710687Z",
            "yes_price": 25,
            "no_price": 75,
            "taker_side": "yes"
        },
        {
            "trade_id": "b8578fe8-5fbb-48b6-bb51-43aafdf91443",
            "ticker": "KXHIGHMIA-25JAN19-B81.5",
            "count": 17,
            "created_time": "2025-01-19T17:45:09.710687Z",
            "yes_price": 27,
            "no_price": 73,
            "taker_side": "yes"
        },
        {
            "trade_id": "4d899daa-d40a-4cee-ab3f-9e1334228a28",
            "ticker": "KXHIGHMIA-25JAN19-B81.5",
            "count": 15,
            "created_time": "2025-01-19T17:45:09.710687Z",
            "yes_price": 27,
            "no_price": 73,
            "taker_side": "yes"
        },
        {
            "trade_id": "37595f52-d400-405a-b631-2ed6b78dbb3c",
            "ticker": "KXHIGHMIA-25JAN19-B81.5",
            "count": 10,
            "created_time": "2025-01-19T17:39:01.518028Z",
            "yes_price": 15,
            "no_price": 85,
            "taker_side": "yes"
        },
        {
            "trade_id": "bad5e5dc-e828-4954-8c5c-107ca837b9b2",
            "ticker": "KXHIGHMIA-25JAN19-B81.5",
            "count": 16,
            "created_time": "2025-01-19T17:28:03.546173Z",
            "yes_price": 24,
            "no_price": 76,
            "taker_side": "yes"
        },
        {
            "trade_id": "9d5a7c4d-d716-4e5d-ae09-36cc219a2116",
            "ticker": "KXHIGHMIA-25JAN19-B81.5",
            "count": 25,
            "created_time": "2025-01-19T17:28:03.546173Z",
            "yes_price": 19,
            "no_price": 81,
            "taker_side": "yes"
        },
        {
            "trade_id": "75782ebf-d164-4d55-8b24-60e36845249c",
            "ticker": "KXHIGHMIA-25JAN19-B81.5",
            "count": 19,
            "created_time": "2025-01-19T17:28:03.546173Z",
            "yes_price": 28,
            "no_price": 72,
            "taker_side": "yes"
        },
        {
            "trade_id": "3b38c6ff-2843-4685-b259-bb96631855fb",
            "ticker": "KXHIGHMIA-25JAN19-B81.5",
            "count": 25,
            "created_time": "2025-01-19T17:28:03.546173Z",
            "yes_price": 20,
            "no_price": 80,
            "taker_side": "yes"
        },
        {
            "trade_id": "2c72526e-dcec-4935-b445-af4472f78bcd",
            "ticker": "KXHIGHMIA-25JAN19-B81.5",
            "count": 25,
            "created_time": "2025-01-19T17:28:03.546173Z",
            "yes_price": 23,
            "no_price": 77,
            "taker_side": "yes"
        },
        {
            "trade_id": "2073eb24-b76f-4f75-b662-568cc34cb7f2",
            "ticker": "KXHIGHMIA-25JAN19-B81.5",
            "count": 25,
            "created_time": "2025-01-19T17:28:03.546173Z",
            "yes_price": 15,
            "no_price": 85,
            "taker_side": "yes"
        },
        {
            "trade_id": "91c2db8d-d738-43cf-af7d-6aaac0aba327",
            "ticker": "KXHIGHMIA-25JAN19-B81.5",
            "count": 13,
            "created_time": "2025-01-19T17:16:52.943195Z",
            "yes_price": 14,
            "no_price": 86,
            "taker_side": "yes"
        },
        {
            "trade_id": "ecc73f47-ad0a-4013-a436-45c7fbeefcad",
            "ticker": "KXHIGHMIA-25JAN19-B81.5",
            "count": 60,
            "created_time": "2025-01-19T17:15:39.31502Z",
            "yes_price": 14,
            "no_price": 86,
            "taker_side": "yes"
        },
        {
            "trade_id": "dd8d77f9-52e0-4aac-9f09-a83914dcdfdc",
            "ticker": "KXHIGHMIA-25JAN19-B81.5",
            "count": 20,
            "created_time": "2025-01-19T17:05:27.104619Z",
            "yes_price": 8,
            "no_price": 92,
            "taker_side": "no"
        },
        {
            "trade_id": "390d218a-5ee5-493e-98ef-4901aabef576",
            "ticker": "KXHIGHMIA-25JAN19-B81.5",
            "count": 700,
            "created_time": "2025-01-19T17:05:27.104619Z",
            "yes_price": 7,
            "no_price": 93,
            "taker_side": "no"
        },
        {
            "trade_id": "33d5767d-16c5-4e0d-8104-ba0034f2d5cf",
            "ticker": "KXHIGHMIA-25JAN19-B81.5",
            "count": 29,
            "created_time": "2025-01-19T17:05:27.104619Z",
            "yes_price": 7,
            "no_price": 93,
            "taker_side": "no"
        },
        {
            "trade_id": "4294cf52-c226-41da-bf7a-5b9800e56a94",
            "ticker": "KXHIGHMIA-25JAN19-B81.5",
            "count": 100,
            "created_time": "2025-01-19T17:04:40.210184Z",
            "yes_price": 10,
            "no_price": 90,
            "taker_side": "no"
        },
        {
            "trade_id": "19260676-126f-41c6-a946-a0c24f55b5f9",
            "ticker": "KXHIGHMIA-25JAN19-B81.5",
            "count": 100,
            "created_time": "2025-01-19T16:55:04.949448Z",
            "yes_price": 7,
            "no_price": 93,
            "taker_side": "no"
        },
        {
            "trade_id": "a20ab12b-8b77-4855-93e2-3fb19d5631b1",
            "ticker": "KXHIGHMIA-25JAN19-B81.5",
            "count": 8,
            "created_time": "2025-01-19T16:54:46.631507Z",
            "yes_price": 14,
            "no_price": 86,
            "taker_side": "yes"
        },
        {
            "trade_id": "058e83b4-25fd-4fdb-975f-2eb1342fa8f3",
            "ticker": "KXHIGHMIA-25JAN19-B81.5",
            "count": 25,
            "created_time": "2025-01-19T16:54:46.631507Z",
            "yes_price": 14,
            "no_price": 86,
            "taker_side": "yes"
        },
        {
            "trade_id": "945ae97f-f7f6-4e11-a1ec-89176f40c22a",
            "ticker": "KXHIGHMIA-25JAN19-B81.5",
            "count": 4,
            "created_time": "2025-01-19T16:50:48.497738Z",
            "yes_price": 6,
            "no_price": 94,
            "taker_side": "no"
        },
        {
            "trade_id": "170e7acd-f302-4d71-a241-ef3ed241740c",
            "ticker": "KXHIGHMIA-25JAN19-B81.5",
            "count": 6,
            "created_time": "2025-01-19T16:45:59.547835Z",
            "yes_price": 14,
            "no_price": 86,
            "taker_side": "yes"
        },
        {
            "trade_id": "47fc0abe-e2b0-444f-b611-f1878e06388a",
            "ticker": "KXHIGHMIA-25JAN19-B81.5",
            "count": 34,
            "created_time": "2025-01-19T16:45:54.514823Z",
            "yes_price": 6,
            "no_price": 94,
            "taker_side": "no"
        },
        {
            "trade_id": "3f15ba17-9812-4d39-af43-bf1e9ae78657",
            "ticker": "KXHIGHMIA-25JAN19-B81.5",
            "count": 679,
            "created_time": "2025-01-19T16:42:27.01846Z",
            "yes_price": 7,
            "no_price": 93,
            "taker_side": "no"
        },
        {
            "trade_id": "ae6d2837-4073-4adc-9269-aa62ae54e94e",
            "ticker": "KXHIGHMIA-25JAN19-B81.5",
            "count": 940,
            "created_time": "2025-01-19T16:42:25.126808Z",
            "yes_price": 8,
            "no_price": 92,
            "taker_side": "no"
        },
        {
            "trade_id": "f5bb6d92-e539-4f35-98c2-201326eb624b",
            "ticker": "KXHIGHMIA-25JAN19-B81.5",
            "count": 37,
            "created_time": "2025-01-19T16:41:55.927351Z",
            "yes_price": 8,
            "no_price": 92,
            "taker_side": "no"
        },
        {
            "trade_id": "4f59631c-c66a-4b91-bcf1-4e08bddbc7d4",
            "ticker": "KXHIGHMIA-25JAN19-B81.5",
            "count": 23,
            "created_time": "2025-01-19T16:41:45.794771Z",
            "yes_price": 8,
            "no_price": 92,
            "taker_side": "no"
        },
        {
            "trade_id": "cbc50dd5-f51a-4886-9f6d-c4c352a9758a",
            "ticker": "KXHIGHMIA-25JAN19-B81.5",
            "count": 25,
            "created_time": "2025-01-19T16:37:55.443766Z",
            "yes_price": 11,
            "no_price": 89,
            "taker_side": "yes"
        },
        {
            "trade_id": "30ed863a-b670-425a-a673-8a5406390573",
            "ticker": "KXHIGHMIA-25JAN19-B81.5",
            "count": 5,
            "created_time": "2025-01-19T16:37:55.443766Z",
            "yes_price": 14,
            "no_price": 86,
            "taker_side": "yes"
        },
        {
            "trade_id": "80722259-de89-4ab9-808f-52f878a69424",
            "ticker": "KXHIGHMIA-25JAN19-B81.5",
            "count": 13,
            "created_time": "2025-01-19T16:36:53.367412Z",
            "yes_price": 10,
            "no_price": 90,
            "taker_side": "yes"
        },
        {
            "trade_id": "3dc14dfe-f642-45f2-b351-167c7acba560",
            "ticker": "KXHIGHMIA-25JAN19-B81.5",
            "count": 24,
            "created_time": "2025-01-19T16:36:53.367412Z",
            "yes_price": 10,
            "no_price": 90,
            "taker_side": "yes"
        },
        {
            "trade_id": "ca00aebe-49b2-4e7f-870f-bd09093b5c34",
            "ticker": "KXHIGHMIA-25JAN19-B81.5",
            "count": 12,
            "created_time": "2025-01-19T16:36:24.246288Z",
            "yes_price": 10,
            "no_price": 90,
            "taker_side": "yes"
        },
        {
            "trade_id": "933d8c30-f2a0-4c95-8325-2d055a1de5ff",
            "ticker": "KXHIGHMIA-25JAN19-B81.5",
            "count": 766,
            "created_time": "2025-01-19T16:35:37.914731Z",
            "yes_price": 7,
            "no_price": 93,
            "taker_side": "no"
        },
        {
            "trade_id": "d23ac98f-c49a-4bc7-93b9-39a6114374c1",
            "ticker": "KXHIGHMIA-25JAN19-B81.5",
            "count": 14,
            "created_time": "2025-01-19T16:35:20.581054Z",
            "yes_price": 9,
            "no_price": 91,
            "taker_side": "yes"
        },
        {
            "trade_id": "59542385-8b1b-46f1-9044-c569b2092d51",
            "ticker": "KXHIGHMIA-25JAN19-B81.5",
            "count": 6,
            "created_time": "2025-01-19T16:35:01.025093Z",
            "yes_price": 7,
            "no_price": 93,
            "taker_side": "no"
        },
        {
            "trade_id": "5215c549-f959-4e50-8a81-96f8d17eec1c",
            "ticker": "KXHIGHMIA-25JAN19-B81.5",
            "count": 10,
            "created_time": "2025-01-19T16:31:19.786272Z",
            "yes_price": 9,
            "no_price": 91,
            "taker_side": "yes"
        },
        {
            "trade_id": "5d5770c3-f7cc-4558-99a0-1ec34561687e",
            "ticker": "KXHIGHMIA-25JAN19-B81.5",
            "count": 53,
            "created_time": "2025-01-19T16:27:56.981492Z",
            "yes_price": 7,
            "no_price": 93,
            "taker_side": "no"
        },
        {
            "trade_id": "68829d6a-5b58-4a59-b191-43bbb927f200",
            "ticker": "KXHIGHMIA-25JAN19-B81.5",
            "count": 50,
            "created_time": "2025-01-19T16:25:33.852642Z",
            "yes_price": 9,
            "no_price": 91,
            "taker_side": "yes"
        },
        {
            "trade_id": "0aa61e64-f511-4a7a-90e2-4ff1c202c7c3",
            "ticker": "KXHIGHMIA-25JAN19-B81.5",
            "count": 1,
            "created_time": "2025-01-19T16:24:22.663203Z",
            "yes_price": 9,
            "no_price": 91,
            "taker_side": "yes"
        },
        {
            "trade_id": "af69637b-fd8c-47b1-af89-0d831f562889",
            "ticker": "KXHIGHMIA-25JAN19-B81.5",
            "count": 25,
            "created_time": "2025-01-19T16:20:33.346187Z",
            "yes_price": 9,
            "no_price": 91,
            "taker_side": "yes"
        },
        {
            "trade_id": "144d009c-5116-414b-b10f-4226a3e81467",
            "ticker": "KXHIGHMIA-25JAN19-B81.5",
            "count": 25,
            "created_time": "2025-01-19T16:20:33.346187Z",
            "yes_price": 9,
            "no_price": 91,
            "taker_side": "yes"
        },
        {
            "trade_id": "bf81774f-3d7a-4479-ad7f-d7bfea0e1a82",
            "ticker": "KXHIGHMIA-25JAN19-B81.5",
            "count": 25,
            "created_time": "2025-01-19T16:15:57.712768Z",
            "yes_price": 8,
            "no_price": 92,
            "taker_side": "yes"
        },
        {
            "trade_id": "28ca2bc1-6596-48b8-a668-c7a7c3a310d2",
            "ticker": "KXHIGHMIA-25JAN19-B81.5",
            "count": 25,
            "created_time": "2025-01-19T16:14:54.482289Z",
            "yes_price": 7,
            "no_price": 93,
            "taker_side": "no"
        },
        {
            "trade_id": "6973ec0b-56cb-446f-9c20-17e938c07508",
            "ticker": "KXHIGHMIA-25JAN19-B81.5",
            "count": 471,
            "created_time": "2025-01-19T16:13:47.914829Z",
            "yes_price": 7,
            "no_price": 93,
            "taker_side": "no"
        },
        {
            "trade_id": "c615b428-4f2c-4cf7-a0c5-9d2b264e09cc",
            "ticker": "KXHIGHMIA-25JAN19-B81.5",
            "count": 2,
            "created_time": "2025-01-19T16:13:42.322873Z",
            "yes_price": 8,
            "no_price": 92,
            "taker_side": "no"
        },
        {
            "trade_id": "6addfddc-c549-4a19-881f-9965a69f69f1",
            "ticker": "KXHIGHMIA-25JAN19-B81.5",
            "count": 50,
            "created_time": "2025-01-19T16:12:28.416867Z",
            "yes_price": 16,
            "no_price": 84,
            "taker_side": "no"
        },
        {
            "trade_id": "d1f076bc-8789-4a58-ba3c-36123166841b",
            "ticker": "KXHIGHMIA-25JAN19-B81.5",
            "count": 2,
            "created_time": "2025-01-19T16:07:40.804268Z",
            "yes_price": 16,
            "no_price": 84,
            "taker_side": "no"
        },
        {
            "trade_id": "127bb49c-821b-4fae-a7e6-f0bbebc4d9d1",
            "ticker": "KXHIGHMIA-25JAN19-B81.5",
            "count": 32,
            "created_time": "2025-01-19T16:05:00.061524Z",
            "yes_price": 17,
            "no_price": 83,
            "taker_side": "no"
        },
        {
            "trade_id": "0872e188-a31d-4372-943e-6a8b77c69027",
            "ticker": "KXHIGHMIA-25JAN19-B81.5",
            "count": 2,
            "created_time": "2025-01-19T15:33:09.838518Z",
            "yes_price": 42,
            "no_price": 58,
            "taker_side": "yes"
        },
        {
            "trade_id": "bf5fc4fd-f058-42eb-9cda-4876cf37d8d9",
            "ticker": "KXHIGHMIA-25JAN19-B81.5",
            "count": 12,
            "created_time": "2025-01-19T14:51:38.283903Z",
            "yes_price": 28,
            "no_price": 72,
            "taker_side": "no"
        },
        {
            "trade_id": "899c1a8c-017f-492e-99ba-85de4515ec9b",
            "ticker": "KXHIGHMIA-25JAN19-B81.5",
            "count": 207,
            "created_time": "2025-01-19T14:51:38.283903Z",
            "yes_price": 26,
            "no_price": 74,
            "taker_side": "no"
        },
        {
            "trade_id": "3838e013-7790-485f-9ed6-812fa99c6cfb",
            "ticker": "KXHIGHMIA-25JAN19-B81.5",
            "count": 33,
            "created_time": "2025-01-19T14:51:38.283903Z",
            "yes_price": 26,
            "no_price": 74,
            "taker_side": "no"
        },
        {
            "trade_id": "bc5d3432-dbb2-4a6e-bbe2-6c1c4bfee493",
            "ticker": "KXHIGHMIA-25JAN19-B81.5",
            "count": 4,
            "created_time": "2025-01-19T14:27:44.410172Z",
            "yes_price": 31,
            "no_price": 69,
            "taker_side": "yes"
        },
        {
            "trade_id": "7af9ec96-13c7-4c9a-82b1-e5512bb3ba20",
            "ticker": "KXHIGHMIA-25JAN19-B81.5",
            "count": 1,
            "created_time": "2025-01-19T14:27:44.410172Z",
            "yes_price": 31,
            "no_price": 69,
            "taker_side": "yes"
        },
        {
            "trade_id": "613d860f-7d62-4420-beb2-69852a3823fa",
            "ticker": "KXHIGHMIA-25JAN19-B81.5",
            "count": 9,
            "created_time": "2025-01-19T14:27:44.410172Z",
            "yes_price": 33,
            "no_price": 67,
            "taker_side": "yes"
        },
        {
            "trade_id": "ef46a5ef-8528-4b47-afe2-723528ea8105",
            "ticker": "KXHIGHMIA-25JAN19-B81.5",
            "count": 183,
            "created_time": "2025-01-19T14:12:15.066515Z",
            "yes_price": 26,
            "no_price": 74,
            "taker_side": "no"
        },
        {
            "trade_id": "c440efe5-ceb3-4c0c-843c-cfde4acb8b14",
            "ticker": "KXHIGHMIA-25JAN19-B81.5",
            "count": 115,
            "created_time": "2025-01-19T14:12:15.066515Z",
            "yes_price": 28,
            "no_price": 72,
            "taker_side": "no"
        },
        {
            "trade_id": "c32b69fd-888e-4857-9abb-a3716887da94",
            "ticker": "KXHIGHMIA-25JAN19-B81.5",
            "count": 100,
            "created_time": "2025-01-19T14:12:15.066515Z",
            "yes_price": 28,
            "no_price": 72,
            "taker_side": "no"
        },
        {
            "trade_id": "59ba1967-5fa9-48ca-ac16-514e03fc18d2",
            "ticker": "KXHIGHMIA-25JAN19-B81.5",
            "count": 5,
            "created_time": "2025-01-19T14:12:15.066515Z",
            "yes_price": 27,
            "no_price": 73,
            "taker_side": "no"
        },
        {
            "trade_id": "3960d56e-e34c-4925-a4ae-f99ba3aa1a29",
            "ticker": "KXHIGHMIA-25JAN19-B81.5",
            "count": 95,
            "created_time": "2025-01-19T14:02:15.482382Z",
            "yes_price": 27,
            "no_price": 73,
            "taker_side": "no"
        },
        {
            "trade_id": "018c9f79-cb95-4add-a634-afc6c9b0ef98",
            "ticker": "KXHIGHMIA-25JAN19-B81.5",
            "count": 47,
            "created_time": "2025-01-19T14:02:15.482382Z",
            "yes_price": 29,
            "no_price": 71,
            "taker_side": "no"
        },
        {
            "trade_id": "c5977216-c97d-4e17-a035-9d3c84de8cbd",
            "ticker": "KXHIGHMIA-25JAN19-B81.5",
            "count": 1,
            "created_time": "2025-01-19T13:59:29.952114Z",
            "yes_price": 29,
            "no_price": 71,
            "taker_side": "no"
        },
        {
            "trade_id": "3a96a2d2-4a71-4526-af30-afed7aa61d6e",
            "ticker": "KXHIGHMIA-25JAN19-B81.5",
            "count": 26,
            "created_time": "2025-01-19T13:59:29.952114Z",
            "yes_price": 29,
            "no_price": 71,
            "taker_side": "no"
        },
        {
            "trade_id": "9227ce77-2aa2-440c-8138-84b3798cee1e",
            "ticker": "KXHIGHMIA-25JAN19-B81.5",
            "count": 6,
            "created_time": "2025-01-19T13:37:16.206966Z",
            "yes_price": 29,
            "no_price": 71,
            "taker_side": "no"
        },
        {
            "trade_id": "2001d7c7-5dc8-4a7e-aafb-d5fb12670f4a",
            "ticker": "KXHIGHMIA-25JAN19-B81.5",
            "count": 1,
            "created_time": "2025-01-19T13:19:50.742113Z",
            "yes_price": 34,
            "no_price": 66,
            "taker_side": "yes"
        },
        {
            "trade_id": "e484c531-2385-41d0-8d02-d7acc5b1d2a5",
            "ticker": "KXHIGHMIA-25JAN19-B81.5",
            "count": 2,
            "created_time": "2025-01-19T13:09:02.525718Z",
            "yes_price": 33,
            "no_price": 67,
            "taker_side": "yes"
        },
        {
            "trade_id": "e75524a0-c587-41c1-83c6-c9350ab8c2a2",
            "ticker": "KXHIGHMIA-25JAN19-B81.5",
            "count": 22,
            "created_time": "2025-01-19T06:24:09.490198Z",
            "yes_price": 39,
            "no_price": 61,
            "taker_side": "no"
        },
        {
            "trade_id": "df9246e1-cf0b-4baa-a047-4890c4900023",
            "ticker": "KXHIGHMIA-25JAN19-B81.5",
            "count": 69,
            "created_time": "2025-01-19T06:24:09.490198Z",
            "yes_price": 37,
            "no_price": 63,
            "taker_side": "no"
        },
        {
            "trade_id": "c04306c8-6d53-4669-9867-2b54fabc6d82",
            "ticker": "KXHIGHMIA-25JAN19-B81.5",
            "count": 2,
            "created_time": "2025-01-19T06:24:09.490198Z",
            "yes_price": 39,
            "no_price": 61,
            "taker_side": "no"
        },
        {
            "trade_id": "2c02e829-281d-4c3c-854e-16e625d5ebaa",
            "ticker": "KXHIGHMIA-25JAN19-B81.5",
            "count": 60,
            "created_time": "2025-01-19T06:24:09.490198Z",
            "yes_price": 35,
            "no_price": 65,
            "taker_side": "no"
        },
        {
            "trade_id": "a0f9f9d6-e2ce-4c13-ad91-0fd3a6406c4b",
            "ticker": "KXHIGHMIA-25JAN19-B81.5",
            "count": 2,
            "created_time": "2025-01-19T06:13:55.752419Z",
            "yes_price": 41,
            "no_price": 59,
            "taker_side": "yes"
        },
        {
            "trade_id": "fb621a9d-7dfe-438c-870d-97da3b158adc",
            "ticker": "KXHIGHMIA-25JAN19-B81.5",
            "count": 8,
            "created_time": "2025-01-19T06:12:29.088692Z",
            "yes_price": 33,
            "no_price": 67,
            "taker_side": "yes"
        },
        {
            "trade_id": "961fcd2f-ef27-44a8-b905-c85b9dc0de9b",
            "ticker": "KXHIGHMIA-25JAN19-B81.5",
            "count": 2,
            "created_time": "2025-01-19T06:08:34.160428Z",
            "yes_price": 32,
            "no_price": 68,
            "taker_side": "yes"
        },
        {
            "trade_id": "c38f40de-e796-4ba4-ab84-c014d529f9a3",
            "ticker": "KXHIGHMIA-25JAN19-B81.5",
            "count": 4,
            "created_time": "2025-01-19T05:57:29.93402Z",
            "yes_price": 40,
            "no_price": 60,
            "taker_side": "no"
        },
        {
            "trade_id": "44173727-72b6-44fd-a592-b67045a622f3",
            "ticker": "KXHIGHMIA-25JAN19-B81.5",
            "count": 4,
            "created_time": "2025-01-19T05:45:33.124722Z",
            "yes_price": 43,
            "no_price": 57,
            "taker_side": "yes"
        },
        {
            "trade_id": "768daf27-e15d-41aa-83ba-04262666ca2d",
            "ticker": "KXHIGHMIA-25JAN19-B81.5",
            "count": 5,
            "created_time": "2025-01-19T05:36:05.773891Z",
            "yes_price": 42,
            "no_price": 58,
            "taker_side": "yes"
        },
        {
            "trade_id": "e09ffac2-0d58-49f6-bf70-171195ae06b8",
            "ticker": "KXHIGHMIA-25JAN19-B81.5",
            "count": 150,
            "created_time": "2025-01-19T05:30:34.7944Z",
            "yes_price": 44,
            "no_price": 56,
            "taker_side": "no"
        },
        {
            "trade_id": "209495af-0f17-4239-ac44-a3226b0ccecd",
            "ticker": "KXHIGHMIA-25JAN19-B81.5",
            "count": 21,
            "created_time": "2025-01-19T05:30:34.7944Z",
            "yes_price": 43,
            "no_price": 57,
            "taker_side": "no"
        },
        {
            "trade_id": "353f6908-ada1-4974-9f1d-4beb5e395847",
            "ticker": "KXHIGHMIA-25JAN19-B81.5",
            "count": 50,
            "created_time": "2025-01-19T05:30:34.684428Z",
            "yes_price": 44,
            "no_price": 56,
            "taker_side": "no"
        },
        {
            "trade_id": "fc06c859-6ab3-4f37-9259-ce40bb7a733f",
            "ticker": "KXHIGHMIA-25JAN19-B81.5",
            "count": 2,
            "created_time": "2025-01-19T05:27:34.232884Z",
            "yes_price": 46,
            "no_price": 54,
            "taker_side": "no"
        },
        {
            "trade_id": "bc1dfaa3-37d4-46a1-8af6-31b85a8a4054",
            "ticker": "KXHIGHMIA-25JAN19-B81.5",
            "count": 36,
            "created_time": "2025-01-19T05:25:04.413129Z",
            "yes_price": 46,
            "no_price": 54,
            "taker_side": "yes"
        },
        {
            "trade_id": "770bc405-a2db-4149-a687-02b13941b23a",
            "ticker": "KXHIGHMIA-25JAN19-B81.5",
            "count": 58,
            "created_time": "2025-01-19T05:25:04.413129Z",
            "yes_price": 48,
            "no_price": 52,
            "taker_side": "yes"
        },
        {
            "trade_id": "1691b0b5-728e-4c22-bbe0-46b5eb38af5a",
            "ticker": "KXHIGHMIA-25JAN19-B81.5",
            "count": 48,
            "created_time": "2025-01-19T05:25:04.413129Z",
            "yes_price": 48,
            "no_price": 52,
            "taker_side": "yes"
        },
        {
            "trade_id": "113ada5d-26ed-4c8e-99cb-d5d5665d24dc",
            "ticker": "KXHIGHMIA-25JAN19-B81.5",
            "count": 4,
            "created_time": "2025-01-19T05:24:30.916725Z",
            "yes_price": 46,
            "no_price": 54,
            "taker_side": "no"
        },
        {
            "trade_id": "ecf99441-718e-4289-bcee-68f72fe6d45f",
            "ticker": "KXHIGHMIA-25JAN19-B81.5",
            "count": 23,
            "created_time": "2025-01-19T05:18:17.886015Z",
            "yes_price": 49,
            "no_price": 51,
            "taker_side": "yes"
        },
        {
            "trade_id": "b662d0d2-2b9f-4315-8a80-a64caf587113",
            "ticker": "KXHIGHMIA-25JAN19-B81.5",
            "count": 1,
            "created_time": "2025-01-19T05:18:17.886015Z",
            "yes_price": 48,
            "no_price": 52,
            "taker_side": "yes"
        },
        {
            "trade_id": "87a6ce28-8ea2-4392-a217-17fc33815e26",
            "ticker": "KXHIGHMIA-25JAN19-B81.5",
            "count": 16,
            "created_time": "2025-01-19T05:18:17.886015Z",
            "yes_price": 49,
            "no_price": 51,
            "taker_side": "yes"
        },
        {
            "trade_id": "ba45acd0-fcc0-4c9a-9d9b-f95355ecf448",
            "ticker": "KXHIGHMIA-25JAN19-B81.5",
            "count": 240,
            "created_time": "2025-01-19T05:11:49.780199Z",
            "yes_price": 49,
            "no_price": 51,
            "taker_side": "yes"
        },
        {
            "trade_id": "7f57bfda-b109-460d-9d7b-6e82cc8e55fb",
            "ticker": "KXHIGHMIA-25JAN19-B81.5",
            "count": 22,
            "created_time": "2025-01-19T05:11:49.780199Z",
            "yes_price": 48,
            "no_price": 52,
            "taker_side": "yes"
        },
        {
            "trade_id": "78e03065-ca90-44bb-b067-fc2ad20bd683",
            "ticker": "KXHIGHMIA-25JAN19-B81.5",
            "count": 240,
            "created_time": "2025-01-19T05:11:49.780199Z",
            "yes_price": 51,
            "no_price": 49,
            "taker_side": "yes"
        },
        {
            "trade_id": "709c03fe-883b-4fb4-a471-5205bab9de12",
            "ticker": "KXHIGHMIA-25JAN19-B81.5",
            "count": 3,
            "created_time": "2025-01-19T05:11:49.780199Z",
            "yes_price": 47,
            "no_price": 53,
            "taker_side": "yes"
        },
        {
            "trade_id": "6e6aa441-be7f-43b3-b1e0-47aa8656b440",
            "ticker": "KXHIGHMIA-25JAN19-B81.5",
            "count": 11,
            "created_time": "2025-01-19T05:11:49.780199Z",
            "yes_price": 50,
            "no_price": 50,
            "taker_side": "yes"
        },
        {
            "trade_id": "65f5d323-4626-47bd-a1f5-b0746cb8428d",
            "ticker": "KXHIGHMIA-25JAN19-B81.5",
            "count": 5,
            "created_time": "2025-01-19T05:11:49.780199Z",
            "yes_price": 46,
            "no_price": 54,
            "taker_side": "yes"
        },
        {
            "trade_id": "3649e25f-a70b-4397-8a33-f8b6485b7f34",
            "ticker": "KXHIGHMIA-25JAN19-B81.5",
            "count": 99,
            "created_time": "2025-01-19T05:11:49.780199Z",
            "yes_price": 47,
            "no_price": 53,
            "taker_side": "yes"
        },
        {
            "trade_id": "2a1ed307-8638-453a-9067-19376244adbd",
            "ticker": "KXHIGHMIA-25JAN19-B81.5",
            "count": 8,
            "created_time": "2025-01-19T05:11:49.780199Z",
            "yes_price": 47,
            "no_price": 53,
            "taker_side": "yes"
        },
        {
            "trade_id": "0a81574c-e7f3-409b-a18e-689e57878a99",
            "ticker": "KXHIGHMIA-25JAN19-B81.5",
            "count": 254,
            "created_time": "2025-01-19T05:11:49.780199Z",
            "yes_price": 52,
            "no_price": 48,
            "taker_side": "yes"
        },
        {
            "trade_id": "7d7e73c3-6b45-499f-8b2b-cb3ae247ebad",
            "ticker": "KXHIGHMIA-25JAN19-B81.5",
            "count": 3,
            "created_time": "2025-01-19T05:06:18.521315Z",
            "yes_price": 46,
            "no_price": 54,
            "taker_side": "no"
        },
        {
            "trade_id": "65b69ca7-da66-4375-a7eb-63a677e0defa",
            "ticker": "KXHIGHMIA-25JAN19-B81.5",
            "count": 3,
            "created_time": "2025-01-19T05:06:14.471918Z",
            "yes_price": 46,
            "no_price": 54,
            "taker_side": "no"
        },
        {
            "trade_id": "277e3cf1-fe5f-4446-8c17-204578418176",
            "ticker": "KXHIGHMIA-25JAN19-B81.5",
            "count": 6,
            "created_time": "2025-01-19T05:06:05.470925Z",
            "yes_price": 46,
            "no_price": 54,
            "taker_side": "yes"
        },
        {
            "trade_id": "f8024580-6820-4a12-b2c0-bb37a45f6b3b",
            "ticker": "KXHIGHMIA-25JAN19-B81.5",
            "count": 136,
            "created_time": "2025-01-19T04:52:20.13421Z",
            "yes_price": 46,
            "no_price": 54,
            "taker_side": "no"
        },
        {
            "trade_id": "095eda5a-a62b-4742-b213-460f1658d0cc",
            "ticker": "KXHIGHMIA-25JAN19-B81.5",
            "count": 19,
            "created_time": "2025-01-19T04:52:14.006231Z",
            "yes_price": 46,
            "no_price": 54,
            "taker_side": "no"
        },
        {
            "trade_id": "b7d71332-d067-416a-921c-0e65afe7ca07",
            "ticker": "KXHIGHMIA-25JAN19-B81.5",
            "count": 11,
            "created_time": "2025-01-19T04:52:13.878782Z",
            "yes_price": 46,
            "no_price": 54,
            "taker_side": "yes"
        },
        {
            "trade_id": "76655a94-916f-45c4-9418-9198e2286b01",
            "ticker": "KXHIGHMIA-25JAN19-B81.5",
            "count": 49,
            "created_time": "2025-01-19T04:52:13.878782Z",
            "yes_price": 46,
            "no_price": 54,
            "taker_side": "yes"
        },
        {
            "trade_id": "5ba38152-0b9f-4d38-a6cb-0b04ada483d1",
            "ticker": "KXHIGHMIA-25JAN19-B81.5",
            "count": 49,
            "created_time": "2025-01-19T04:39:28.822961Z",
            "yes_price": 39,
            "no_price": 61,
            "taker_side": "no"
        },
        {
            "trade_id": "df068a17-9abb-4ad6-8440-22ffa949efad",
            "ticker": "KXHIGHMIA-25JAN19-B81.5",
            "count": 6,
            "created_time": "2025-01-19T04:32:59.570144Z",
            "yes_price": 43,
            "no_price": 57,
            "taker_side": "yes"
        },
        {
            "trade_id": "39aec2af-6319-485e-be6d-fc3669c82311",
            "ticker": "KXHIGHMIA-25JAN19-B81.5",
            "count": 5,
            "created_time": "2025-01-19T04:32:59.570144Z",
            "yes_price": 43,
            "no_price": 57,
            "taker_side": "yes"
        },
        {
            "trade_id": "27c63fa1-2ad3-4e8a-87bc-dec15d9b832e",
            "ticker": "KXHIGHMIA-25JAN19-B81.5",
            "count": 5,
            "created_time": "2025-01-19T04:07:58.56807Z",
            "yes_price": 42,
            "no_price": 58,
            "taker_side": "no"
        },
        {
            "trade_id": "c20c7101-0c6b-4cc3-888f-d3417c51a2da",
            "ticker": "KXHIGHMIA-25JAN19-B81.5",
            "count": 1,
            "created_time": "2025-01-19T04:06:51.596317Z",
            "yes_price": 43,
            "no_price": 57,
            "taker_side": "yes"
        },
        {
            "trade_id": "fe919628-7c94-49c8-834b-7dadff144cc2",
            "ticker": "KXHIGHMIA-25JAN19-B81.5",
            "count": 15,
            "created_time": "2025-01-19T03:54:53.117124Z",
            "yes_price": 45,
            "no_price": 55,
            "taker_side": "yes"
        },
        {
            "trade_id": "acbf0b9b-5f70-4245-8201-d32271c05849",
            "ticker": "KXHIGHMIA-25JAN19-B81.5",
            "count": 200,
            "created_time": "2025-01-19T03:54:53.117124Z",
            "yes_price": 45,
            "no_price": 55,
            "taker_side": "yes"
        },
        {
            "trade_id": "95f6a00f-ebaf-4bf3-87b6-cd6bf0a3237e",
            "ticker": "KXHIGHMIA-25JAN19-B81.5",
            "count": 44,
            "created_time": "2025-01-19T03:54:53.117124Z",
            "yes_price": 45,
            "no_price": 55,
            "taker_side": "yes"
        },
        {
            "trade_id": "6ba1f43f-f922-412c-8a5b-e598704b17d1",
            "ticker": "KXHIGHMIA-25JAN19-B81.5",
            "count": 8,
            "created_time": "2025-01-19T03:54:53.117124Z",
            "yes_price": 46,
            "no_price": 54,
            "taker_side": "yes"
        },
        {
            "trade_id": "3ef885ae-d93a-4b3c-9c77-ba317fe88d58",
            "ticker": "KXHIGHMIA-25JAN19-B81.5",
            "count": 1,
            "created_time": "2025-01-19T03:54:53.117124Z",
            "yes_price": 41,
            "no_price": 59,
            "taker_side": "yes"
        },
        {
            "trade_id": "389ab4af-7426-477a-868f-a22fbc0bd10e",
            "ticker": "KXHIGHMIA-25JAN19-B81.5",
            "count": 100,
            "created_time": "2025-01-19T03:54:53.117124Z",
            "yes_price": 45,
            "no_price": 55,
            "taker_side": "yes"
        },
        {
            "trade_id": "36009e39-a052-4dad-9272-bc3376cfaedb",
            "ticker": "KXHIGHMIA-25JAN19-B81.5",
            "count": 11,
            "created_time": "2025-01-19T03:54:53.117124Z",
            "yes_price": 45,
            "no_price": 55,
            "taker_side": "yes"
        },
        {
            "trade_id": "21942a75-dab4-4827-87f7-68063bb306d7",
            "ticker": "KXHIGHMIA-25JAN19-B81.5",
            "count": 100,
            "created_time": "2025-01-19T03:54:53.117124Z",
            "yes_price": 47,
            "no_price": 53,
            "taker_side": "yes"
        },
        {
            "trade_id": "17fd8166-9c0c-45e1-9fed-01dc19d1b5d9",
            "ticker": "KXHIGHMIA-25JAN19-B81.5",
            "count": 219,
            "created_time": "2025-01-19T03:54:53.117124Z",
            "yes_price": 47,
            "no_price": 53,
            "taker_side": "yes"
        },
        {
            "trade_id": "e93711a0-5c86-4d9d-b5a3-2520c10cd9ac",
            "ticker": "KXHIGHMIA-25JAN19-B81.5",
            "count": 15,
            "created_time": "2025-01-19T03:36:35.946438Z",
            "yes_price": 40,
            "no_price": 60,
            "taker_side": "yes"
        },
        {
            "trade_id": "cbc04b7b-ceeb-43ec-a7ad-0ecb99bbddd6",
            "ticker": "KXHIGHMIA-25JAN19-B81.5",
            "count": 2,
            "created_time": "2025-01-19T03:36:00.658157Z",
            "yes_price": 40,
            "no_price": 60,
            "taker_side": "yes"
        },
        {
            "trade_id": "fad50209-182d-48bf-bd52-72f388051556",
            "ticker": "KXHIGHMIA-25JAN19-B81.5",
            "count": 3,
            "created_time": "2025-01-19T03:18:36.766548Z",
            "yes_price": 34,
            "no_price": 66,
            "taker_side": "no"
        },
        {
            "trade_id": "b854f75d-f145-47f3-be81-ab863efba0c9",
            "ticker": "KXHIGHMIA-25JAN19-B81.5",
            "count": 51,
            "created_time": "2025-01-19T03:18:10.780751Z",
            "yes_price": 34,
            "no_price": 66,
            "taker_side": "yes"
        },
        {
            "trade_id": "73bc273d-1bfe-4acb-be86-3722271a100a",
            "ticker": "KXHIGHMIA-25JAN19-B81.5",
            "count": 39,
            "created_time": "2025-01-19T03:18:10.780751Z",
            "yes_price": 32,
            "no_price": 68,
            "taker_side": "yes"
        },
        {
            "trade_id": "6e7108ba-3af8-483d-923a-0552131cee37",
            "ticker": "KXHIGHMIA-25JAN19-B81.5",
            "count": 240,
            "created_time": "2025-01-19T03:18:10.780751Z",
            "yes_price": 36,
            "no_price": 64,
            "taker_side": "yes"
        },
        {
            "trade_id": "5933d5e9-b640-4ad5-a329-abfada7d117f",
            "ticker": "KXHIGHMIA-25JAN19-B81.5",
            "count": 230,
            "created_time": "2025-01-19T03:18:10.780751Z",
            "yes_price": 31,
            "no_price": 69,
            "taker_side": "yes"
        },
        {
            "trade_id": "4fe55005-78c0-4147-a4bf-6cda8945985d",
            "ticker": "KXHIGHMIA-25JAN19-B81.5",
            "count": 7,
            "created_time": "2025-01-19T03:18:10.780751Z",
            "yes_price": 34,
            "no_price": 66,
            "taker_side": "yes"
        },
        {
            "trade_id": "3674607f-9803-423c-a2e3-2811dd1ae44e",
            "ticker": "KXHIGHMIA-25JAN19-B81.5",
            "count": 215,
            "created_time": "2025-01-19T03:18:10.780751Z",
            "yes_price": 38,
            "no_price": 62,
            "taker_side": "yes"
        },
        {
            "trade_id": "2424308a-d1e2-46aa-9c46-4e3cb5a03e45",
            "ticker": "KXHIGHMIA-25JAN19-B81.5",
            "count": 29,
            "created_time": "2025-01-19T03:18:10.780751Z",
            "yes_price": 34,
            "no_price": 66,
            "taker_side": "yes"
        },
        {
            "trade_id": "f5bff103-0740-43e5-800c-86fb53a1b547",
            "ticker": "KXHIGHMIA-25JAN19-B81.5",
            "count": 13,
            "created_time": "2025-01-19T02:33:45.322887Z",
            "yes_price": 28,
            "no_price": 72,
            "taker_side": "no"
        },
        {
            "trade_id": "9cb4f0f5-b4fa-427d-8061-d7683aa87f64",
            "ticker": "KXHIGHMIA-25JAN19-B81.5",
            "count": 1,
            "created_time": "2025-01-19T02:33:45.322887Z",
            "yes_price": 29,
            "no_price": 71,
            "taker_side": "no"
        },
        {
            "trade_id": "8aa02e65-abb8-44a6-93d4-427089d1a00b",
            "ticker": "KXHIGHMIA-25JAN19-B81.5",
            "count": 21,
            "created_time": "2025-01-19T02:22:47.022686Z",
            "yes_price": 30,
            "no_price": 70,
            "taker_side": "yes"
        },
        {
            "trade_id": "d1ac5c4e-3b4b-43c2-935a-97be4f328b57",
            "ticker": "KXHIGHMIA-25JAN19-B81.5",
            "count": 1,
            "created_time": "2025-01-19T02:05:43.78643Z",
            "yes_price": 30,
            "no_price": 70,
            "taker_side": "no"
        },
        {
            "trade_id": "8837721a-14b8-4b1b-af3b-3db5c9b88f38",
            "ticker": "KXHIGHMIA-25JAN19-B81.5",
            "count": 10,
            "created_time": "2025-01-19T02:05:43.78643Z",
            "yes_price": 30,
            "no_price": 70,
            "taker_side": "no"
        },
        {
            "trade_id": "dab5d1b0-df2a-47c7-a8c9-6985223ffa8d",
            "ticker": "KXHIGHMIA-25JAN19-B81.5",
            "count": 40,
            "created_time": "2025-01-19T02:02:39.58151Z",
            "yes_price": 33,
            "no_price": 67,
            "taker_side": "yes"
        },
        {
            "trade_id": "d5b6361c-efea-4227-ac16-c088d6787daa",
            "ticker": "KXHIGHMIA-25JAN19-B81.5",
            "count": 149,
            "created_time": "2025-01-19T02:02:39.58151Z",
            "yes_price": 34,
            "no_price": 66,
            "taker_side": "yes"
        },
        {
            "trade_id": "a8f20349-b4e8-40c0-bec9-af490b133633",
            "ticker": "KXHIGHMIA-25JAN19-B81.5",
            "count": 11,
            "created_time": "2025-01-19T02:02:39.58151Z",
            "yes_price": 33,
            "no_price": 67,
            "taker_side": "yes"
        },
        {
            "trade_id": "1ccef5be-dea9-4c49-b3fe-f2192744ab7f",
            "ticker": "KXHIGHMIA-25JAN19-B81.5",
            "count": 3,
            "created_time": "2025-01-19T01:55:35.050008Z",
            "yes_price": 33,
            "no_price": 67,
            "taker_side": "no"
        },
        {
            "trade_id": "aa49bc1d-d322-4018-aeb9-fc0ad6c5a6f2",
            "ticker": "KXHIGHMIA-25JAN19-B81.5",
            "count": 92,
            "created_time": "2025-01-19T01:55:34.895215Z",
            "yes_price": 33,
            "no_price": 67,
            "taker_side": "no"
        },
        {
            "trade_id": "78b62b52-8673-4ff4-b176-40d1f2fb9495",
            "ticker": "KXHIGHMIA-25JAN19-B81.5",
            "count": 28,
            "created_time": "2025-01-19T01:55:28.631117Z",
            "yes_price": 34,
            "no_price": 66,
            "taker_side": "yes"
        },
        {
            "trade_id": "b7d1ae6c-863e-4508-9ad6-6898427ee38a",
            "ticker": "KXHIGHMIA-25JAN19-B81.5",
            "count": 4,
            "created_time": "2025-01-19T01:54:34.813114Z",
            "yes_price": 33,
            "no_price": 67,
            "taker_side": "no"
        },
        {
            "trade_id": "1c1c9dda-94bd-48d1-8a09-3baddd52b0c3",
            "ticker": "KXHIGHMIA-25JAN19-B81.5",
            "count": 3,
            "created_time": "2025-01-19T01:51:43.169468Z",
            "yes_price": 33,
            "no_price": 67,
            "taker_side": "no"
        },
        {
            "trade_id": "c1f65a8f-c3c3-4b50-9423-1f6a280b50ed",
            "ticker": "KXHIGHMIA-25JAN19-B81.5",
            "count": 9,
            "created_time": "2025-01-19T01:48:32.376948Z",
            "yes_price": 33,
            "no_price": 67,
            "taker_side": "no"
        },
        {
            "trade_id": "ac9aa32f-db19-4a47-8463-7ab8f51b0b51",
            "ticker": "KXHIGHMIA-25JAN19-B81.5",
            "count": 49,
            "created_time": "2025-01-19T01:46:04.936095Z",
            "yes_price": 33,
            "no_price": 67,
            "taker_side": "no"
        },
        {
            "trade_id": "1fbf06b4-122a-4b78-9c0c-e20a3d046e9f",
            "ticker": "KXHIGHMIA-25JAN19-B81.5",
            "count": 240,
            "created_time": "2025-01-19T01:45:56.339236Z",
            "yes_price": 33,
            "no_price": 67,
            "taker_side": "no"
        },
        {
            "trade_id": "42f5e1a5-4491-4fbd-8992-dc9343ac7169",
            "ticker": "KXHIGHMIA-25JAN19-B81.5",
            "count": 64,
            "created_time": "2025-01-19T01:45:56.216237Z",
            "yes_price": 34,
            "no_price": 66,
            "taker_side": "no"
        },
        {
            "trade_id": "a7e6bf78-3ad8-450e-9dff-5661aa18d48c",
            "ticker": "KXHIGHMIA-25JAN19-B81.5",
            "count": 63,
            "created_time": "2025-01-19T01:45:56.105994Z",
            "yes_price": 34,
            "no_price": 66,
            "taker_side": "no"
        },
        {
            "trade_id": "14fbe430-9eb8-4dfc-9d3d-4d7ce11708cb",
            "ticker": "KXHIGHMIA-25JAN19-B81.5",
            "count": 119,
            "created_time": "2025-01-19T01:42:45.790027Z",
            "yes_price": 34,
            "no_price": 66,
            "taker_side": "no"
        },
        {
            "trade_id": "b0f62395-1fc3-4ca4-b610-7f4846d47962",
            "ticker": "KXHIGHMIA-25JAN19-B81.5",
            "count": 95,
            "created_time": "2025-01-19T01:42:37.440291Z",
            "yes_price": 34,
            "no_price": 66,
            "taker_side": "no"
        },
        {
            "trade_id": "a46f6ba5-e611-478e-9fc6-a79f48c0e344",
            "ticker": "KXHIGHMIA-25JAN19-B81.5",
            "count": 8,
            "created_time": "2025-01-19T01:39:35.454865Z",
            "yes_price": 35,
            "no_price": 65,
            "taker_side": "no"
        },
        {
            "trade_id": "23e3d9e4-fb86-4221-8e7e-c079ae178d74",
            "ticker": "KXHIGHMIA-25JAN19-B81.5",
            "count": 59,
            "created_time": "2025-01-19T01:39:35.454865Z",
            "yes_price": 34,
            "no_price": 66,
            "taker_side": "no"
        },
        {
            "trade_id": "f94b8d29-a933-47eb-9937-770893907528",
            "ticker": "KXHIGHMIA-25JAN19-B81.5",
            "count": 109,
            "created_time": "2025-01-19T01:33:42.752872Z",
            "yes_price": 39,
            "no_price": 61,
            "taker_side": "yes"
        },
        {
            "trade_id": "a04584dd-a7f5-4f5c-9eb6-cbcc64b1b9cc",
            "ticker": "KXHIGHMIA-25JAN19-B81.5",
            "count": 113,
            "created_time": "2025-01-19T01:33:42.752872Z",
            "yes_price": 37,
            "no_price": 63,
            "taker_side": "yes"
        },
        {
            "trade_id": "85b3f7da-7d8d-4176-80ac-c421324fce60",
            "ticker": "KXHIGHMIA-25JAN19-B81.5",
            "count": 83,
            "created_time": "2025-01-19T01:33:42.752872Z",
            "yes_price": 39,
            "no_price": 61,
            "taker_side": "yes"
        },
        {
            "trade_id": "15207b55-96f0-44bc-93e3-926876422474",
            "ticker": "KXHIGHMIA-25JAN19-B81.5",
            "count": 5,
            "created_time": "2025-01-19T01:33:42.752872Z",
            "yes_price": 36,
            "no_price": 64,
            "taker_side": "yes"
        },
        {
            "trade_id": "657e9b46-db11-49c1-8df8-e54273bce995",
            "ticker": "KXHIGHMIA-25JAN19-B81.5",
            "count": 35,
            "created_time": "2025-01-19T01:06:39.028265Z",
            "yes_price": 35,
            "no_price": 65,
            "taker_side": "yes"
        },
        {
            "trade_id": "b7e7d18d-bde4-4164-8105-9e5b822c4344",
            "ticker": "KXHIGHMIA-25JAN19-B81.5",
            "count": 23,
            "created_time": "2025-01-19T01:06:38.907123Z",
            "yes_price": 34,
            "no_price": 66,
            "taker_side": "yes"
        },
        {
            "trade_id": "c3965e2a-dcef-49f0-bcfb-ff003443ae6f",
            "ticker": "KXHIGHMIA-25JAN19-B81.5",
            "count": 200,
            "created_time": "2025-01-19T00:06:27.873776Z",
            "yes_price": 37,
            "no_price": 63,
            "taker_side": "yes"
        },
        {
            "trade_id": "8b42420d-1d0c-4c21-ab52-d3c913bb32f5",
            "ticker": "KXHIGHMIA-25JAN19-B81.5",
            "count": 69,
            "created_time": "2025-01-19T00:06:27.873776Z",
            "yes_price": 36,
            "no_price": 64,
            "taker_side": "yes"
        },
        {
            "trade_id": "777ce694-6e45-469c-9585-9a9d6dccdf85",
            "ticker": "KXHIGHMIA-25JAN19-B81.5",
            "count": 359,
            "created_time": "2025-01-19T00:06:27.873776Z",
            "yes_price": 40,
            "no_price": 60,
            "taker_side": "yes"
        },
        {
            "trade_id": "69ab4d45-7728-42d6-8e45-12fe79d125e7",
            "ticker": "KXHIGHMIA-25JAN19-B81.5",
            "count": 119,
            "created_time": "2025-01-19T00:06:27.873776Z",
            "yes_price": 37,
            "no_price": 63,
            "taker_side": "yes"
        },
        {
            "trade_id": "60cfaddb-13bb-4ea6-bc9b-ec4e1d5be1a8",
            "ticker": "KXHIGHMIA-25JAN19-B81.5",
            "count": 2,
            "created_time": "2025-01-19T00:06:27.873776Z",
            "yes_price": 42,
            "no_price": 58,
            "taker_side": "yes"
        },
        {
            "trade_id": "4802492b-d152-437f-8f71-34f25c3a2a3f",
            "ticker": "KXHIGHMIA-25JAN19-B81.5",
            "count": 15,
            "created_time": "2025-01-19T00:03:46.330335Z",
            "yes_price": 36,
            "no_price": 64,
            "taker_side": "yes"
        },
        {
            "trade_id": "2b555739-0ff1-458a-911d-81fc2aae0700",
            "ticker": "KXHIGHMIA-25JAN19-B81.5",
            "count": 131,
            "created_time": "2025-01-19T00:03:46.330335Z",
            "yes_price": 36,
            "no_price": 64,
            "taker_side": "yes"
        },
        {
            "trade_id": "ee705b33-15ee-4bc2-bae2-7c1a930030d6",
            "ticker": "KXHIGHMIA-25JAN19-B81.5",
            "count": 28,
            "created_time": "2025-01-18T23:51:50.239572Z",
            "yes_price": 33,
            "no_price": 67,
            "taker_side": "yes"
        },
        {
            "trade_id": "d70ad709-0364-4147-968d-3c4a0f26de33",
            "ticker": "KXHIGHMIA-25JAN19-B81.5",
            "count": 21,
            "created_time": "2025-01-18T23:51:50.239572Z",
            "yes_price": 44,
            "no_price": 56,
            "taker_side": "yes"
        },
        {
            "trade_id": "cee94806-0854-46b9-a853-8fd4d906eeb5",
            "ticker": "KXHIGHMIA-25JAN19-B81.5",
            "count": 182,
            "created_time": "2025-01-18T23:51:50.239572Z",
            "yes_price": 37,
            "no_price": 63,
            "taker_side": "yes"
        },
        {
            "trade_id": "b585e9c7-23f8-47a2-8ff3-5889907603e0",
            "ticker": "KXHIGHMIA-25JAN19-B81.5",
            "count": 47,
            "created_time": "2025-01-18T23:51:50.239572Z",
            "yes_price": 84,
            "no_price": 16,
            "taker_side": "yes"
        },
        {
            "trade_id": "a63ca60c-00c9-4638-be83-e9579435dc76",
            "ticker": "KXHIGHMIA-25JAN19-B81.5",
            "count": 100,
            "created_time": "2025-01-18T23:51:50.239572Z",
            "yes_price": 45,
            "no_price": 55,
            "taker_side": "yes"
        },
        {
            "trade_id": "a2f41a65-1b86-440f-906c-67eb26ce2bf9",
            "ticker": "KXHIGHMIA-25JAN19-B81.5",
            "count": 16,
            "created_time": "2025-01-18T23:51:50.239572Z",
            "yes_price": 38,
            "no_price": 62,
            "taker_side": "yes"
        },
        {
            "trade_id": "92bf7196-bb49-467a-bd15-15d74db1a1b6",
            "ticker": "KXHIGHMIA-25JAN19-B81.5",
            "count": 10,
            "created_time": "2025-01-18T23:51:50.239572Z",
            "yes_price": 55,
            "no_price": 45,
            "taker_side": "yes"
        },
        {
            "trade_id": "876876cb-60fb-43ea-abb3-26ea3a5d2863",
            "ticker": "KXHIGHMIA-25JAN19-B81.5",
            "count": 271,
            "created_time": "2025-01-18T23:51:50.239572Z",
            "yes_price": 45,
            "no_price": 55,
            "taker_side": "yes"
        },
        {
            "trade_id": "81ff4009-31b8-475e-8e7c-91b4d6d27105",
            "ticker": "KXHIGHMIA-25JAN19-B81.5",
            "count": 58,
            "created_time": "2025-01-18T23:51:50.239572Z",
            "yes_price": 37,
            "no_price": 63,
            "taker_side": "yes"
        },
        {
            "trade_id": "5410776e-63a1-478b-8d69-76b3fd004d71",
            "ticker": "KXHIGHMIA-25JAN19-B81.5",
            "count": 12,
            "created_time": "2025-01-18T23:51:50.239572Z",
            "yes_price": 61,
            "no_price": 39,
            "taker_side": "yes"
        },
        {
            "trade_id": "4f4ee2a0-7449-4d3b-851f-533a26f51c37",
            "ticker": "KXHIGHMIA-25JAN19-B81.5",
            "count": 240,
            "created_time": "2025-01-18T23:51:50.239572Z",
            "yes_price": 35,
            "no_price": 65,
            "taker_side": "yes"
        },
        {
            "trade_id": "43ef12f3-0ac9-4f88-b146-fe333311d946",
            "ticker": "KXHIGHMIA-25JAN19-B81.5",
            "count": 13,
            "created_time": "2025-01-18T23:51:50.239572Z",
            "yes_price": 51,
            "no_price": 49,
            "taker_side": "yes"
        },
        {
            "trade_id": "437deddb-2f37-40a6-aca9-8b118ca41729",
            "ticker": "KXHIGHMIA-25JAN19-B81.5",
            "count": 32,
            "created_time": "2025-01-18T23:51:50.239572Z",
            "yes_price": 46,
            "no_price": 54,
            "taker_side": "yes"
        },
        {
            "trade_id": "42acc720-15c4-4568-b374-9c342f50d5e4",
            "ticker": "KXHIGHMIA-25JAN19-B81.5",
            "count": 10,
            "created_time": "2025-01-18T23:51:50.239572Z",
            "yes_price": 40,
            "no_price": 60,
            "taker_side": "yes"
        },
        {
            "trade_id": "3bd92bba-bf39-46d8-b6ff-75afb104d409",
            "ticker": "KXHIGHMIA-25JAN19-B81.5",
            "count": 50,
            "created_time": "2025-01-18T23:51:50.239572Z",
            "yes_price": 46,
            "no_price": 54,
            "taker_side": "yes"
        },
        {
            "trade_id": "328293c7-40a2-439d-801b-0fdeb6710edd",
            "ticker": "KXHIGHMIA-25JAN19-B81.5",
            "count": 13,
            "created_time": "2025-01-18T23:51:50.239572Z",
            "yes_price": 84,
            "no_price": 16,
            "taker_side": "yes"
        },
        {
            "trade_id": "31f5eb0d-6c50-4bcc-b89e-439c2b84b6a9",
            "ticker": "KXHIGHMIA-25JAN19-B81.5",
            "count": 8,
            "created_time": "2025-01-18T23:51:50.239572Z",
            "yes_price": 69,
            "no_price": 31,
            "taker_side": "yes"
        },
        {
            "trade_id": "314737ca-ecd9-4c32-b848-886e1538d764",
            "ticker": "KXHIGHMIA-25JAN19-B81.5",
            "count": 125,
            "created_time": "2025-01-18T22:06:34.886002Z",
            "yes_price": 36,
            "no_price": 64,
            "taker_side": "no"
        },
        {
            "trade_id": "7788a86e-7cfc-4f9b-958d-18917ebc9a31",
            "ticker": "KXHIGHMIA-25JAN19-B81.5",
            "count": 62,
            "created_time": "2025-01-18T22:06:34.804084Z",
            "yes_price": 36,
            "no_price": 64,
            "taker_side": "no"
        },
        {
            "trade_id": "204bebdc-f84a-435c-b48f-8c730019c047",
            "ticker": "KXHIGHMIA-25JAN19-B81.5",
            "count": 13,
            "created_time": "2025-01-18T21:05:01.128234Z",
            "yes_price": 25,
            "no_price": 75,
            "taker_side": "no"
        },
        {
            "trade_id": "2e063ed6-14be-463f-89ad-a5ed5c6259e6",
            "ticker": "KXHIGHMIA-25JAN19-B81.5",
            "count": 2,
            "created_time": "2025-01-18T21:00:59.911305Z",
            "yes_price": 26,
            "no_price": 74,
            "taker_side": "no"
        },
        {
            "trade_id": "b012f58c-5aa2-485f-a218-8a19be04e9fe",
            "ticker": "KXHIGHMIA-25JAN19-B81.5",
            "count": 200,
            "created_time": "2025-01-18T20:46:31.958471Z",
            "yes_price": 35,
            "no_price": 65,
            "taker_side": "yes"
        },
        {
            "trade_id": "7bed3457-4578-4267-9ce9-30134f1aa3a4",
            "ticker": "KXHIGHMIA-25JAN19-B81.5",
            "count": 13,
            "created_time": "2025-01-18T20:46:31.958471Z",
            "yes_price": 36,
            "no_price": 64,
            "taker_side": "yes"
        },
        {
            "trade_id": "73307611-c9b8-4091-93ef-9b2f40c7b686",
            "ticker": "KXHIGHMIA-25JAN19-B81.5",
            "count": 4,
            "created_time": "2025-01-18T20:46:31.958471Z",
            "yes_price": 36,
            "no_price": 64,
            "taker_side": "yes"
        },
        {
            "trade_id": "5a5bda55-772b-45d4-a96f-5b1b8a256de5",
            "ticker": "KXHIGHMIA-25JAN19-B81.5",
            "count": 18,
            "created_time": "2025-01-18T20:46:31.958471Z",
            "yes_price": 38,
            "no_price": 62,
            "taker_side": "yes"
        },
        {
            "trade_id": "2d1b2878-36b3-4a9d-b1b6-5b1b19c3ad7c",
            "ticker": "KXHIGHMIA-25JAN19-B81.5",
            "count": 36,
            "created_time": "2025-01-18T20:46:31.958471Z",
            "yes_price": 35,
            "no_price": 65,
            "taker_side": "yes"
        },
        {
            "trade_id": "b89361d8-dbaf-4c7c-9e68-b62097fef986",
            "ticker": "KXHIGHMIA-25JAN19-B81.5",
            "count": 40,
            "created_time": "2025-01-18T20:27:04.713405Z",
            "yes_price": 35,
            "no_price": 65,
            "taker_side": "yes"
        },
        {
            "trade_id": "2ee946aa-3153-49d8-a56a-55780a7bc825",
            "ticker": "KXHIGHMIA-25JAN19-B81.5",
            "count": 100,
            "created_time": "2025-01-18T20:25:09.528116Z",
            "yes_price": 35,
            "no_price": 65,
            "taker_side": "yes"
        },
        {
            "trade_id": "f695442e-1c14-42fb-be0f-6924fa0439cc",
            "ticker": "KXHIGHMIA-25JAN19-B81.5",
            "count": 40,
            "created_time": "2025-01-18T20:22:51.999694Z",
            "yes_price": 35,
            "no_price": 65,
            "taker_side": "yes"
        },
        {
            "trade_id": "59853289-39bc-4005-a656-12a366c9a8ee",
            "ticker": "KXHIGHMIA-25JAN19-B81.5",
            "count": 40,
            "created_time": "2025-01-18T20:22:09.081662Z",
            "yes_price": 35,
            "no_price": 65,
            "taker_side": "yes"
        },
        {
            "trade_id": "e5ef150c-37f2-42e8-bc2b-a436a8ebe95a",
            "ticker": "KXHIGHMIA-25JAN19-B81.5",
            "count": 2,
            "created_time": "2025-01-18T20:05:48.554359Z",
            "yes_price": 32,
            "no_price": 68,
            "taker_side": "no"
        },
        {
            "trade_id": "76a52682-42b5-4552-94cc-d00c2d14828c",
            "ticker": "KXHIGHMIA-25JAN19-B81.5",
            "count": 108,
            "created_time": "2025-01-18T20:05:48.554359Z",
            "yes_price": 32,
            "no_price": 68,
            "taker_side": "no"
        },
        {
            "trade_id": "07fefde4-2dab-41ff-837f-808542587b80",
            "ticker": "KXHIGHMIA-25JAN19-B81.5",
            "count": 32,
            "created_time": "2025-01-18T20:05:48.554359Z",
            "yes_price": 30,
            "no_price": 70,
            "taker_side": "no"
        },
        {
            "trade_id": "81142053-28b4-4209-bf2c-cca801720963",
            "ticker": "KXHIGHMIA-25JAN19-B81.5",
            "count": 10,
            "created_time": "2025-01-18T19:46:57.380288Z",
            "yes_price": 35,
            "no_price": 65,
            "taker_side": "yes"
        },
        {
            "trade_id": "552107d4-f7ef-48ea-bb82-b40f0b08de7d",
            "ticker": "KXHIGHMIA-25JAN19-B81.5",
            "count": 11,
            "created_time": "2025-01-18T19:19:00.787591Z",
            "yes_price": 33,
            "no_price": 67,
            "taker_side": "yes"
        },
        {
            "trade_id": "4f618c76-55b4-4eb8-9357-cee5345e8f73",
            "ticker": "KXHIGHMIA-25JAN19-B81.5",
            "count": 68,
            "created_time": "2025-01-18T19:07:45.154915Z",
            "yes_price": 28,
            "no_price": 72,
            "taker_side": "no"
        },
        {
            "trade_id": "cb6b16bc-d53e-4a39-8cb1-07c75e0a9814",
            "ticker": "KXHIGHMIA-25JAN19-B81.5",
            "count": 54,
            "created_time": "2025-01-18T19:04:24.450415Z",
            "yes_price": 29,
            "no_price": 71,
            "taker_side": "no"
        },
        {
            "trade_id": "a243a323-ad38-4ba0-a925-9f57cf8599dc",
            "ticker": "KXHIGHMIA-25JAN19-B81.5",
            "count": 90,
            "created_time": "2025-01-18T19:04:24.450415Z",
            "yes_price": 30,
            "no_price": 70,
            "taker_side": "no"
        },
        {
            "trade_id": "972547d1-d606-4653-9880-97e62359acaa",
            "ticker": "KXHIGHMIA-25JAN19-B81.5",
            "count": 39,
            "created_time": "2025-01-18T19:04:24.450415Z",
            "yes_price": 27,
            "no_price": 73,
            "taker_side": "no"
        },
        {
            "trade_id": "53cdebcf-3c3a-41e5-9b44-32ac598a04e9",
            "ticker": "KXHIGHMIA-25JAN19-B81.5",
            "count": 24,
            "created_time": "2025-01-18T19:04:24.450415Z",
            "yes_price": 29,
            "no_price": 71,
            "taker_side": "no"
        },
        {
            "trade_id": "18231a17-bfdc-49c5-9be7-09a806869b14",
            "ticker": "KXHIGHMIA-25JAN19-B81.5",
            "count": 41,
            "created_time": "2025-01-18T19:03:24.420898Z",
            "yes_price": 30,
            "no_price": 70,
            "taker_side": "no"
        },
        {
            "trade_id": "38d9b54b-e280-4786-abf6-aadb553ea10f",
            "ticker": "KXHIGHMIA-25JAN19-B81.5",
            "count": 1,
            "created_time": "2025-01-18T18:42:36.1366Z",
            "yes_price": 30,
            "no_price": 70,
            "taker_side": "no"
        },
        {
            "trade_id": "c19c3eaf-4010-4a6f-825a-f940cbda7d06",
            "ticker": "KXHIGHMIA-25JAN19-B81.5",
            "count": 6,
            "created_time": "2025-01-18T18:21:35.487312Z",
            "yes_price": 30,
            "no_price": 70,
            "taker_side": "no"
        },
        {
            "trade_id": "d22d1518-9853-44d9-aaa2-9902172b702b",
            "ticker": "KXHIGHMIA-25JAN19-B81.5",
            "count": 47,
            "created_time": "2025-01-18T18:18:37.025702Z",
            "yes_price": 30,
            "no_price": 70,
            "taker_side": "no"
        },
        {
            "trade_id": "08c19057-c0b3-4a9e-9570-3a4ad0cab74a",
            "ticker": "KXHIGHMIA-25JAN19-B81.5",
            "count": 5,
            "created_time": "2025-01-18T17:46:39.797821Z",
            "yes_price": 35,
            "no_price": 65,
            "taker_side": "yes"
        },
        {
            "trade_id": "42f10274-f7d6-4043-a6bf-6efdad8e0003",
            "ticker": "KXHIGHMIA-25JAN19-B81.5",
            "count": 15,
            "created_time": "2025-01-18T17:40:38.548431Z",
            "yes_price": 30,
            "no_price": 70,
            "taker_side": "yes"
        },
        {
            "trade_id": "d5071f37-5789-4327-8274-db9cb36223fa",
            "ticker": "KXHIGHMIA-25JAN19-B81.5",
            "count": 20,
            "created_time": "2025-01-18T15:12:31.057613Z",
            "yes_price": 39,
            "no_price": 61,
            "taker_side": "yes"
        }
    ],
    "KXHIGHMIA-25JAN19-B83.5": [
        {
            "trade_id": "bd2097cf-379c-4a9c-97fb-6c593cb71b1a",
            "ticker": "KXHIGHMIA-25JAN19-B83.5",
            "count": 6,
            "created_time": "2025-01-20T04:58:58.524015Z",
            "yes_price": 27,
            "no_price": 73,
            "taker_side": "yes"
        },
        {
            "trade_id": "00e337e4-446c-4c25-9a37-bdb2c4ff85c4",
            "ticker": "KXHIGHMIA-25JAN19-B83.5",
            "count": 10,
            "created_time": "2025-01-20T04:58:57.243858Z",
            "yes_price": 27,
            "no_price": 73,
            "taker_side": "yes"
        },
        {
            "trade_id": "aade1ec5-2fad-45b4-a1a5-60f7988df4a0",
            "ticker": "KXHIGHMIA-25JAN19-B83.5",
            "count": 300,
            "created_time": "2025-01-20T04:57:40.67351Z",
            "yes_price": 26,
            "no_price": 74,
            "taker_side": "yes"
        },
        {
            "trade_id": "2701c547-8762-4153-80b3-a1c2346865a3",
            "ticker": "KXHIGHMIA-25JAN19-B83.5",
            "count": 133,
            "created_time": "2025-01-20T04:57:40.67351Z",
            "yes_price": 27,
            "no_price": 73,
            "taker_side": "yes"
        },
        {
            "trade_id": "81c424ab-b531-4b17-9c45-86723eb90d96",
            "ticker": "KXHIGHMIA-25JAN19-B83.5",
            "count": 70,
            "created_time": "2025-01-20T04:51:47.97116Z",
            "yes_price": 27,
            "no_price": 73,
            "taker_side": "yes"
        },
        {
            "trade_id": "845a36c4-8c32-43ea-a736-f4d99b6f54c7",
            "ticker": "KXHIGHMIA-25JAN19-B83.5",
            "count": 70,
            "created_time": "2025-01-20T04:51:01.746473Z",
            "yes_price": 27,
            "no_price": 73,
            "taker_side": "yes"
        },
        {
