{
    "KXHIGHMIA-25APR17-T78": [
        {
            "trade_id": "df89efd5-fb62-4770-bea4-cdc5de95e9a7",
            "ticker": "KXHIGHMIA-25APR17-T78",
            "count": 93,
            "created_time": "2025-04-17T04:52:06.084114Z",
            "yes_price": 1,
            "no_price": 99,
            "taker_side": "yes"
        }
    ],
    "KXHIGHMIA-25APR17-B78.5": [],
    "KXHIGHMIA-25APR17-B80.5": [
        {
            "trade_id": "dde897d4-055d-4c0c-8f7b-594dfddd4631",
            "ticker": "KXHIGHMIA-25APR17-B80.5",
            "count": 1861,
            "created_time": "2025-04-17T18:15:37.510406Z",
            "yes_price": 1,
            "no_price": 99,
            "taker_side": "yes"
        },
        {
            "trade_id": "8094aba2-0e7b-4fd7-8bda-5de62c8a4965",
            "ticker": "KXHIGHMIA-25APR17-B80.5",
            "count": 41,
            "created_time": "2025-04-17T17:45:46.583615Z",
            "yes_price": 1,
            "no_price": 99,
            "taker_side": "yes"
        },
        {
            "trade_id": "0832a549-5c73-4c4d-8f0e-ce9db5e7479c",
            "ticker": "KXHIGHMIA-25APR17-B80.5",
            "count": 467,
            "created_time": "2025-04-17T17:19:28.879528Z",
            "yes_price": 1,
            "no_price": 99,
            "taker_side": "yes"
        },
        {
            "trade_id": "a9060e7f-ae8b-4614-bb93-4d97344d365a",
            "ticker": "KXHIGHMIA-25APR17-B80.5",
            "count": 3,
            "created_time": "2025-04-17T16:08:58.75276Z",
            "yes_price": 1,
            "no_price": 99,
            "taker_side": "yes"
        },
        {
            "trade_id": "cc916b82-6611-4193-9230-2124acff3c60",
            "ticker": "KXHIGHMIA-25APR17-B80.5",
            "count": 93,
            "created_time": "2025-04-17T15:30:51.3168Z",
            "yes_price": 1,
            "no_price": 99,
            "taker_side": "yes"
        },
        {
            "trade_id": "8e936a9d-b7b8-4129-8c78-af682af12f4b",
            "ticker": "KXHIGHMIA-25APR17-B80.5",
            "count": 9,
            "created_time": "2025-04-17T15:25:06.396761Z",
            "yes_price": 1,
            "no_price": 99,
            "taker_side": "yes"
        },
        {
            "trade_id": "41498d6a-2fe3-47a6-be20-54a651bb88fa",
            "ticker": "KXHIGHMIA-25APR17-B80.5",
            "count": 93,
            "created_time": "2025-04-17T15:20:24.216185Z",
            "yes_price": 1,
            "no_price": 99,
            "taker_side": "yes"
        },
        {
            "trade_id": "bc7dec8a-5dbf-4c7d-883b-1c5d87679626",
            "ticker": "KXHIGHMIA-25APR17-B80.5",
            "count": 916,
            "created_time": "2025-04-17T15:06:21.549015Z",
            "yes_price": 1,
            "no_price": 99,
            "taker_side": "yes"
        },
        {
            "trade_id": "305af34b-58b7-439e-95de-cbfe7df43d64",
            "ticker": "KXHIGHMIA-25APR17-B80.5",
            "count": 50,
            "created_time": "2025-04-17T15:06:02.848139Z",
            "yes_price": 1,
            "no_price": 99,
            "taker_side": "yes"
        },
        {
            "trade_id": "e29569f9-3d9a-41d9-ac92-29d500ef0486",
            "ticker": "KXHIGHMIA-25APR17-B80.5",
            "count": 200,
            "created_time": "2025-04-17T15:02:08.735705Z",
            "yes_price": 1,
            "no_price": 99,
            "taker_side": "no"
        },
        {
            "trade_id": "687ff87f-1320-4053-b76b-fd11cc99ff43",
            "ticker": "KXHIGHMIA-25APR17-B80.5",
            "count": 962,
            "created_time": "2025-04-17T15:02:08.735705Z",
            "yes_price": 1,
            "no_price": 99,
            "taker_side": "no"
        },
        {
            "trade_id": "a0c8993a-63bf-48a4-81c3-c9d73231f67f",
            "ticker": "KXHIGHMIA-25APR17-B80.5",
            "count": 2,
            "created_time": "2025-04-17T14:43:27.88578Z",
            "yes_price": 2,
            "no_price": 98,
            "taker_side": "no"
        },
        {
            "trade_id": "03c2cf67-990f-4581-8f5f-7b8fb1323b1f",
            "ticker": "KXHIGHMIA-25APR17-B80.5",
            "count": 2,
            "created_time": "2025-04-17T14:43:27.756083Z",
            "yes_price": 4,
            "no_price": 96,
            "taker_side": "no"
        },
        {
            "trade_id": "17e6498b-3c81-42b2-8d8c-abfbf25b9b9e",
            "ticker": "KXHIGHMIA-25APR17-B80.5",
            "count": 5,
            "created_time": "2025-04-17T14:31:43.121685Z",
            "yes_price": 4,
            "no_price": 96,
            "taker_side": "no"
        },
        {
            "trade_id": "a6c36042-5475-468a-8186-a172ece8a3a5",
            "ticker": "KXHIGHMIA-25APR17-B80.5",
            "count": 5,
            "created_time": "2025-04-17T14:29:33.390605Z",
            "yes_price": 4,
            "no_price": 96,
            "taker_side": "no"
        },
        {
            "trade_id": "943ebff4-e819-493f-a8ed-7701722ef964",
            "ticker": "KXHIGHMIA-25APR17-B80.5",
            "count": 41,
            "created_time": "2025-04-17T14:14:05.026377Z",
            "yes_price": 4,
            "no_price": 96,
            "taker_side": "no"
        },
        {
            "trade_id": "bbf6c0cd-d294-456b-8146-8ad98455fa9b",
            "ticker": "KXHIGHMIA-25APR17-B80.5",
            "count": 41,
            "created_time": "2025-04-17T14:09:24.502094Z",
            "yes_price": 9,
            "no_price": 91,
            "taker_side": "yes"
        },
        {
            "trade_id": "15761d12-8fad-4910-8723-5e35d2866bdd",
            "ticker": "KXHIGHMIA-25APR17-B80.5",
            "count": 41,
            "created_time": "2025-04-17T14:09:11.2215Z",
            "yes_price": 5,
            "no_price": 95,
            "taker_side": "no"
        },
        {
            "trade_id": "69926f1a-2ef4-40b3-a7bb-921c2ef56465",
            "ticker": "KXHIGHMIA-25APR17-B80.5",
            "count": 3,
            "created_time": "2025-04-17T14:05:38.223883Z",
            "yes_price": 10,
            "no_price": 90,
            "taker_side": "yes"
        },
        {
            "trade_id": "1cbb4652-ed7a-417f-833b-1320e3e95576",
            "ticker": "KXHIGHMIA-25APR17-B80.5",
            "count": 2,
            "created_time": "2025-04-17T14:05:38.223883Z",
            "yes_price": 9,
            "no_price": 91,
            "taker_side": "yes"
        },
        {
            "trade_id": "6fa8ff82-04fe-40e6-8272-9fded4291d68",
            "ticker": "KXHIGHMIA-25APR17-B80.5",
            "count": 2,
            "created_time": "2025-04-17T13:45:34.133524Z",
            "yes_price": 11,
            "no_price": 89,
            "taker_side": "yes"
        },
        {
            "trade_id": "bd7628e8-38c0-42b6-9dd1-5de07484a2b5",
            "ticker": "KXHIGHMIA-25APR17-B80.5",
            "count": 2,
            "created_time": "2025-04-17T13:45:19.031318Z",
            "yes_price": 8,
            "no_price": 92,
            "taker_side": "no"
        },
        {
            "trade_id": "b12ae750-4661-4a92-909f-c69101dbea2e",
            "ticker": "KXHIGHMIA-25APR17-B80.5",
            "count": 2,
            "created_time": "2025-04-17T13:45:10.348996Z",
            "yes_price": 8,
            "no_price": 92,
            "taker_side": "no"
        },
        {
            "trade_id": "0c8beeab-ae58-44a2-864b-b8a8b95e215a",
            "ticker": "KXHIGHMIA-25APR17-B80.5",
            "count": 45,
            "created_time": "2025-04-17T13:42:29.869427Z",
            "yes_price": 13,
            "no_price": 87,
            "taker_side": "yes"
        },
        {
            "trade_id": "42035ccc-d659-4f2c-96ce-8d3b4a254b55",
            "ticker": "KXHIGHMIA-25APR17-B80.5",
            "count": 11,
            "created_time": "2025-04-17T13:41:23.367267Z",
            "yes_price": 5,
            "no_price": 95,
            "taker_side": "no"
        },
        {
            "trade_id": "77bb3bc6-b179-4c77-a207-f3a15aef865a",
            "ticker": "KXHIGHMIA-25APR17-B80.5",
            "count": 50,
            "created_time": "2025-04-17T13:40:26.988008Z",
            "yes_price": 10,
            "no_price": 90,
            "taker_side": "yes"
        },
        {
            "trade_id": "4cd48120-3485-4732-9269-dc5648e68cfe",
            "ticker": "KXHIGHMIA-25APR17-B80.5",
            "count": 200,
            "created_time": "2025-04-17T13:40:26.988008Z",
            "yes_price": 11,
            "no_price": 89,
            "taker_side": "yes"
        },
        {
            "trade_id": "36af5171-a725-4145-bcfe-112200ec5b4f",
            "ticker": "KXHIGHMIA-25APR17-B80.5",
            "count": 10,
            "created_time": "2025-04-17T13:40:26.988008Z",
            "yes_price": 12,
            "no_price": 88,
            "taker_side": "yes"
        },
        {
            "trade_id": "b805c817-f3dd-41b8-973a-4d7cc8b487f5",
            "ticker": "KXHIGHMIA-25APR17-B80.5",
            "count": 29,
            "created_time": "2025-04-17T13:03:25.464785Z",
            "yes_price": 5,
            "no_price": 95,
            "taker_side": "yes"
        },
        {
            "trade_id": "eebda746-b1a0-4fc2-9bc3-abf54e290dc8",
            "ticker": "KXHIGHMIA-25APR17-B80.5",
            "count": 1,
            "created_time": "2025-04-17T12:44:57.640744Z",
            "yes_price": 5,
            "no_price": 95,
            "taker_side": "yes"
        },
        {
            "trade_id": "6b0bd286-6961-4a0d-b31e-3bd173b50eac",
            "ticker": "KXHIGHMIA-25APR17-B80.5",
            "count": 15,
            "created_time": "2025-04-17T12:27:53.696679Z",
            "yes_price": 2,
            "no_price": 98,
            "taker_side": "no"
        },
        {
            "trade_id": "ca02cc94-468a-4175-bbf7-7f428877e265",
            "ticker": "KXHIGHMIA-25APR17-B80.5",
            "count": 78,
            "created_time": "2025-04-17T06:57:43.233359Z",
            "yes_price": 5,
            "no_price": 95,
            "taker_side": "yes"
        },
        {
            "trade_id": "7de3b775-9434-402b-af09-8e7e4f780d6f",
            "ticker": "KXHIGHMIA-25APR17-B80.5",
            "count": 8,
            "created_time": "2025-04-17T06:57:43.233359Z",
            "yes_price": 5,
            "no_price": 95,
            "taker_side": "yes"
        },
        {
            "trade_id": "774022c0-8f8c-4543-9585-89d3c0598677",
            "ticker": "KXHIGHMIA-25APR17-B80.5",
            "count": 19,
            "created_time": "2025-04-17T06:57:43.233359Z",
            "yes_price": 5,
            "no_price": 95,
            "taker_side": "yes"
        },
        {
            "trade_id": "e826e8b8-b13e-46f2-99c0-c55456b4e03c",
            "ticker": "KXHIGHMIA-25APR17-B80.5",
            "count": 10,
            "created_time": "2025-04-17T06:33:00.922371Z",
            "yes_price": 2,
            "no_price": 98,
            "taker_side": "no"
        },
        {
            "trade_id": "370514ec-941b-4320-8dff-184d99a464db",
            "ticker": "KXHIGHMIA-25APR17-B80.5",
            "count": 14,
            "created_time": "2025-04-17T04:46:02.40004Z",
            "yes_price": 2,
            "no_price": 98,
            "taker_side": "no"
        },
        {
            "trade_id": "997aaba9-4b96-4ebe-8e0e-78aa9e8ffbb0",
            "ticker": "KXHIGHMIA-25APR17-B80.5",
            "count": 36,
            "created_time": "2025-04-17T04:46:01.645113Z",
            "yes_price": 2,
            "no_price": 98,
            "taker_side": "no"
        },
        {
            "trade_id": "f5f187bc-fdd5-4954-814c-e0c858dea11f",
            "ticker": "KXHIGHMIA-25APR17-B80.5",
            "count": 10,
            "created_time": "2025-04-17T04:45:19.562258Z",
            "yes_price": 3,
            "no_price": 97,
            "taker_side": "no"
        },
        {
            "trade_id": "739ea29f-810a-42b9-8418-938c2cbbd668",
            "ticker": "KXHIGHMIA-25APR17-B80.5",
            "count": 5,
            "created_time": "2025-04-17T04:21:10.944454Z",
            "yes_price": 3,
            "no_price": 97,
            "taker_side": "no"
        },
        {
            "trade_id": "ce0b860e-150c-4f8e-aaa7-7025bdfb0408",
            "ticker": "KXHIGHMIA-25APR17-B80.5",
            "count": 1,
            "created_time": "2025-04-17T03:52:46.325544Z",
            "yes_price": 2,
            "no_price": 98,
            "taker_side": "no"
        },
        {
            "trade_id": "a5aeaa61-994d-4b4b-8481-5a9eacf337fa",
            "ticker": "KXHIGHMIA-25APR17-B80.5",
            "count": 240,
            "created_time": "2025-04-17T03:50:47.329471Z",
            "yes_price": 8,
            "no_price": 92,
            "taker_side": "yes"
        },
        {
            "trade_id": "a540deb6-3916-4a64-a170-bad476bdf8a6",
            "ticker": "KXHIGHMIA-25APR17-B80.5",
            "count": 29,
            "created_time": "2025-04-17T03:50:47.329471Z",
            "yes_price": 4,
            "no_price": 96,
            "taker_side": "yes"
        },
        {
            "trade_id": "9ab3859c-80e5-4dab-ba82-78c9e7d52348",
            "ticker": "KXHIGHMIA-25APR17-B80.5",
            "count": 500,
            "created_time": "2025-04-17T03:50:47.329471Z",
            "yes_price": 10,
            "no_price": 90,
            "taker_side": "yes"
        },
        {
            "trade_id": "74b072c0-87f5-4534-a377-d985d84310ef",
            "ticker": "KXHIGHMIA-25APR17-B80.5",
            "count": 28,
            "created_time": "2025-04-17T03:50:47.329471Z",
            "yes_price": 29,
            "no_price": 71,
            "taker_side": "yes"
        },
        {
            "trade_id": "63db3d29-dad1-4135-97df-74f643cc70ec",
            "ticker": "KXHIGHMIA-25APR17-B80.5",
            "count": 11,
            "created_time": "2025-04-17T03:50:47.329471Z",
            "yes_price": 19,
            "no_price": 81,
            "taker_side": "yes"
        },
        {
            "trade_id": "35f42dc4-b9cb-4d0c-a200-d28c06b6f5d8",
            "ticker": "KXHIGHMIA-25APR17-B80.5",
            "count": 16,
            "created_time": "2025-04-17T03:50:47.329471Z",
            "yes_price": 9,
            "no_price": 91,
            "taker_side": "yes"
        },
        {
            "trade_id": "3458a4c9-cc3d-4815-ba1a-3583931e359b",
            "ticker": "KXHIGHMIA-25APR17-B80.5",
            "count": 38,
            "created_time": "2025-04-17T03:50:47.329471Z",
            "yes_price": 30,
            "no_price": 70,
            "taker_side": "yes"
        },
        {
            "trade_id": "31a57a35-72fd-4e68-9ef3-6cf76978e7c8",
            "ticker": "KXHIGHMIA-25APR17-B80.5",
            "count": 5,
            "created_time": "2025-04-17T03:50:47.329471Z",
            "yes_price": 6,
            "no_price": 94,
            "taker_side": "yes"
        },
        {
            "trade_id": "09110f1d-0e18-4866-8eaa-e476a309ee5e",
            "ticker": "KXHIGHMIA-25APR17-B80.5",
            "count": 240,
            "created_time": "2025-04-17T03:50:47.329471Z",
            "yes_price": 6,
            "no_price": 94,
            "taker_side": "yes"
        },
        {
            "trade_id": "94cf5fb2-0324-491a-8eb4-ffa57bf0e3f1",
            "ticker": "KXHIGHMIA-25APR17-B80.5",
            "count": 11,
            "created_time": "2025-04-17T02:34:51.018133Z",
            "yes_price": 4,
            "no_price": 96,
            "taker_side": "yes"
        },
        {
            "trade_id": "3e2af47f-c29e-455f-b809-85817daf0a9f",
            "ticker": "KXHIGHMIA-25APR17-B80.5",
            "count": 15,
            "created_time": "2025-04-16T23:16:29.983826Z",
            "yes_price": 6,
            "no_price": 94,
            "taker_side": "yes"
        },
        {
            "trade_id": "81539f3c-fc4b-40be-9ba9-12866605182d",
            "ticker": "KXHIGHMIA-25APR17-B80.5",
            "count": 3,
            "created_time": "2025-04-16T22:41:21.065708Z",
            "yes_price": 3,
            "no_price": 97,
            "taker_side": "no"
        },
        {
            "trade_id": "b390869b-cb1c-435d-9041-97a6b28d9949",
            "ticker": "KXHIGHMIA-25APR17-B80.5",
            "count": 5,
            "created_time": "2025-04-16T22:41:14.626327Z",
            "yes_price": 5,
            "no_price": 95,
            "taker_side": "yes"
        },
        {
            "trade_id": "4da802b4-320b-414b-ad7b-96d82b220ba0",
            "ticker": "KXHIGHMIA-25APR17-B80.5",
            "count": 5,
            "created_time": "2025-04-16T22:40:53.740333Z",
            "yes_price": 3,
            "no_price": 97,
            "taker_side": "no"
        },
        {
            "trade_id": "ae991ec6-d6d5-4d04-8b23-bd5d0150c772",
            "ticker": "KXHIGHMIA-25APR17-B80.5",
            "count": 5,
            "created_time": "2025-04-16T22:28:26.017907Z",
            "yes_price": 3,
            "no_price": 97,
            "taker_side": "no"
        },
        {
            "trade_id": "717c8598-4b0d-4d48-b31c-ed6dadd2a595",
            "ticker": "KXHIGHMIA-25APR17-B80.5",
            "count": 86,
            "created_time": "2025-04-16T22:23:26.829641Z",
            "yes_price": 3,
            "no_price": 97,
            "taker_side": "no"
        },
        {
            "trade_id": "026d4213-a4be-4b42-9168-60417ed3566a",
            "ticker": "KXHIGHMIA-25APR17-B80.5",
            "count": 16,
            "created_time": "2025-04-16T22:23:26.829641Z",
            "yes_price": 3,
            "no_price": 97,
            "taker_side": "no"
        },
        {
            "trade_id": "4c2c8e05-c3a0-4034-af29-504bafb7925e",
            "ticker": "KXHIGHMIA-25APR17-B80.5",
            "count": 10,
            "created_time": "2025-04-16T21:33:25.817748Z",
            "yes_price": 6,
            "no_price": 94,
            "taker_side": "yes"
        },
        {
            "trade_id": "6cbe2079-3b6f-400a-acdb-02d3c703d62e",
            "ticker": "KXHIGHMIA-25APR17-B80.5",
            "count": 21,
            "created_time": "2025-04-16T21:30:41.676971Z",
            "yes_price": 6,
            "no_price": 94,
            "taker_side": "no"
        },
        {
            "trade_id": "51b1c18e-2903-42a8-8b13-01c9a3a0bdf3",
            "ticker": "KXHIGHMIA-25APR17-B80.5",
            "count": 13,
            "created_time": "2025-04-16T21:26:44.984876Z",
            "yes_price": 4,
            "no_price": 96,
            "taker_side": "no"
        },
        {
            "trade_id": "5d5d3f5a-22b9-4f4a-9848-b861f3043f68",
            "ticker": "KXHIGHMIA-25APR17-B80.5",
            "count": 20,
            "created_time": "2025-04-16T19:01:36.587453Z",
            "yes_price": 8,
            "no_price": 92,
            "taker_side": "yes"
        },
        {
            "trade_id": "3742b896-36b8-4ccd-8e2c-93a41a6bbd20",
            "ticker": "KXHIGHMIA-25APR17-B80.5",
            "count": 1,
            "created_time": "2025-04-16T16:39:24.551381Z",
            "yes_price": 10,
            "no_price": 90,
            "taker_side": "yes"
        }
    ],
    "KXHIGHMIA-25APR17-B82.5": [
        {
            "trade_id": "164d08e3-7449-490e-9c0e-9d5add10143c",
            "ticker": "KXHIGHMIA-25APR17-B82.5",
            "count": 2,
            "created_time": "2025-04-18T01:08:48.540399Z",
            "yes_price": 99,
            "no_price": 1,
            "taker_side": "no"
        },
        {
            "trade_id": "b5a584c4-a683-44e7-adf3-c3257ba2757e",
            "ticker": "KXHIGHMIA-25APR17-B82.5",
            "count": 1,
            "created_time": "2025-04-18T00:35:34.95854Z",
            "yes_price": 99,
            "no_price": 1,
            "taker_side": "no"
        },
        {
            "trade_id": "6b0da6c8-60d5-443e-b663-e856f96236ca",
            "ticker": "KXHIGHMIA-25APR17-B82.5",
            "count": 37,
            "created_time": "2025-04-17T23:53:54.172155Z",
            "yes_price": 99,
            "no_price": 1,
            "taker_side": "no"
        },
        {
            "trade_id": "32aad27f-5795-4627-b296-61619aa19806",
            "ticker": "KXHIGHMIA-25APR17-B82.5",
            "count": 9,
            "created_time": "2025-04-17T23:35:30.573464Z",
            "yes_price": 99,
            "no_price": 1,
            "taker_side": "no"
        },
        {
            "trade_id": "73540b78-0d5a-4583-ba5b-133af2cf42b1",
            "ticker": "KXHIGHMIA-25APR17-B82.5",
            "count": 929,
            "created_time": "2025-04-17T22:51:21.262111Z",
            "yes_price": 99,
            "no_price": 1,
            "taker_side": "no"
        },
        {
            "trade_id": "af8aae71-dd6e-4a58-8acc-9d2681f828e6",
            "ticker": "KXHIGHMIA-25APR17-B82.5",
            "count": 1,
            "created_time": "2025-04-17T21:40:31.577328Z",
            "yes_price": 98,
            "no_price": 2,
            "taker_side": "no"
        },
        {
            "trade_id": "b2b47bc2-270d-4b24-a65b-0400472661e8",
            "ticker": "KXHIGHMIA-25APR17-B82.5",
            "count": 31,
            "created_time": "2025-04-17T21:32:17.554356Z",
            "yes_price": 98,
            "no_price": 2,
            "taker_side": "no"
        },
        {
            "trade_id": "f135195d-a43c-4d67-8927-a33ec9280e8c",
            "ticker": "KXHIGHMIA-25APR17-B82.5",
            "count": 5,
            "created_time": "2025-04-17T21:17:14.056779Z",
            "yes_price": 98,
            "no_price": 2,
            "taker_side": "no"
        },
        {
            "trade_id": "acd2f15d-b5e6-41e1-9e36-82a9156db0d1",
            "ticker": "KXHIGHMIA-25APR17-B82.5",
            "count": 11,
            "created_time": "2025-04-17T21:15:08.358816Z",
            "yes_price": 98,
            "no_price": 2,
            "taker_side": "no"
        },
        {
            "trade_id": "ec773614-01bf-4a9c-8bf2-65462c1a1b41",
            "ticker": "KXHIGHMIA-25APR17-B82.5",
            "count": 9,
            "created_time": "2025-04-17T20:57:49.510033Z",
            "yes_price": 98,
            "no_price": 2,
            "taker_side": "no"
        },
        {
            "trade_id": "8e4a7bd5-5c2c-4ac2-bda0-c60dc6937a93",
            "ticker": "KXHIGHMIA-25APR17-B82.5",
            "count": 23,
            "created_time": "2025-04-17T20:33:47.782027Z",
            "yes_price": 97,
            "no_price": 3,
            "taker_side": "no"
        },
        {
            "trade_id": "d5c43883-4fdf-4df5-b12e-5cbcf372f80d",
            "ticker": "KXHIGHMIA-25APR17-B82.5",
            "count": 329,
            "created_time": "2025-04-17T20:30:13.949291Z",
            "yes_price": 99,
            "no_price": 1,
            "taker_side": "yes"
        },
        {
            "trade_id": "86a2db61-d3a2-4f47-9147-a0ff3ed1473e",
            "ticker": "KXHIGHMIA-25APR17-B82.5",
            "count": 160,
            "created_time": "2025-04-17T20:29:53.533807Z",
            "yes_price": 99,
            "no_price": 1,
            "taker_side": "yes"
        },
        {
            "trade_id": "1573d8cf-af2a-4ee7-b3c7-99bb0b9e6fd0",
            "ticker": "KXHIGHMIA-25APR17-B82.5",
            "count": 40,
            "created_time": "2025-04-17T20:29:53.533807Z",
            "yes_price": 99,
            "no_price": 1,
            "taker_side": "yes"
        },
        {
            "trade_id": "d8b4a560-4a03-423b-bd95-caaaafa201f8",
            "ticker": "KXHIGHMIA-25APR17-B82.5",
            "count": 30,
            "created_time": "2025-04-17T20:26:25.538866Z",
            "yes_price": 95,
            "no_price": 5,
            "taker_side": "no"
        },
        {
            "trade_id": "2fe11b87-11ca-411b-9b85-08d87253a893",
            "ticker": "KXHIGHMIA-25APR17-B82.5",
            "count": 3,
            "created_time": "2025-04-17T20:22:50.524322Z",
            "yes_price": 95,
            "no_price": 5,
            "taker_side": "no"
        },
        {
            "trade_id": "1b8a285f-d250-461d-921d-5e5c3dea5cc1",
            "ticker": "KXHIGHMIA-25APR17-B82.5",
            "count": 18,
            "created_time": "2025-04-17T20:16:44.103419Z",
            "yes_price": 95,
            "no_price": 5,
            "taker_side": "no"
        },
        {
            "trade_id": "8e0c0768-85da-4647-bba0-d9575da9ebae",
            "ticker": "KXHIGHMIA-25APR17-B82.5",
            "count": 20,
            "created_time": "2025-04-17T20:14:52.651622Z",
            "yes_price": 95,
            "no_price": 5,
            "taker_side": "no"
        },
        {
            "trade_id": "cf30316f-3727-475c-a8c7-dcfe2d976546",
            "ticker": "KXHIGHMIA-25APR17-B82.5",
            "count": 100,
            "created_time": "2025-04-17T20:12:21.927705Z",
            "yes_price": 98,
            "no_price": 2,
            "taker_side": "yes"
        },
        {
            "trade_id": "911586a5-68bf-4f78-a72d-b06a42700932",
            "ticker": "KXHIGHMIA-25APR17-B82.5",
            "count": 500,
            "created_time": "2025-04-17T20:12:21.927705Z",
            "yes_price": 99,
            "no_price": 1,
            "taker_side": "yes"
        },
        {
            "trade_id": "c981e8df-227b-45cc-a62b-bc366b99752d",
            "ticker": "KXHIGHMIA-25APR17-B82.5",
            "count": 194,
            "created_time": "2025-04-17T20:12:02.180063Z",
            "yes_price": 95,
            "no_price": 5,
            "taker_side": "no"
        },
        {
            "trade_id": "76388528-85b9-40e1-af6b-77e5c4fc70cf",
            "ticker": "KXHIGHMIA-25APR17-B82.5",
            "count": 2,
            "created_time": "2025-04-17T20:12:02.180063Z",
            "yes_price": 96,
            "no_price": 4,
            "taker_side": "no"
        },
        {
            "trade_id": "7584c296-e17d-408e-b370-fd89ff8e4fa3",
            "ticker": "KXHIGHMIA-25APR17-B82.5",
            "count": 70,
            "created_time": "2025-04-17T20:10:27.170665Z",
            "yes_price": 95,
            "no_price": 5,
            "taker_side": "no"
        },
        {
            "trade_id": "500e7ea5-ad74-4ec5-a4dd-ffed7ec2f94c",
            "ticker": "KXHIGHMIA-25APR17-B82.5",
            "count": 100,
            "created_time": "2025-04-17T20:10:27.170665Z",
            "yes_price": 95,
            "no_price": 5,
            "taker_side": "no"
        },
        {
            "trade_id": "e3780636-c159-47bf-af32-e6c9ba325093",
            "ticker": "KXHIGHMIA-25APR17-B82.5",
            "count": 9,
            "created_time": "2025-04-17T20:10:26.31201Z",
            "yes_price": 96,
            "no_price": 4,
            "taker_side": "no"
        },
        {
            "trade_id": "d887628d-051b-403d-a831-039fd514da50",
            "ticker": "KXHIGHMIA-25APR17-B82.5",
            "count": 8,
            "created_time": "2025-04-17T20:10:26.31201Z",
            "yes_price": 96,
            "no_price": 4,
            "taker_side": "no"
        },
        {
            "trade_id": "662dbc35-2892-4ab2-8a8a-ed3427f271a5",
            "ticker": "KXHIGHMIA-25APR17-B82.5",
            "count": 25,
            "created_time": "2025-04-17T20:10:26.31201Z",
            "yes_price": 96,
            "no_price": 4,
            "taker_side": "no"
        },
        {
            "trade_id": "43a4874a-ce3c-47f8-993a-8ef8db2784eb",
            "ticker": "KXHIGHMIA-25APR17-B82.5",
            "count": 98,
            "created_time": "2025-04-17T20:08:06.062151Z",
            "yes_price": 97,
            "no_price": 3,
            "taker_side": "yes"
        },
        {
            "trade_id": "66582f4e-c242-4ff7-b314-0c763e85f0c8",
            "ticker": "KXHIGHMIA-25APR17-B82.5",
            "count": 2,
            "created_time": "2025-04-17T20:03:48.278985Z",
            "yes_price": 97,
            "no_price": 3,
            "taker_side": "yes"
        },
        {
            "trade_id": "263f1e96-f94e-4243-9805-759831dd8c0d",
            "ticker": "KXHIGHMIA-25APR17-B82.5",
            "count": 2,
            "created_time": "2025-04-17T19:44:27.384834Z",
            "yes_price": 67,
            "no_price": 33,
            "taker_side": "no"
        },
        {
            "trade_id": "f32ee2d8-0631-4155-a055-a5c985ce0490",
            "ticker": "KXHIGHMIA-25APR17-B82.5",
            "count": 10,
            "created_time": "2025-04-17T19:32:24.098057Z",
            "yes_price": 85,
            "no_price": 15,
            "taker_side": "yes"
        },
        {
            "trade_id": "ca007f89-6c8f-4ad2-be34-bb543fcdbf1a",
            "ticker": "KXHIGHMIA-25APR17-B82.5",
            "count": 9,
            "created_time": "2025-04-17T19:32:24.098057Z",
            "yes_price": 89,
            "no_price": 11,
            "taker_side": "yes"
        },
        {
            "trade_id": "c0ce506f-044e-4dff-be8d-700564b0b403",
            "ticker": "KXHIGHMIA-25APR17-B82.5",
            "count": 25,
            "created_time": "2025-04-17T19:32:24.098057Z",
            "yes_price": 87,
            "no_price": 13,
            "taker_side": "yes"
        },
        {
            "trade_id": "a71629da-5d41-4d01-be3b-6d5729fcad2d",
            "ticker": "KXHIGHMIA-25APR17-B82.5",
            "count": 50,
            "created_time": "2025-04-17T19:32:24.098057Z",
            "yes_price": 90,
            "no_price": 10,
            "taker_side": "yes"
        },
        {
            "trade_id": "6fc48e63-72aa-4aa2-9945-54d29785f7aa",
            "ticker": "KXHIGHMIA-25APR17-B82.5",
            "count": 5,
            "created_time": "2025-04-17T19:32:24.098057Z",
            "yes_price": 87,
            "no_price": 13,
            "taker_side": "yes"
        },
        {
            "trade_id": "17f738f4-1c41-4e5b-8a16-217aa18964f4",
            "ticker": "KXHIGHMIA-25APR17-B82.5",
            "count": 12,
            "created_time": "2025-04-17T19:32:24.098057Z",
            "yes_price": 90,
            "no_price": 10,
            "taker_side": "yes"
        },
        {
            "trade_id": "5af9e978-fa4c-4231-9790-8456f8772f88",
            "ticker": "KXHIGHMIA-25APR17-B82.5",
            "count": 2,
            "created_time": "2025-04-17T19:31:32.73933Z",
            "yes_price": 74,
            "no_price": 26,
            "taker_side": "yes"
        },
        {
            "trade_id": "e5c14dda-ca8d-449e-acc8-7142ef59681e",
            "ticker": "KXHIGHMIA-25APR17-B82.5",
            "count": 172,
            "created_time": "2025-04-17T19:31:22.69957Z",
            "yes_price": 75,
            "no_price": 25,
            "taker_side": "yes"
        },
        {
            "trade_id": "b4e8871c-58af-4407-978e-01103ee24940",
            "ticker": "KXHIGHMIA-25APR17-B82.5",
            "count": 46,
            "created_time": "2025-04-17T19:31:22.69957Z",
            "yes_price": 73,
            "no_price": 27,
            "taker_side": "yes"
        },
        {
            "trade_id": "7de53e73-b11a-46a6-b0b0-1c6d19d15fcf",
            "ticker": "KXHIGHMIA-25APR17-B82.5",
            "count": 11,
            "created_time": "2025-04-17T19:31:22.69957Z",
            "yes_price": 72,
            "no_price": 28,
            "taker_side": "yes"
        },
        {
            "trade_id": "5baab3df-0e67-4947-9bd5-dee98ea4c7c7",
            "ticker": "KXHIGHMIA-25APR17-B82.5",
            "count": 50,
            "created_time": "2025-04-17T19:31:22.69957Z",
            "yes_price": 75,
            "no_price": 25,
            "taker_side": "yes"
        },
        {
            "trade_id": "2473d93d-928c-40a9-a951-fd00c59a265a",
            "ticker": "KXHIGHMIA-25APR17-B82.5",
            "count": 45,
            "created_time": "2025-04-17T19:31:22.69957Z",
            "yes_price": 74,
            "no_price": 26,
            "taker_side": "yes"
        },
        {
            "trade_id": "8fde3aa6-4276-4e05-8e2b-dbe913aefa87",
            "ticker": "KXHIGHMIA-25APR17-B82.5",
            "count": 6,
            "created_time": "2025-04-17T19:29:39.017964Z",
            "yes_price": 72,
            "no_price": 28,
            "taker_side": "yes"
        },
        {
            "trade_id": "32a13d95-cd9e-47a1-83f7-e3f233dc955c",
            "ticker": "KXHIGHMIA-25APR17-B82.5",
            "count": 4,
            "created_time": "2025-04-17T19:29:39.017964Z",
            "yes_price": 72,
            "no_price": 28,
            "taker_side": "yes"
        },
        {
            "trade_id": "705ff5cc-eb1b-43d5-868c-1f89dcb33606",
            "ticker": "KXHIGHMIA-25APR17-B82.5",
            "count": 10,
            "created_time": "2025-04-17T19:22:11.348314Z",
            "yes_price": 53,
            "no_price": 47,
            "taker_side": "yes"
        },
        {
            "trade_id": "526c484c-7fd7-41be-935e-3500088f3d43",
            "ticker": "KXHIGHMIA-25APR17-B82.5",
            "count": 5,
            "created_time": "2025-04-17T19:16:21.178546Z",
            "yes_price": 42,
            "no_price": 58,
            "taker_side": "no"
        },
        {
            "trade_id": "84368238-0960-4b85-a9aa-d887c93eda7c",
            "ticker": "KXHIGHMIA-25APR17-B82.5",
            "count": 1,
            "created_time": "2025-04-17T19:08:28.365517Z",
            "yes_price": 42,
            "no_price": 58,
            "taker_side": "no"
        },
        {
            "trade_id": "85011108-b7b3-4e25-bca3-fe7d0c3f999e",
            "ticker": "KXHIGHMIA-25APR17-B82.5",
            "count": 11,
            "created_time": "2025-04-17T19:05:05.280575Z",
            "yes_price": 44,
            "no_price": 56,
            "taker_side": "no"
        },
        {
            "trade_id": "802fb93b-08cc-4061-b6ef-d8e136e1509a",
            "ticker": "KXHIGHMIA-25APR17-B82.5",
            "count": 6,
            "created_time": "2025-04-17T19:05:05.280575Z",
            "yes_price": 43,
            "no_price": 57,
            "taker_side": "no"
        },
        {
            "trade_id": "bb35a276-25db-4929-94c2-4457310d9d9e",
            "ticker": "KXHIGHMIA-25APR17-B82.5",
            "count": 12,
            "created_time": "2025-04-17T19:03:56.676131Z",
            "yes_price": 56,
            "no_price": 44,
            "taker_side": "no"
        },
        {
            "trade_id": "3b5f8bdb-1047-4035-89c4-09d27b4ffdee",
            "ticker": "KXHIGHMIA-25APR17-B82.5",
            "count": 100,
            "created_time": "2025-04-17T19:03:56.676131Z",
            "yes_price": 55,
            "no_price": 45,
            "taker_side": "no"
        },
        {
            "trade_id": "ac4add5f-fc2e-48b5-90d8-d9bc22cf208f",
            "ticker": "KXHIGHMIA-25APR17-B82.5",
            "count": 1,
            "created_time": "2025-04-17T19:00:44.743905Z",
            "yes_price": 56,
            "no_price": 44,
            "taker_side": "no"
        },
        {
            "trade_id": "c638e0ca-aa5f-4fff-b1e9-48d5f9f2a496",
            "ticker": "KXHIGHMIA-25APR17-B82.5",
            "count": 18,
            "created_time": "2025-04-17T19:00:32.04522Z",
            "yes_price": 56,
            "no_price": 44,
            "taker_side": "no"
        },
        {
            "trade_id": "9cb576e1-d9ff-4860-9ed2-11d21c538727",
            "ticker": "KXHIGHMIA-25APR17-B82.5",
            "count": 7,
            "created_time": "2025-04-17T19:00:32.04522Z",
            "yes_price": 56,
            "no_price": 44,
            "taker_side": "no"
        },
        {
            "trade_id": "94fa9cac-1ac0-4de5-8ba0-19808dea2db6",
            "ticker": "KXHIGHMIA-25APR17-B82.5",
            "count": 3,
            "created_time": "2025-04-17T19:00:32.04522Z",
            "yes_price": 56,
            "no_price": 44,
            "taker_side": "no"
        },
        {
            "trade_id": "b74b92d2-44eb-4cea-84d2-712d59d8b384",
            "ticker": "KXHIGHMIA-25APR17-B82.5",
            "count": 19,
            "created_time": "2025-04-17T18:57:11.19751Z",
            "yes_price": 72,
            "no_price": 28,
            "taker_side": "yes"
        },
        {
            "trade_id": "22481284-4ed4-4fff-885a-1ac2ce8fd561",
            "ticker": "KXHIGHMIA-25APR17-B82.5",
            "count": 1,
            "created_time": "2025-04-17T18:37:44.532065Z",
            "yes_price": 70,
            "no_price": 30,
            "taker_side": "yes"
        },
        {
            "trade_id": "b8c4369e-c210-499d-9840-e8c345eeaf46",
            "ticker": "KXHIGHMIA-25APR17-B82.5",
            "count": 2,
            "created_time": "2025-04-17T18:36:52.816642Z",
            "yes_price": 71,
            "no_price": 29,
            "taker_side": "yes"
        },
        {
            "trade_id": "f33a1d39-e542-47b9-9a05-6fb382be611a",
            "ticker": "KXHIGHMIA-25APR17-B82.5",
            "count": 5,
            "created_time": "2025-04-17T18:35:41.826787Z",
            "yes_price": 66,
            "no_price": 34,
            "taker_side": "yes"
        },
        {
            "trade_id": "ee10bfd9-0392-4a41-b0c7-d32395557f8f",
            "ticker": "KXHIGHMIA-25APR17-B82.5",
            "count": 100,
            "created_time": "2025-04-17T18:34:29.647199Z",
            "yes_price": 60,
            "no_price": 40,
            "taker_side": "yes"
        },
        {
            "trade_id": "dfd1c6f3-bc23-42c2-9954-9c9941fd97cf",
            "ticker": "KXHIGHMIA-25APR17-B82.5",
            "count": 50,
            "created_time": "2025-04-17T18:34:29.647199Z",
            "yes_price": 53,
            "no_price": 47,
            "taker_side": "yes"
        },
        {
            "trade_id": "bd588424-2852-49b1-89f3-69e50e7eadb3",
            "ticker": "KXHIGHMIA-25APR17-B82.5",
            "count": 10,
            "created_time": "2025-04-17T18:34:29.647199Z",
            "yes_price": 53,
            "no_price": 47,
            "taker_side": "yes"
        },
        {
            "trade_id": "022234a4-b0b5-4a21-a084-8c10f0542f8a",
            "ticker": "KXHIGHMIA-25APR17-B82.5",
            "count": 15,
            "created_time": "2025-04-17T18:34:29.647199Z",
            "yes_price": 59,
            "no_price": 41,
            "taker_side": "yes"
        },
        {
            "trade_id": "20546fbb-1e96-4074-b177-ef1ba6f8d9a3",
            "ticker": "KXHIGHMIA-25APR17-B82.5",
            "count": 255,
            "created_time": "2025-04-17T18:26:38.056794Z",
            "yes_price": 50,
            "no_price": 50,
            "taker_side": "yes"
        },
        {
            "trade_id": "01af76e5-179c-4761-b129-7f6bb4f2735a",
            "ticker": "KXHIGHMIA-25APR17-B82.5",
            "count": 100,
            "created_time": "2025-04-17T18:21:49.477038Z",
            "yes_price": 50,
            "no_price": 50,
            "taker_side": "yes"
        },
        {
            "trade_id": "5a82393d-0605-4c13-8332-ab3fa17ed3d0",
            "ticker": "KXHIGHMIA-25APR17-B82.5",
            "count": 20,
            "created_time": "2025-04-17T18:21:01.358007Z",
            "yes_price": 50,
            "no_price": 50,
            "taker_side": "yes"
        },
        {
            "trade_id": "9f4b96ef-084a-42c7-b248-83942db8f40d",
            "ticker": "KXHIGHMIA-25APR17-B82.5",
            "count": 9,
            "created_time": "2025-04-17T18:15:42.688963Z",
            "yes_price": 50,
            "no_price": 50,
            "taker_side": "yes"
        },
        {
            "trade_id": "7f41afcf-8b03-4f02-a120-2be75d06b744",
            "ticker": "KXHIGHMIA-25APR17-B82.5",
            "count": 51,
            "created_time": "2025-04-17T18:09:37.045065Z",
            "yes_price": 46,
            "no_price": 54,
            "taker_side": "no"
        },
        {
            "trade_id": "64727ea7-804e-4089-a81c-c029bc28c972",
            "ticker": "KXHIGHMIA-25APR17-B82.5",
            "count": 12,
            "created_time": "2025-04-17T18:09:37.045065Z",
            "yes_price": 46,
            "no_price": 54,
            "taker_side": "no"
        },
        {
            "trade_id": "fe5dba46-d1a9-46e3-95a3-edf3b4d737e8",
            "ticker": "KXHIGHMIA-25APR17-B82.5",
            "count": 200,
            "created_time": "2025-04-17T18:09:36.533684Z",
            "yes_price": 46,
            "no_price": 54,
            "taker_side": "yes"
        },
        {
            "trade_id": "51f5983f-5410-4e97-a7ca-41e034640a88",
            "ticker": "KXHIGHMIA-25APR17-B82.5",
            "count": 50,
            "created_time": "2025-04-17T18:09:36.533684Z",
            "yes_price": 46,
            "no_price": 54,
            "taker_side": "yes"
        },
        {
            "trade_id": "dc95765c-dd02-4ce9-b83d-99b623b3e72d",
            "ticker": "KXHIGHMIA-25APR17-B82.5",
            "count": 16,
            "created_time": "2025-04-17T18:07:27.372607Z",
            "yes_price": 47,
            "no_price": 53,
            "taker_side": "yes"
        },
        {
            "trade_id": "69490a2c-08e7-486b-8dda-b126c7a1c713",
            "ticker": "KXHIGHMIA-25APR17-B82.5",
            "count": 15,
            "created_time": "2025-04-17T18:07:27.372607Z",
            "yes_price": 46,
            "no_price": 54,
            "taker_side": "yes"
        },
        {
            "trade_id": "2a9585ae-e7e9-45b5-9a67-fa1ebf3a1419",
            "ticker": "KXHIGHMIA-25APR17-B82.5",
            "count": 23,
            "created_time": "2025-04-17T17:47:57.494009Z",
            "yes_price": 45,
            "no_price": 55,
            "taker_side": "yes"
        },
        {
            "trade_id": "301f0f4c-71fd-4798-90b9-d34712dc158a",
            "ticker": "KXHIGHMIA-25APR17-B82.5",
            "count": 7,
            "created_time": "2025-04-17T17:47:40.707014Z",
            "yes_price": 45,
            "no_price": 55,
            "taker_side": "yes"
        },
        {
            "trade_id": "e0415dd3-ce65-4570-a698-5f4675f56aef",
            "ticker": "KXHIGHMIA-25APR17-B82.5",
            "count": 3,
            "created_time": "2025-04-17T17:45:40.538178Z",
            "yes_price": 45,
            "no_price": 55,
            "taker_side": "yes"
        },
        {
            "trade_id": "a11865a7-4268-4afc-b0f9-27b7b740c96b",
            "ticker": "KXHIGHMIA-25APR17-B82.5",
            "count": 19,
            "created_time": "2025-04-17T17:45:40.538178Z",
            "yes_price": 45,
            "no_price": 55,
            "taker_side": "yes"
        },
        {
            "trade_id": "949f1a4e-ca0d-4bf2-8e40-0202e9ceb268",
            "ticker": "KXHIGHMIA-25APR17-B82.5",
            "count": 19,
            "created_time": "2025-04-17T17:45:40.538178Z",
            "yes_price": 41,
            "no_price": 59,
            "taker_side": "yes"
        },
        {
            "trade_id": "0731fa08-18ee-4e20-bd25-8655f5598574",
            "ticker": "KXHIGHMIA-25APR17-B82.5",
            "count": 5,
            "created_time": "2025-04-17T17:43:11.358698Z",
            "yes_price": 41,
            "no_price": 59,
            "taker_side": "yes"
        },
        {
            "trade_id": "c9498290-2882-4524-83ec-e88331cd1e18",
            "ticker": "KXHIGHMIA-25APR17-B82.5",
            "count": 41,
            "created_time": "2025-04-17T17:33:37.920072Z",
            "yes_price": 29,
            "no_price": 71,
            "taker_side": "no"
        },
        {
            "trade_id": "fbe7ceba-06e3-4ac5-95fc-1cc10fe0a6f4",
            "ticker": "KXHIGHMIA-25APR17-B82.5",
            "count": 19,
            "created_time": "2025-04-17T17:29:40.481641Z",
            "yes_price": 27,
            "no_price": 73,
            "taker_side": "no"
        },
        {
            "trade_id": "b88d30e3-cf6f-4e64-931f-b38536ed1f15",
            "ticker": "KXHIGHMIA-25APR17-B82.5",
            "count": 100,
            "created_time": "2025-04-17T17:29:40.481641Z",
            "yes_price": 42,
            "no_price": 58,
            "taker_side": "no"
        },
        {
            "trade_id": "ae047eff-2d06-49ac-a394-14ee757196da",
            "ticker": "KXHIGHMIA-25APR17-B82.5",
            "count": 100,
            "created_time": "2025-04-17T17:22:03.939914Z",
            "yes_price": 45,
            "no_price": 55,
            "taker_side": "yes"
        },
        {
            "trade_id": "91fa94fd-f449-44e3-940d-6f417b34b7db",
            "ticker": "KXHIGHMIA-25APR17-B82.5",
            "count": 10,
            "created_time": "2025-04-17T17:15:32.744681Z",
            "yes_price": 46,
            "no_price": 54,
            "taker_side": "no"
        },
        {
            "trade_id": "1463e9ac-92cc-4dfd-b0cf-375f00a7e7e3",
            "ticker": "KXHIGHMIA-25APR17-B82.5",
            "count": 1,
            "created_time": "2025-04-17T17:07:25.70453Z",
            "yes_price": 52,
            "no_price": 48,
            "taker_side": "yes"
        },
        {
            "trade_id": "e4971b07-b072-4d26-9178-12c120c8d16d",
            "ticker": "KXHIGHMIA-25APR17-B82.5",
            "count": 25,
            "created_time": "2025-04-17T17:06:32.508757Z",
            "yes_price": 54,
            "no_price": 46,
            "taker_side": "no"
        },
        {
            "trade_id": "238187e7-bf39-484e-9f8a-a758fb0564ce",
            "ticker": "KXHIGHMIA-25APR17-B82.5",
            "count": 100,
            "created_time": "2025-04-17T17:06:27.787137Z",
            "yes_price": 55,
            "no_price": 45,
            "taker_side": "no"
        },
        {
            "trade_id": "e7e696db-41a9-45b7-9e65-6739e1f53519",
            "ticker": "KXHIGHMIA-25APR17-B82.5",
            "count": 100,
            "created_time": "2025-04-17T17:03:32.060922Z",
            "yes_price": 65,
            "no_price": 35,
            "taker_side": "no"
        },
        {
            "trade_id": "758a0ab4-e0cf-4afb-b000-49075e043b06",
            "ticker": "KXHIGHMIA-25APR17-B82.5",
            "count": 5,
            "created_time": "2025-04-17T17:03:32.060922Z",
            "yes_price": 67,
            "no_price": 33,
            "taker_side": "no"
        },
        {
            "trade_id": "2a415ac9-dac5-4f11-b850-379b55bc1aa6",
            "ticker": "KXHIGHMIA-25APR17-B82.5",
            "count": 67,
            "created_time": "2025-04-17T17:03:32.060922Z",
            "yes_price": 66,
            "no_price": 34,
            "taker_side": "no"
        },
        {
            "trade_id": "b0dc6446-e54b-4ae7-9ad0-0acfd8794586",
            "ticker": "KXHIGHMIA-25APR17-B82.5",
            "count": 5,
            "created_time": "2025-04-17T17:01:28.948899Z",
            "yes_price": 70,
            "no_price": 30,
            "taker_side": "yes"
        },
        {
            "trade_id": "0aed2b76-0164-4a8b-9bc9-5d5a31eb4c8a",
            "ticker": "KXHIGHMIA-25APR17-B82.5",
            "count": 1,
            "created_time": "2025-04-17T17:01:28.948899Z",
            "yes_price": 73,
            "no_price": 27,
            "taker_side": "yes"
        },
        {
            "trade_id": "d9dccec4-7d42-43a2-81d1-8acaeaf77e45",
            "ticker": "KXHIGHMIA-25APR17-B82.5",
            "count": 33,
            "created_time": "2025-04-17T16:59:28.96978Z",
            "yes_price": 66,
            "no_price": 34,
            "taker_side": "yes"
        },
        {
            "trade_id": "7647dfeb-aa7d-443c-9178-f0392df4f410",
            "ticker": "KXHIGHMIA-25APR17-B82.5",
            "count": 2,
            "created_time": "2025-04-17T16:53:34.4457Z",
            "yes_price": 68,
            "no_price": 32,
            "taker_side": "yes"
        },
        {
            "trade_id": "8ac94abe-c81d-4276-bf14-7218331baf25",
            "ticker": "KXHIGHMIA-25APR17-B82.5",
            "count": 2,
            "created_time": "2025-04-17T16:53:15.233465Z",
            "yes_price": 68,
            "no_price": 32,
            "taker_side": "yes"
        },
        {
            "trade_id": "2615ed2f-cdb1-49cf-a01e-76334e522209",
            "ticker": "KXHIGHMIA-25APR17-B82.5",
            "count": 1,
            "created_time": "2025-04-17T16:52:16.51812Z",
            "yes_price": 62,
            "no_price": 38,
            "taker_side": "no"
        },
        {
            "trade_id": "e4f9cf05-fada-4b76-a87a-bb7aa2486b47",
            "ticker": "KXHIGHMIA-25APR17-B82.5",
            "count": 7,
            "created_time": "2025-04-17T16:47:18.71383Z",
            "yes_price": 66,
            "no_price": 34,
            "taker_side": "yes"
        },
        {
            "trade_id": "4647e9c1-53de-4984-abdd-9d401d947b5b",
            "ticker": "KXHIGHMIA-25APR17-B82.5",
            "count": 14,
            "created_time": "2025-04-17T16:45:31.920137Z",
            "yes_price": 67,
            "no_price": 33,
            "taker_side": "yes"
        },
        {
            "trade_id": "8fef0c2a-6756-415c-8e30-da16a382a542",
            "ticker": "KXHIGHMIA-25APR17-B82.5",
            "count": 26,
            "created_time": "2025-04-17T16:44:03.255946Z",
            "yes_price": 54,
            "no_price": 46,
            "taker_side": "no"
        },
        {
            "trade_id": "66326b61-61b7-4a29-9393-f64f12e123b8",
            "ticker": "KXHIGHMIA-25APR17-B82.5",
            "count": 1,
            "created_time": "2025-04-17T16:27:23.507782Z",
            "yes_price": 66,
            "no_price": 34,
            "taker_side": "yes"
        },
        {
            "trade_id": "47a98038-4916-4bc2-9ec2-10ef79415c5a",
            "ticker": "KXHIGHMIA-25APR17-B82.5",
            "count": 7,
            "created_time": "2025-04-17T16:25:27.029406Z",
            "yes_price": 67,
            "no_price": 33,
            "taker_side": "yes"
        },
        {
            "trade_id": "d482fc3c-c945-42bd-bd73-762ba98eae4c",
            "ticker": "KXHIGHMIA-25APR17-B82.5",
            "count": 1,
            "created_time": "2025-04-17T16:23:14.421728Z",
            "yes_price": 64,
            "no_price": 36,
            "taker_side": "yes"
        },
        {
            "trade_id": "24e765f7-feac-4273-b3fa-0aed839456b0",
            "ticker": "KXHIGHMIA-25APR17-B82.5",
            "count": 50,
            "created_time": "2025-04-17T16:15:00.84188Z",
            "yes_price": 56,
            "no_price": 44,
            "taker_side": "yes"
        },
        {
            "trade_id": "32b8bfd3-2f1e-441f-a071-4a1c50082d2f",
            "ticker": "KXHIGHMIA-25APR17-B82.5",
            "count": 37,
            "created_time": "2025-04-17T16:12:20.838361Z",
            "yes_price": 56,
            "no_price": 44,
            "taker_side": "yes"
        },
        {
            "trade_id": "2cfeca74-6c08-4587-8870-98b621d29d1f",
            "ticker": "KXHIGHMIA-25APR17-B82.5",
            "count": 26,
            "created_time": "2025-04-17T16:10:52.035835Z",
            "yes_price": 55,
            "no_price": 45,
            "taker_side": "yes"
        },
        {
            "trade_id": "200da556-bc9d-4145-add9-c80a25ed267e",
            "ticker": "KXHIGHMIA-25APR17-B82.5",
            "count": 4,
            "created_time": "2025-04-17T16:10:52.035835Z",
            "yes_price": 54,
            "no_price": 46,
            "taker_side": "yes"
        },
        {
            "trade_id": "a375a3c8-7943-49b5-ba10-a28343fea492",
            "ticker": "KXHIGHMIA-25APR17-B82.5",
            "count": 34,
            "created_time": "2025-04-17T16:09:53.032759Z",
            "yes_price": 51,
            "no_price": 49,
            "taker_side": "yes"
        },
        {
            "trade_id": "925d9491-32a9-42e7-833d-fc597881c83e",
            "ticker": "KXHIGHMIA-25APR17-B82.5",
            "count": 16,
            "created_time": "2025-04-17T16:09:53.032759Z",
            "yes_price": 54,
            "no_price": 46,
            "taker_side": "yes"
        },
        {
            "trade_id": "f2eaf7ca-2d76-4b54-8c79-dae042ef32d0",
            "ticker": "KXHIGHMIA-25APR17-B82.5",
            "count": 10,
            "created_time": "2025-04-17T15:29:06.616387Z",
            "yes_price": 38,
            "no_price": 62,
            "taker_side": "yes"
        },
        {
            "trade_id": "84d9ed26-e713-48e4-845c-ec789944c33c",
            "ticker": "KXHIGHMIA-25APR17-B82.5",
            "count": 1,
            "created_time": "2025-04-17T15:21:09.586766Z",
            "yes_price": 46,
            "no_price": 54,
            "taker_side": "yes"
        },
        {
            "trade_id": "74fd5808-9b02-48cd-8da6-ed25c7d530fb",
            "ticker": "KXHIGHMIA-25APR17-B82.5",
            "count": 5,
            "created_time": "2025-04-17T15:20:43.626642Z",
            "yes_price": 46,
            "no_price": 54,
            "taker_side": "yes"
        },
        {
            "trade_id": "1824ef9b-2ddd-4f5e-abf2-e3956442cb35",
            "ticker": "KXHIGHMIA-25APR17-B82.5",
            "count": 15,
            "created_time": "2025-04-17T15:17:55.078355Z",
            "yes_price": 46,
            "no_price": 54,
            "taker_side": "yes"
        },
        {
            "trade_id": "0b5ac9d8-3448-4468-b1e0-21ff8c68d8d1",
            "ticker": "KXHIGHMIA-25APR17-B82.5",
            "count": 15,
            "created_time": "2025-04-17T15:17:55.078355Z",
            "yes_price": 46,
            "no_price": 54,
            "taker_side": "yes"
        },
        {
            "trade_id": "68328fc8-a55d-41b9-8a23-4ddc2d70f371",
            "ticker": "KXHIGHMIA-25APR17-B82.5",
            "count": 15,
            "created_time": "2025-04-17T15:02:26.354178Z",
            "yes_price": 37,
            "no_price": 63,
            "taker_side": "no"
        },
        {
            "trade_id": "61edb039-fc46-45d5-bee8-1b4570cedaff",
            "ticker": "KXHIGHMIA-25APR17-B82.5",
            "count": 25,
            "created_time": "2025-04-17T15:02:26.354178Z",
            "yes_price": 37,
            "no_price": 63,
            "taker_side": "no"
        },
        {
            "trade_id": "17e53829-0b73-4a21-8867-695e39a1675c",
            "ticker": "KXHIGHMIA-25APR17-B82.5",
            "count": 45,
            "created_time": "2025-04-17T15:02:26.354178Z",
            "yes_price": 36,
            "no_price": 64,
            "taker_side": "no"
        },
        {
            "trade_id": "050a02d5-6642-456a-9174-4cd1981dab31",
            "ticker": "KXHIGHMIA-25APR17-B82.5",
            "count": 66,
            "created_time": "2025-04-17T15:02:26.354178Z",
            "yes_price": 34,
            "no_price": 66,
            "taker_side": "no"
        },
        {
            "trade_id": "40a50c0a-6aa7-45c2-9465-7fc0b5084f10",
            "ticker": "KXHIGHMIA-25APR17-B82.5",
            "count": 18,
            "created_time": "2025-04-17T15:01:07.558308Z",
            "yes_price": 51,
            "no_price": 49,
            "taker_side": "yes"
        },
        {
            "trade_id": "1b18dbf4-adea-40ef-97e6-b1a215a0e657",
            "ticker": "KXHIGHMIA-25APR17-B82.5",
            "count": 11,
            "created_time": "2025-04-17T14:59:36.415877Z",
            "yes_price": 53,
            "no_price": 47,
            "taker_side": "yes"
        },
        {
            "trade_id": "fd5086b5-b3bd-4aea-8bb0-f6fb7e0b689e",
            "ticker": "KXHIGHMIA-25APR17-B82.5",
            "count": 10,
            "created_time": "2025-04-17T14:59:01.341656Z",
            "yes_price": 48,
            "no_price": 52,
            "taker_side": "yes"
        },
        {
            "trade_id": "afd2e902-b383-4fd0-a56c-a120b46967aa",
            "ticker": "KXHIGHMIA-25APR17-B82.5",
            "count": 22,
            "created_time": "2025-04-17T14:59:01.341656Z",
            "yes_price": 48,
            "no_price": 52,
            "taker_side": "yes"
        },
        {
            "trade_id": "ac27cd52-5102-4232-bb41-4305f1893341",
            "ticker": "KXHIGHMIA-25APR17-B82.5",
            "count": 50,
            "created_time": "2025-04-17T14:59:01.341656Z",
            "yes_price": 47,
            "no_price": 53,
            "taker_side": "yes"
        },
        {
            "trade_id": "6e4f21db-1c9f-46d7-9704-1407ee19d4fc",
            "ticker": "KXHIGHMIA-25APR17-B82.5",
            "count": 3,
            "created_time": "2025-04-17T14:59:01.341656Z",
            "yes_price": 46,
            "no_price": 54,
            "taker_side": "yes"
        },
        {
            "trade_id": "9b950f87-c2f0-44ca-8df7-5748bd63128a",
            "ticker": "KXHIGHMIA-25APR17-B82.5",
            "count": 1,
            "created_time": "2025-04-17T14:51:09.994662Z",
            "yes_price": 47,
            "no_price": 53,
            "taker_side": "yes"
        },
        {
            "trade_id": "dd2cb243-b402-4941-b77a-3aaa4efb5010",
            "ticker": "KXHIGHMIA-25APR17-B82.5",
            "count": 6,
            "created_time": "2025-04-17T14:51:09.927888Z",
            "yes_price": 34,
            "no_price": 66,
            "taker_side": "no"
        },
        {
            "trade_id": "3ef5cd03-2311-4051-8cd8-7a4d7c95b600",
            "ticker": "KXHIGHMIA-25APR17-B82.5",
            "count": 21,
            "created_time": "2025-04-17T14:51:09.927888Z",
            "yes_price": 35,
            "no_price": 65,
            "taker_side": "no"
        },
        {
            "trade_id": "e370f77d-9f82-43d1-be64-21769308e2e3",
            "ticker": "KXHIGHMIA-25APR17-B82.5",
            "count": 1,
            "created_time": "2025-04-17T14:50:37.526906Z",
            "yes_price": 48,
            "no_price": 52,
            "taker_side": "yes"
        },
        {
            "trade_id": "4f3d5b4e-ec12-4595-9c52-da7cc55c151c",
            "ticker": "KXHIGHMIA-25APR17-B82.5",
            "count": 1,
            "created_time": "2025-04-17T14:49:25.733878Z",
            "yes_price": 47,
            "no_price": 53,
            "taker_side": "yes"
        },
        {
            "trade_id": "42f87412-5d0b-4582-ae3c-a932e9580501",
            "ticker": "KXHIGHMIA-25APR17-B82.5",
            "count": 2,
            "created_time": "2025-04-17T14:48:10.714603Z",
            "yes_price": 46,
            "no_price": 54,
            "taker_side": "no"
        },
        {
            "trade_id": "b4539c55-c091-4e97-8f5e-532dc63aa0ce",
            "ticker": "KXHIGHMIA-25APR17-B82.5",
            "count": 1,
            "created_time": "2025-04-17T14:47:16.713074Z",
            "yes_price": 42,
            "no_price": 58,
            "taker_side": "yes"
        },
        {
            "trade_id": "f3fda623-b5d1-4623-97ef-4722f748c875",
            "ticker": "KXHIGHMIA-25APR17-B82.5",
            "count": 1,
            "created_time": "2025-04-17T14:43:46.544026Z",
            "yes_price": 48,
            "no_price": 52,
            "taker_side": "yes"
        },
        {
            "trade_id": "f50a69c4-f05a-44fe-b0d3-637349c58586",
            "ticker": "KXHIGHMIA-25APR17-B82.5",
            "count": 2,
            "created_time": "2025-04-17T14:43:27.755027Z",
            "yes_price": 48,
            "no_price": 52,
            "taker_side": "no"
        },
        {
            "trade_id": "b245fc1f-396f-42f7-a6ce-3ae32982ec01",
            "ticker": "KXHIGHMIA-25APR17-B82.5",
            "count": 2,
            "created_time": "2025-04-17T14:43:14.947508Z",
            "yes_price": 47,
            "no_price": 53,
            "taker_side": "no"
        },
        {
            "trade_id": "aa1831b1-96f2-4af1-b9bf-45d609fdf60b",
            "ticker": "KXHIGHMIA-25APR17-B82.5",
            "count": 5,
            "created_time": "2025-04-17T14:05:42.109571Z",
            "yes_price": 38,
            "no_price": 62,
            "taker_side": "yes"
        },
        {
            "trade_id": "33666521-4f5a-4457-abdd-f5099c5dccca",
            "ticker": "KXHIGHMIA-25APR17-B82.5",
            "count": 5,
            "created_time": "2025-04-17T14:01:51.55801Z",
            "yes_price": 23,
            "no_price": 77,
            "taker_side": "no"
        },
        {
            "trade_id": "d21f7be6-151a-46f2-9d09-75ae4440a9fa",
            "ticker": "KXHIGHMIA-25APR17-B82.5",
            "count": 100,
            "created_time": "2025-04-17T14:01:17.863784Z",
            "yes_price": 43,
            "no_price": 57,
            "taker_side": "no"
        },
        {
            "trade_id": "93cde0b1-1958-4c60-95ef-3be696a8f162",
            "ticker": "KXHIGHMIA-25APR17-B82.5",
            "count": 95,
            "created_time": "2025-04-17T14:01:17.863784Z",
            "yes_price": 44,
            "no_price": 56,
            "taker_side": "no"
        },
        {
            "trade_id": "88e34a1c-6ae7-4e70-a1d3-940081dfbc56",
            "ticker": "KXHIGHMIA-25APR17-B82.5",
            "count": 17,
            "created_time": "2025-04-17T14:01:17.863784Z",
            "yes_price": 43,
            "no_price": 57,
            "taker_side": "no"
        },
        {
            "trade_id": "89d6452e-4f74-4e40-9020-5982ff0c3715",
            "ticker": "KXHIGHMIA-25APR17-B82.5",
            "count": 40,
            "created_time": "2025-04-17T13:43:07.836006Z",
            "yes_price": 46,
            "no_price": 54,
            "taker_side": "yes"
        },
        {
            "trade_id": "62a3d2cc-84f3-40bb-9d66-48287ecf098a",
            "ticker": "KXHIGHMIA-25APR17-B82.5",
            "count": 5,
            "created_time": "2025-04-17T13:34:02.844857Z",
            "yes_price": 45,
            "no_price": 55,
            "taker_side": "no"
        },
        {
            "trade_id": "2a6285bf-741e-466b-803a-9c99ef9a9c0e",
            "ticker": "KXHIGHMIA-25APR17-B82.5",
            "count": 15,
            "created_time": "2025-04-17T13:34:02.844857Z",
            "yes_price": 46,
            "no_price": 54,
            "taker_side": "no"
        },
        {
            "trade_id": "e4e95053-aeb0-494b-8a2a-f207bdb43df9",
            "ticker": "KXHIGHMIA-25APR17-B82.5",
            "count": 65,
            "created_time": "2025-04-17T13:32:59.511324Z",
            "yes_price": 45,
            "no_price": 55,
            "taker_side": "no"
        },
        {
            "trade_id": "5d876a9c-6d31-4916-bff7-9c0f2a62843c",
            "ticker": "KXHIGHMIA-25APR17-B82.5",
            "count": 23,
            "created_time": "2025-04-17T13:32:59.511324Z",
            "yes_price": 46,
            "no_price": 54,
            "taker_side": "no"
        },
        {
            "trade_id": "efc7ef13-0001-4aa2-a3a6-06cc576ded03",
            "ticker": "KXHIGHMIA-25APR17-B82.5",
            "count": 1,
            "created_time": "2025-04-17T13:26:19.144813Z",
            "yes_price": 50,
            "no_price": 50,
            "taker_side": "yes"
        },
        {
            "trade_id": "e0e09744-cf0d-450c-9b75-9b5342313158",
            "ticker": "KXHIGHMIA-25APR17-B82.5",
            "count": 5,
            "created_time": "2025-04-17T13:09:44.804292Z",
            "yes_price": 46,
            "no_price": 54,
            "taker_side": "no"
        },
        {
            "trade_id": "ab67cf95-8aac-4f4c-b000-de85c4a0511d",
            "ticker": "KXHIGHMIA-25APR17-B82.5",
            "count": 2,
            "created_time": "2025-04-17T13:09:10.917001Z",
            "yes_price": 46,
            "no_price": 54,
            "taker_side": "no"
        },
        {
            "trade_id": "1c4d54a1-401a-4a53-88d6-4598b191a119",
            "ticker": "KXHIGHMIA-25APR17-B82.5",
            "count": 2,
            "created_time": "2025-04-17T13:04:45.201647Z",
            "yes_price": 46,
            "no_price": 54,
            "taker_side": "no"
        },
        {
            "trade_id": "32b7e3c9-6a5c-46fa-b48d-91128d84045c",
            "ticker": "KXHIGHMIA-25APR17-B82.5",
            "count": 2,
            "created_time": "2025-04-17T13:04:06.51764Z",
            "yes_price": 47,
            "no_price": 53,
            "taker_side": "no"
        },
        {
            "trade_id": "63a50fad-f646-4133-8990-be49fe33302e",
            "ticker": "KXHIGHMIA-25APR17-B82.5",
            "count": 1,
            "created_time": "2025-04-17T13:03:43.406727Z",
            "yes_price": 53,
            "no_price": 47,
            "taker_side": "yes"
        },
        {
            "trade_id": "396bd377-35a8-4d08-9985-1dbd13722103",
            "ticker": "KXHIGHMIA-25APR17-B82.5",
            "count": 1,
            "created_time": "2025-04-17T13:02:51.199744Z",
            "yes_price": 45,
            "no_price": 55,
            "taker_side": "no"
        },
        {
            "trade_id": "89063d7e-9052-42f4-b5c2-8b250377d2a8",
            "ticker": "KXHIGHMIA-25APR17-B82.5",
            "count": 50,
            "created_time": "2025-04-17T12:33:48.252546Z",
            "yes_price": 50,
            "no_price": 50,
            "taker_side": "yes"
        },
        {
            "trade_id": "5a1e635f-7974-477b-9ee3-863059a272d2",
            "ticker": "KXHIGHMIA-25APR17-B82.5",
            "count": 7,
            "created_time": "2025-04-17T12:33:48.252546Z",
            "yes_price": 49,
            "no_price": 51,
            "taker_side": "yes"
        },
        {
            "trade_id": "449255d1-80c5-4d24-9f4e-2a5d2fd1d215",
            "ticker": "KXHIGHMIA-25APR17-B82.5",
            "count": 30,
            "created_time": "2025-04-17T12:32:32.201963Z",
            "yes_price": 46,
            "no_price": 54,
            "taker_side": "no"
        },
        {
            "trade_id": "821a2619-3a4a-41ea-beae-9435f5d86831",
            "ticker": "KXHIGHMIA-25APR17-B82.5",
            "count": 8,
            "created_time": "2025-04-17T12:30:42.694663Z",
            "yes_price": 53,
            "no_price": 47,
            "taker_side": "yes"
        },
        {
            "trade_id": "de108d9a-ba2e-4c0a-ae50-8a6bf5036b03",
            "ticker": "KXHIGHMIA-25APR17-B82.5",
            "count": 15,
            "created_time": "2025-04-17T12:27:53.556988Z",
            "yes_price": 59,
            "no_price": 41,
            "taker_side": "yes"
        },
        {
            "trade_id": "e28ff1d8-4c5b-4b5a-bf00-d030e7126c82",
            "ticker": "KXHIGHMIA-25APR17-B82.5",
            "count": 2,
            "created_time": "2025-04-17T12:24:18.564218Z",
            "yes_price": 45,
            "no_price": 55,
            "taker_side": "no"
        },
        {
            "trade_id": "5d0d7d82-e4fc-4690-8ef6-9285ee2939d4",
            "ticker": "KXHIGHMIA-25APR17-B82.5",
            "count": 22,
            "created_time": "2025-04-17T12:24:18.564218Z",
            "yes_price": 45,
            "no_price": 55,
            "taker_side": "no"
        },
        {
            "trade_id": "55e0d151-ab31-4d9a-a715-a6f995bba3a4",
            "ticker": "KXHIGHMIA-25APR17-B82.5",
            "count": 15,
            "created_time": "2025-04-17T12:24:18.564218Z",
            "yes_price": 47,
            "no_price": 53,
            "taker_side": "no"
        },
        {
            "trade_id": "11c547cd-da4d-41e3-9628-d4091bbfd8ab",
            "ticker": "KXHIGHMIA-25APR17-B82.5",
            "count": 5,
            "created_time": "2025-04-17T12:24:18.564218Z",
            "yes_price": 44,
            "no_price": 56,
            "taker_side": "no"
        },
        {
            "trade_id": "7bc5e108-34e2-4785-b2fd-e2921fe2b0f4",
            "ticker": "KXHIGHMIA-25APR17-B82.5",
            "count": 20,
            "created_time": "2025-04-17T12:24:06.968726Z",
            "yes_price": 57,
            "no_price": 43,
            "taker_side": "yes"
        },
        {
            "trade_id": "7f2b15b1-e69d-4b45-b5f6-506dcb91fd46",
            "ticker": "KXHIGHMIA-25APR17-B82.5",
            "count": 109,
            "created_time": "2025-04-17T12:04:13.296057Z",
            "yes_price": 48,
            "no_price": 52,
            "taker_side": "yes"
        },
        {
            "trade_id": "d152b673-1aba-4d83-a943-fae658cbbbc2",
            "ticker": "KXHIGHMIA-25APR17-B82.5",
            "count": 1,
            "created_time": "2025-04-17T12:03:50.332354Z",
            "yes_price": 43,
            "no_price": 57,
            "taker_side": "yes"
        },
        {
            "trade_id": "949db918-c2a5-4510-b366-6f5313374c5c",
            "ticker": "KXHIGHMIA-25APR17-B82.5",
            "count": 240,
            "created_time": "2025-04-17T12:03:50.332354Z",
            "yes_price": 45,
            "no_price": 55,
            "taker_side": "yes"
        },
        {
            "trade_id": "8c801edf-3a1b-4f70-985e-8490897dfb9f",
            "ticker": "KXHIGHMIA-25APR17-B82.5",
            "count": 240,
            "created_time": "2025-04-17T12:03:50.332354Z",
            "yes_price": 47,
            "no_price": 53,
            "taker_side": "yes"
        },
        {
            "trade_id": "8642454c-1a36-4339-976a-0575d704e429",
            "ticker": "KXHIGHMIA-25APR17-B82.5",
            "count": 40,
            "created_time": "2025-04-17T12:03:50.332354Z",
            "yes_price": 43,
            "no_price": 57,
            "taker_side": "yes"
        },
        {
            "trade_id": "4d0ae36d-1244-4b3f-bfa8-225b944f35ee",
            "ticker": "KXHIGHMIA-25APR17-B82.5",
            "count": 18,
            "created_time": "2025-04-17T12:03:50.332354Z",
            "yes_price": 45,
            "no_price": 55,
            "taker_side": "yes"
        },
        {
            "trade_id": "d3f2aad0-32a8-4185-b37f-1c508e33aae4",
            "ticker": "KXHIGHMIA-25APR17-B82.5",
            "count": 1,
            "created_time": "2025-04-17T12:02:31.319521Z",
            "yes_price": 43,
            "no_price": 57,
            "taker_side": "yes"
        },
        {
            "trade_id": "ff8d2a50-211e-4f08-8a69-caf80b0e6ad5",
            "ticker": "KXHIGHMIA-25APR17-B82.5",
            "count": 40,
            "created_time": "2025-04-17T06:42:25.993914Z",
            "yes_price": 53,
            "no_price": 47,
            "taker_side": "yes"
        },
        {
            "trade_id": "2921bf96-db1c-494b-aacd-c41de94db0f5",
            "ticker": "KXHIGHMIA-25APR17-B82.5",
            "count": 40,
            "created_time": "2025-04-17T06:42:23.070256Z",
            "yes_price": 52,
            "no_price": 48,
            "taker_side": "yes"
        },
        {
            "trade_id": "290803c4-7d84-4439-9c99-d143acedafdd",
            "ticker": "KXHIGHMIA-25APR17-B82.5",
            "count": 12,
            "created_time": "2025-04-17T06:42:23.070256Z",
            "yes_price": 51,
            "no_price": 49,
            "taker_side": "yes"
        },
        {
            "trade_id": "c03ee41e-2f57-42da-a7e8-18604799f072",
            "ticker": "KXHIGHMIA-25APR17-B82.5",
            "count": 40,
            "created_time": "2025-04-17T06:42:23.010304Z",
            "yes_price": 50,
            "no_price": 50,
            "taker_side": "yes"
        },
        {
            "trade_id": "b3f93867-b166-4bef-a5f9-f824491f5426",
            "ticker": "KXHIGHMIA-25APR17-B82.5",
            "count": 28,
            "created_time": "2025-04-17T06:42:23.010304Z",
            "yes_price": 51,
            "no_price": 49,
            "taker_side": "yes"
        },
        {
            "trade_id": "cefc7645-f986-4c76-a839-1769fb94a658",
            "ticker": "KXHIGHMIA-25APR17-B82.5",
            "count": 18,
            "created_time": "2025-04-17T06:39:23.819918Z",
            "yes_price": 49,
            "no_price": 51,
            "taker_side": "yes"
        },
        {
            "trade_id": "b4037d58-819c-4881-9915-b5f466023317",
            "ticker": "KXHIGHMIA-25APR17-B82.5",
            "count": 10,
            "created_time": "2025-04-17T06:33:00.933021Z",
            "yes_price": 47,
            "no_price": 53,
            "taker_side": "no"
        },
        {
            "trade_id": "eaee23a5-f5f9-45b8-9ae0-41f6ee29c0f6",
            "ticker": "KXHIGHMIA-25APR17-B82.5",
            "count": 38,
            "created_time": "2025-04-17T06:30:36.960219Z",
            "yes_price": 47,
            "no_price": 53,
            "taker_side": "yes"
        },
        {
            "trade_id": "e79027f0-4247-449c-9800-19817984ce7d",
            "ticker": "KXHIGHMIA-25APR17-B82.5",
            "count": 40,
            "created_time": "2025-04-17T06:30:36.960219Z",
            "yes_price": 48,
            "no_price": 52,
            "taker_side": "yes"
        },
        {
            "trade_id": "9498809c-cd76-4c2e-89e2-1ce42ecacd90",
            "ticker": "KXHIGHMIA-25APR17-B82.5",
            "count": 22,
            "created_time": "2025-04-17T06:30:36.960219Z",
            "yes_price": 49,
            "no_price": 51,
            "taker_side": "yes"
        },
        {
            "trade_id": "7e11ea74-b73e-4d22-9cab-853df7caa942",
            "ticker": "KXHIGHMIA-25APR17-B82.5",
            "count": 2,
            "created_time": "2025-04-17T06:25:43.565931Z",
            "yes_price": 47,
            "no_price": 53,
            "taker_side": "yes"
        },
        {
            "trade_id": "fc69a96f-7e60-4fc2-926f-66a395d28881",
            "ticker": "KXHIGHMIA-25APR17-B82.5",
            "count": 40,
            "created_time": "2025-04-17T06:15:40.461264Z",
            "yes_price": 46,
            "no_price": 54,
            "taker_side": "yes"
        },
        {
            "trade_id": "3e085165-6077-40c0-872c-bb9a59ed05b2",
            "ticker": "KXHIGHMIA-25APR17-B82.5",
            "count": 75,
            "created_time": "2025-04-17T06:15:40.461264Z",
            "yes_price": 46,
            "no_price": 54,
            "taker_side": "yes"
        },
        {
            "trade_id": "316b65cc-48cf-41e5-b548-22b2f32fdc95",
            "ticker": "KXHIGHMIA-25APR17-B82.5",
            "count": 40,
            "created_time": "2025-04-17T06:15:40.461264Z",
            "yes_price": 45,
            "no_price": 55,
            "taker_side": "yes"
        },
        {
            "trade_id": "9bb5d427-d445-4b72-982a-8140e7374d26",
            "ticker": "KXHIGHMIA-25APR17-B82.5",
            "count": 40,
            "created_time": "2025-04-17T06:04:36.60737Z",
            "yes_price": 44,
            "no_price": 56,
            "taker_side": "yes"
        },
        {
            "trade_id": "80637cf7-4d96-4e4a-ad21-ef978570bffc",
            "ticker": "KXHIGHMIA-25APR17-B82.5",
            "count": 60,
            "created_time": "2025-04-17T06:04:36.60737Z",
            "yes_price": 44,
            "no_price": 56,
            "taker_side": "yes"
        },
        {
            "trade_id": "837151b3-9d22-4b5c-ae76-0e62829cbc31",
            "ticker": "KXHIGHMIA-25APR17-B82.5",
            "count": 40,
            "created_time": "2025-04-17T05:45:24.959462Z",
            "yes_price": 43,
            "no_price": 57,
            "taker_side": "yes"
        },
        {
            "trade_id": "93207338-b90f-4e9d-bf85-f5deaea45ae1",
            "ticker": "KXHIGHMIA-25APR17-B82.5",
            "count": 40,
            "created_time": "2025-04-17T05:45:19.820357Z",
            "yes_price": 42,
            "no_price": 58,
            "taker_side": "yes"
        },
        {
            "trade_id": "8bc85679-6957-4a8f-8bbe-617956ced1fd",
            "ticker": "KXHIGHMIA-25APR17-B82.5",
            "count": 15,
            "created_time": "2025-04-17T05:45:19.820357Z",
            "yes_price": 41,
            "no_price": 59,
            "taker_side": "yes"
        },
        {
            "trade_id": "d4348d80-2be8-413d-9710-0796c4c82d1b",
            "ticker": "KXHIGHMIA-25APR17-B82.5",
            "count": 60,
            "created_time": "2025-04-17T05:45:19.742338Z",
            "yes_price": 40,
            "no_price": 60,
            "taker_side": "yes"
        },
        {
            "trade_id": "091fe918-8f97-4f0f-9ddf-2c352806a08d",
            "ticker": "KXHIGHMIA-25APR17-B82.5",
            "count": 25,
            "created_time": "2025-04-17T05:45:19.742338Z",
            "yes_price": 41,
            "no_price": 59,
            "taker_side": "yes"
        },
        {
            "trade_id": "1eb9603e-4ed1-497a-abcf-75b2435a3a45",
            "ticker": "KXHIGHMIA-25APR17-B82.5",
            "count": 32,
            "created_time": "2025-04-17T05:24:18.851672Z",
            "yes_price": 37,
            "no_price": 63,
            "taker_side": "no"
        },
        {
            "trade_id": "09253e6d-8f0b-4b7e-a628-97561c6ebf70",
            "ticker": "KXHIGHMIA-25APR17-B82.5",
            "count": 36,
            "created_time": "2025-04-17T04:46:01.829971Z",
            "yes_price": 42,
            "no_price": 58,
            "taker_side": "no"
        },
        {
            "trade_id": "eabe713d-3265-4f70-9bda-772a84d1382d",
            "ticker": "KXHIGHMIA-25APR17-B82.5",
            "count": 36,
            "created_time": "2025-04-17T04:46:01.643476Z",
            "yes_price": 42,
            "no_price": 58,
            "taker_side": "no"
        },
        {
            "trade_id": "627c5804-f760-4c37-af53-7e021a79c8b7",
            "ticker": "KXHIGHMIA-25APR17-B82.5",
            "count": 10,
            "created_time": "2025-04-17T04:45:19.560009Z",
            "yes_price": 40,
            "no_price": 60,
            "taker_side": "no"
        },
        {
            "trade_id": "5d1a6a96-7f7f-48bc-9638-2c9806d1157d",
            "ticker": "KXHIGHMIA-25APR17-B82.5",
            "count": 1,
            "created_time": "2025-04-17T04:31:27.553609Z",
            "yes_price": 38,
            "no_price": 62,
            "taker_side": "yes"
        },
        {
            "trade_id": "c344cfa3-c0c4-40d7-9cf0-84cc9b2bdc87",
            "ticker": "KXHIGHMIA-25APR17-B82.5",
            "count": 54,
            "created_time": "2025-04-17T04:21:10.79697Z",
            "yes_price": 40,
            "no_price": 60,
            "taker_side": "yes"
        },
        {
            "trade_id": "3bd20a48-e394-4e0d-91bc-9777e547721e",
            "ticker": "KXHIGHMIA-25APR17-B82.5",
            "count": 5,
            "created_time": "2025-04-17T04:21:10.79697Z",
            "yes_price": 38,
            "no_price": 62,
            "taker_side": "yes"
        },
        {
            "trade_id": "35b89f78-9bcf-40e5-bb10-3f1df759b785",
            "ticker": "KXHIGHMIA-25APR17-B82.5",
            "count": 57,
            "created_time": "2025-04-17T04:21:10.79697Z",
            "yes_price": 38,
            "no_price": 62,
            "taker_side": "yes"
        },
        {
            "trade_id": "3279f607-c11a-4234-acca-01ec56a34389",
            "ticker": "KXHIGHMIA-25APR17-B82.5",
            "count": 5,
            "created_time": "2025-04-17T04:21:10.79697Z",
            "yes_price": 38,
            "no_price": 62,
            "taker_side": "yes"
        },
        {
            "trade_id": "dddd607a-0ec2-448c-8e63-c145e3c66ebb",
            "ticker": "KXHIGHMIA-25APR17-B82.5",
            "count": 2,
            "created_time": "2025-04-17T04:12:59.13843Z",
            "yes_price": 36,
            "no_price": 64,
            "taker_side": "no"
        },
        {
            "trade_id": "c2218fe8-263d-4588-82eb-dc22ee0cdff3",
            "ticker": "KXHIGHMIA-25APR17-B82.5",
            "count": 64,
            "created_time": "2025-04-17T04:03:11.841542Z",
            "yes_price": 38,
            "no_price": 62,
            "taker_side": "yes"
        },
        {
            "trade_id": "abee9e00-6f29-4cac-a807-bb35c0a2689a",
            "ticker": "KXHIGHMIA-25APR17-B82.5",
            "count": 85,
            "created_time": "2025-04-17T04:03:11.841542Z",
            "yes_price": 40,
            "no_price": 60,
            "taker_side": "yes"
        },
        {
            "trade_id": "52ad0fff-0783-484f-865e-cd6d35ee79b0",
            "ticker": "KXHIGHMIA-25APR17-B82.5",
            "count": 90,
            "created_time": "2025-04-17T04:03:11.841542Z",
            "yes_price": 38,
            "no_price": 62,
            "taker_side": "yes"
        },
        {
            "trade_id": "379e0220-188f-4287-b938-2e03d9446c4e",
            "ticker": "KXHIGHMIA-25APR17-B82.5",
            "count": 4,
            "created_time": "2025-04-17T04:03:11.841542Z",
            "yes_price": 38,
            "no_price": 62,
            "taker_side": "yes"
        },
        {
            "trade_id": "15e06756-18c7-4387-b46c-73cc03df6f73",
            "ticker": "KXHIGHMIA-25APR17-B82.5",
            "count": 10,
            "created_time": "2025-04-17T03:53:19.771167Z",
            "yes_price": 38,
            "no_price": 62,
            "taker_side": "yes"
        },
        {
            "trade_id": "7ddc17cf-dd19-40c2-9474-7152d73c7eae",
            "ticker": "KXHIGHMIA-25APR17-B82.5",
            "count": 2,
            "created_time": "2025-04-17T03:52:46.470967Z",
            "yes_price": 37,
            "no_price": 63,
            "taker_side": "yes"
        },
        {
            "trade_id": "1312d0d8-aa33-4342-828f-d0f83585bb7f",
            "ticker": "KXHIGHMIA-25APR17-B82.5",
            "count": 3,
            "created_time": "2025-04-17T03:52:46.470967Z",
            "yes_price": 37,
            "no_price": 63,
            "taker_side": "yes"
        },
        {
            "trade_id": "21ca8b28-3419-4712-964e-40d9483bbe41",
            "ticker": "KXHIGHMIA-25APR17-B82.5",
            "count": 12,
            "created_time": "2025-04-17T03:24:18.410199Z",
            "yes_price": 41,
            "no_price": 59,
            "taker_side": "no"
        },
        {
            "trade_id": "d14dddb5-ec4a-4722-b079-9b6cacef9fb9",
            "ticker": "KXHIGHMIA-25APR17-B82.5",
            "count": 6,
            "created_time": "2025-04-17T02:58:57.602175Z",
            "yes_price": 47,
            "no_price": 53,
            "taker_side": "no"
        },
        {
            "trade_id": "0350d725-b933-4fb3-a25b-bc2ab7763bce",
            "ticker": "KXHIGHMIA-25APR17-B82.5",
            "count": 2,
            "created_time": "2025-04-17T02:49:19.762994Z",
            "yes_price": 44,
            "no_price": 56,
            "taker_side": "yes"
        },
        {
            "trade_id": "70b12ff2-7224-4fcf-8f53-fcd9b3e9b62a",
            "ticker": "KXHIGHMIA-25APR17-B82.5",
            "count": 15,
            "created_time": "2025-04-17T02:42:23.531626Z",
            "yes_price": 42,
            "no_price": 58,
            "taker_side": "yes"
        },
        {
            "trade_id": "50a7a203-3671-47db-9a0b-7dce68f6d652",
            "ticker": "KXHIGHMIA-25APR17-B82.5",
            "count": 23,
            "created_time": "2025-04-17T02:42:19.692497Z",
            "yes_price": 42,
            "no_price": 58,
            "taker_side": "yes"
        },
        {
            "trade_id": "0858033f-4abb-436f-9a40-05b8f49781eb",
            "ticker": "KXHIGHMIA-25APR17-B82.5",
            "count": 7,
            "created_time": "2025-04-17T02:42:19.692497Z",
            "yes_price": 42,
            "no_price": 58,
            "taker_side": "yes"
        },
        {
            "trade_id": "f7d6f33c-0acd-4e1e-bd67-d6ba47398d58",
            "ticker": "KXHIGHMIA-25APR17-B82.5",
            "count": 3,
            "created_time": "2025-04-17T02:34:53.820829Z",
            "yes_price": 41,
            "no_price": 59,
            "taker_side": "no"
        },
        {
            "trade_id": "fa9e83fd-a608-49ef-8c34-078cb616aa72",
            "ticker": "KXHIGHMIA-25APR17-B82.5",
            "count": 8,
            "created_time": "2025-04-17T02:33:24.021273Z",
            "yes_price": 43,
            "no_price": 57,
            "taker_side": "no"
        },
        {
            "trade_id": "2d67d4ec-ec65-4534-833c-ce3cf5ab6436",
            "ticker": "KXHIGHMIA-25APR17-B82.5",
            "count": 12,
            "created_time": "2025-04-17T02:33:24.021273Z",
            "yes_price": 42,
            "no_price": 58,
            "taker_side": "no"
        },
        {
            "trade_id": "28dcde1f-8d0a-4576-97df-80bd3cae0ba8",
            "ticker": "KXHIGHMIA-25APR17-B82.5",
            "count": 7,
            "created_time": "2025-04-17T02:33:24.021273Z",
            "yes_price": 45,
            "no_price": 55,
            "taker_side": "no"
        },
        {
            "trade_id": "130e7b17-4e3c-4ba4-80ba-2a68945a4c78",
            "ticker": "KXHIGHMIA-25APR17-B82.5",
            "count": 2,
            "created_time": "2025-04-17T02:33:24.021273Z",
            "yes_price": 42,
            "no_price": 58,
            "taker_side": "no"
        },
        {
            "trade_id": "c2bdc407-c636-46be-907e-4477227d0afe",
            "ticker": "KXHIGHMIA-25APR17-B82.5",
            "count": 23,
            "created_time": "2025-04-17T02:21:29.779434Z",
            "yes_price": 46,
            "no_price": 54,
            "taker_side": "yes"
        },
        {
            "trade_id": "0d33a613-6b44-4490-ba86-4a18880059b2",
            "ticker": "KXHIGHMIA-25APR17-B82.5",
            "count": 6,
            "created_time": "2025-04-17T02:21:23.353171Z",
            "yes_price": 46,
            "no_price": 54,
            "taker_side": "yes"
        },
        {
            "trade_id": "62f50088-a5cf-4b04-b31b-344ff710ceff",
            "ticker": "KXHIGHMIA-25APR17-B82.5",
            "count": 35,
            "created_time": "2025-04-17T02:21:23.286822Z",
            "yes_price": 42,
            "no_price": 58,
            "taker_side": "yes"
        },
        {
            "trade_id": "3c250e25-4fca-480b-a72a-5f2a0c6250bc",
            "ticker": "KXHIGHMIA-25APR17-B82.5",
            "count": 7,
            "created_time": "2025-04-17T02:21:23.286822Z",
            "yes_price": 42,
            "no_price": 58,
            "taker_side": "yes"
        },
        {
            "trade_id": "04a553a5-242f-49aa-bedd-0fda3a7c311c",
            "ticker": "KXHIGHMIA-25APR17-B82.5",
            "count": 8,
            "created_time": "2025-04-17T02:21:23.286822Z",
            "yes_price": 45,
            "no_price": 55,
            "taker_side": "yes"
        },
        {
            "trade_id": "7e128265-f4b0-461d-8efd-8d1082baf698",
            "ticker": "KXHIGHMIA-25APR17-B82.5",
            "count": 1,
            "created_time": "2025-04-17T02:09:25.820254Z",
            "yes_price": 42,
            "no_price": 58,
            "taker_side": "no"
        },
        {
            "trade_id": "722472af-0147-4336-91ac-6fe5a2dbf769",
            "ticker": "KXHIGHMIA-25APR17-B82.5",
            "count": 6,
            "created_time": "2025-04-17T02:09:25.820254Z",
            "yes_price": 42,
            "no_price": 58,
            "taker_side": "no"
        },
        {
            "trade_id": "43bb977d-2113-44f9-9d01-4f5bd27cdf95",
            "ticker": "KXHIGHMIA-25APR17-B82.5",
            "count": 10,
            "created_time": "2025-04-17T02:08:12.785022Z",
            "yes_price": 47,
            "no_price": 53,
            "taker_side": "yes"
        },
        {
            "trade_id": "9f6e3f05-ee0a-4d49-a87a-c47f9fcb917c",
            "ticker": "KXHIGHMIA-25APR17-B82.5",
            "count": 31,
            "created_time": "2025-04-17T01:57:22.350778Z",
            "yes_price": 42,
            "no_price": 58,
            "taker_side": "yes"
        },
        {
            "trade_id": "6ed117c9-b3ec-4d46-8741-3ae3e74d5ca3",
            "ticker": "KXHIGHMIA-25APR17-B82.5",
            "count": 14,
            "created_time": "2025-04-17T01:57:22.350778Z",
            "yes_price": 42,
            "no_price": 58,
            "taker_side": "yes"
        },
        {
            "trade_id": "19b2a721-b3e4-4326-bcde-540ee444f87c",
            "ticker": "KXHIGHMIA-25APR17-B82.5",
            "count": 8,
            "created_time": "2025-04-17T01:57:22.350778Z",
            "yes_price": 42,
            "no_price": 58,
            "taker_side": "yes"
        },
        {
            "trade_id": "aababca5-c865-4378-bb5e-2ca4255bcdc6",
            "ticker": "KXHIGHMIA-25APR17-B82.5",
            "count": 1,
            "created_time": "2025-04-17T01:42:24.58054Z",
            "yes_price": 42,
            "no_price": 58,
            "taker_side": "no"
        },
        {
            "trade_id": "369e8429-b2a3-4eb6-9e5c-37830f806827",
            "ticker": "KXHIGHMIA-25APR17-B82.5",
            "count": 14,
            "created_time": "2025-04-17T01:39:20.34174Z",
            "yes_price": 43,
            "no_price": 57,
            "taker_side": "no"
        },
        {
            "trade_id": "bc106463-7d8b-44f7-a61c-09925b2a6787",
            "ticker": "KXHIGHMIA-25APR17-B82.5",
            "count": 44,
            "created_time": "2025-04-17T01:39:20.291223Z",
            "yes_price": 47,
            "no_price": 53,
            "taker_side": "no"
        },
        {
            "trade_id": "145a444e-168e-47fb-ab2d-fab304a33bc0",
            "ticker": "KXHIGHMIA-25APR17-B82.5",
            "count": 92,
            "created_time": "2025-04-17T01:39:20.291223Z",
            "yes_price": 47,
            "no_price": 53,
            "taker_side": "no"
        },
        {
            "trade_id": "029f3666-911c-439c-8f81-fa70de4c107d",
            "ticker": "KXHIGHMIA-25APR17-B82.5",
            "count": 95,
            "created_time": "2025-04-17T01:39:20.228737Z",
            "yes_price": 47,
            "no_price": 53,
            "taker_side": "no"
        },
        {
            "trade_id": "d4d47153-f163-441b-bd93-387ea2890f1d",
            "ticker": "KXHIGHMIA-25APR17-B82.5",
            "count": 73,
            "created_time": "2025-04-17T01:36:23.431176Z",
            "yes_price": 47,
            "no_price": 53,
            "taker_side": "no"
        },
        {
            "trade_id": "96a97709-6b5d-458c-a0cc-2465ede952d9",
            "ticker": "KXHIGHMIA-25APR17-B82.5",
            "count": 240,
            "created_time": "2025-04-17T01:36:23.344777Z",
            "yes_price": 47,
            "no_price": 53,
            "taker_side": "no"
        },
        {
            "trade_id": "8f08b08d-dbdb-442e-bb50-0a9aa5bb45b4",
            "ticker": "KXHIGHMIA-25APR17-B82.5",
            "count": 4,
            "created_time": "2025-04-17T01:33:19.689841Z",
            "yes_price": 50,
            "no_price": 50,
            "taker_side": "no"
        },
        {
            "trade_id": "6e9fc05d-e319-4b1d-a7bf-ac6f72b5a434",
            "ticker": "KXHIGHMIA-25APR17-B82.5",
            "count": 4,
            "created_time": "2025-04-17T01:33:19.689841Z",
            "yes_price": 50,
            "no_price": 50,
            "taker_side": "no"
        },
        {
            "trade_id": "682a14d6-dfcd-4a88-8ce5-1f17d69d1d38",
            "ticker": "KXHIGHMIA-25APR17-B82.5",
            "count": 42,
            "created_time": "2025-04-17T01:33:19.689841Z",
            "yes_price": 50,
            "no_price": 50,
            "taker_side": "no"
        },
        {
            "trade_id": "cf829ec8-9b18-4547-8045-ae241c89e21d",
            "ticker": "KXHIGHMIA-25APR17-B82.5",
            "count": 25,
            "created_time": "2025-04-17T01:23:33.248392Z",
            "yes_price": 51,
            "no_price": 49,
            "taker_side": "no"
        },
        {
            "trade_id": "0a169d0f-d1bf-4813-9240-983965d28ec7",
            "ticker": "KXHIGHMIA-25APR17-B82.5",
            "count": 20,
            "created_time": "2025-04-17T01:21:52.80049Z",
            "yes_price": 52,
            "no_price": 48,
            "taker_side": "yes"
        },
        {
            "trade_id": "32c68aa4-8a87-40cd-947d-e0f862a4554b",
            "ticker": "KXHIGHMIA-25APR17-B82.5",
            "count": 4,
            "created_time": "2025-04-17T01:18:33.465304Z",
            "yes_price": 52,
            "no_price": 48,
            "taker_side": "no"
        },
        {
            "trade_id": "1361a18b-85b5-4669-b8ba-c600a2b21553",
            "ticker": "KXHIGHMIA-25APR17-B82.5",
            "count": 46,
            "created_time": "2025-04-17T01:18:33.465304Z",
            "yes_price": 52,
            "no_price": 48,
            "taker_side": "no"
        },
        {
            "trade_id": "9ae9b81c-86a1-432e-a03f-3295a0e6767d",
            "ticker": "KXHIGHMIA-25APR17-B82.5",
            "count": 50,
            "created_time": "2025-04-17T01:17:09.658417Z",
            "yes_price": 52,
            "no_price": 48,
            "taker_side": "no"
        },
        {
            "trade_id": "d7900562-3aa6-46fb-8061-ee213dc4cfa1",
            "ticker": "KXHIGHMIA-25APR17-B82.5",
            "count": 114,
            "created_time": "2025-04-17T01:14:27.263223Z",
            "yes_price": 53,
            "no_price": 47,
            "taker_side": "yes"
        },
        {
            "trade_id": "8324bb2b-91c0-4cd0-961a-819017265be0",
            "ticker": "KXHIGHMIA-25APR17-B82.5",
            "count": 41,
            "created_time": "2025-04-17T01:14:27.263223Z",
            "yes_price": 53,
            "no_price": 47,
            "taker_side": "yes"
        },
        {
            "trade_id": "67700cef-8793-4d39-acf5-9bc757b04b67",
            "ticker": "KXHIGHMIA-25APR17-B82.5",
            "count": 27,
            "created_time": "2025-04-17T01:14:27.263223Z",
            "yes_price": 54,
            "no_price": 46,
            "taker_side": "yes"
        },
        {
            "trade_id": "c077a8fe-78de-413f-8f32-9e6e2e6c2f91",
            "ticker": "KXHIGHMIA-25APR17-B82.5",
            "count": 240,
            "created_time": "2025-04-17T01:12:49.300488Z",
            "yes_price": 52,
            "no_price": 48,
            "taker_side": "yes"
        },
        {
            "trade_id": "9daa9215-f8b1-4170-8332-cabf06135d3a",
            "ticker": "KXHIGHMIA-25APR17-B82.5",
            "count": 65,
            "created_time": "2025-04-17T01:12:49.300488Z",
            "yes_price": 50,
            "no_price": 50,
            "taker_side": "yes"
        },
        {
            "trade_id": "945d40ef-eb6f-4ec4-958d-38cbff0fd049",
            "ticker": "KXHIGHMIA-25APR17-B82.5",
            "count": 27,
            "created_time": "2025-04-17T01:12:49.300488Z",
            "yes_price": 52,
            "no_price": 48,
            "taker_side": "yes"
        },
        {
            "trade_id": "5af00d69-40d6-461e-acd9-790ac158fac9",
            "ticker": "KXHIGHMIA-25APR17-B82.5",
            "count": 36,
            "created_time": "2025-04-17T01:12:49.300488Z",
            "yes_price": 49,
            "no_price": 51,
            "taker_side": "yes"
        },
        {
            "trade_id": "25b2a9ce-3247-40bb-8aa4-824c6c8b63b5",
            "ticker": "KXHIGHMIA-25APR17-B82.5",
            "count": 15,
            "created_time": "2025-04-17T01:12:49.300488Z",
            "yes_price": 50,
            "no_price": 50,
            "taker_side": "yes"
        },
        {
            "trade_id": "dac32dde-d091-4369-b787-40972f734313",
            "ticker": "KXHIGHMIA-25APR17-B82.5",
            "count": 11,
            "created_time": "2025-04-17T00:12:45.444255Z",
            "yes_price": 43,
            "no_price": 57,
            "taker_side": "yes"
        },
        {
            "trade_id": "f7d9ff80-0069-4986-9b8c-eaa2eee85f5d",
            "ticker": "KXHIGHMIA-25APR17-B82.5",
            "count": 25,
            "created_time": "2025-04-17T00:01:12.496142Z",
            "yes_price": 36,
            "no_price": 64,
            "taker_side": "yes"
        },
        {
            "trade_id": "d2aedac8-0216-428a-b598-26832a395270",
            "ticker": "KXHIGHMIA-25APR17-B82.5",
            "count": 8,
            "created_time": "2025-04-16T23:59:35.264985Z",
            "yes_price": 35,
            "no_price": 65,
            "taker_side": "yes"
        },
        {
            "trade_id": "bab7c7c2-1695-4cbc-b193-8eff7929457d",
            "ticker": "KXHIGHMIA-25APR17-B82.5",
            "count": 15,
            "created_time": "2025-04-16T23:59:35.264985Z",
            "yes_price": 37,
            "no_price": 63,
            "taker_side": "yes"
        },
        {
            "trade_id": "77495172-1e91-42f9-814e-80b88ce9b687",
            "ticker": "KXHIGHMIA-25APR17-B82.5",
            "count": 27,
            "created_time": "2025-04-16T23:59:35.264985Z",
            "yes_price": 38,
            "no_price": 62,
            "taker_side": "yes"
        },
        {
            "trade_id": "6574cca0-15b9-407d-96a2-1782c04cebc9",
            "ticker": "KXHIGHMIA-25APR17-B82.5",
            "count": 3,
            "created_time": "2025-04-16T23:59:35.264985Z",
            "yes_price": 36,
            "no_price": 64,
            "taker_side": "yes"
        },
        {
            "trade_id": "588e1e50-8664-4905-9f1e-ef2a4e3bb61d",
            "ticker": "KXHIGHMIA-25APR17-B82.5",
            "count": 14,
            "created_time": "2025-04-16T23:59:35.264985Z",
            "yes_price": 36,
            "no_price": 64,
            "taker_side": "yes"
        },
        {
            "trade_id": "4b25f879-831a-4a70-91c6-1a58a2584f4e",
            "ticker": "KXHIGHMIA-25APR17-B82.5",
            "count": 33,
            "created_time": "2025-04-16T23:59:35.264985Z",
            "yes_price": 34,
            "no_price": 66,
            "taker_side": "yes"
        },
        {
            "trade_id": "407d31b9-992e-4637-b888-8f5b986dd39e",
            "ticker": "KXHIGHMIA-25APR17-B82.5",
            "count": 15,
            "created_time": "2025-04-16T23:57:21.620202Z",
            "yes_price": 30,
            "no_price": 70,
            "taker_side": "yes"
        },
        {
            "trade_id": "b62ea48d-5558-4146-93d9-4e31a4485e88",
            "ticker": "KXHIGHMIA-25APR17-B82.5",
            "count": 8,
            "created_time": "2025-04-16T23:52:16.869369Z",
            "yes_price": 29,
            "no_price": 71,
            "taker_side": "no"
        },
        {
            "trade_id": "ed9813ae-638a-46c6-97b0-558b3a8f7aa7",
            "ticker": "KXHIGHMIA-25APR17-B82.5",
            "count": 4,
            "created_time": "2025-04-16T23:45:25.56008Z",
            "yes_price": 43,
            "no_price": 57,
            "taker_side": "no"
        },
        {
            "trade_id": "f4fd0954-8a96-4d3e-8634-3a608a4fff7f",
            "ticker": "KXHIGHMIA-25APR17-B82.5",
            "count": 240,
            "created_time": "2025-04-16T23:42:27.333122Z",
            "yes_price": 43,
            "no_price": 57,
            "taker_side": "no"
        },
        {
            "trade_id": "a62246b4-8536-48c8-aee0-12bbf5276461",
            "ticker": "KXHIGHMIA-25APR17-B82.5",
            "count": 6,
            "created_time": "2025-04-16T23:42:27.27113Z",
            "yes_price": 43,
            "no_price": 57,
            "taker_side": "no"
        },
        {
            "trade_id": "344666b5-a425-4725-9272-38a17dc2267d",
