{
    "KXHIGHMIA-25MAR27-T76": [
        {
            "trade_id": "c06d9b57-ea19-4885-980a-cc29bfe6f581",
            "ticker": "KXHIGHMIA-25MAR27-T76",
            "count": 101,
            "created_time": "2025-03-26T19:54:34.817279Z",
            "yes_price": 1,
            "no_price": 99,
            "taker_side": "yes"
        }
    ],
    "KXHIGHMIA-25MAR27-B76.5": [
        {
            "trade_id": "db8ce9f1-28fe-40fc-81c6-f9f819b916d9",
            "ticker": "KXHIGHMIA-25MAR27-B76.5",
            "count": 15,
            "created_time": "2025-03-26T14:07:05.219746Z",
            "yes_price": 15,
            "no_price": 85,
            "taker_side": "yes"
        },
        {
            "trade_id": "aa308f6c-7f7a-4534-a183-a5195d79016d",
            "ticker": "KXHIGHMIA-25MAR27-B76.5",
            "count": 9,
            "created_time": "2025-03-26T14:07:05.219746Z",
            "yes_price": 10,
            "no_price": 90,
            "taker_side": "yes"
        },
        {
            "trade_id": "375b6c29-6239-4a35-a096-97f9c609f738",
            "ticker": "KXHIGHMIA-25MAR27-B76.5",
            "count": 200,
            "created_time": "2025-03-26T14:07:05.219746Z",
            "yes_price": 3,
            "no_price": 97,
            "taker_side": "yes"
        }
    ],
    "KXHIGHMIA-25MAR27-B78.5": [
        {
            "trade_id": "faeb3186-62f2-495d-ab0e-1b5a98b541ac",
            "ticker": "KXHIGHMIA-25MAR27-B78.5",
            "count": 700,
            "created_time": "2025-03-27T13:54:16.161072Z",
            "yes_price": 1,
            "no_price": 99,
            "taker_side": "no"
        },
        {
            "trade_id": "9eeeef8e-a1ad-4e61-8f3e-782fa65cc70f",
            "ticker": "KXHIGHMIA-25MAR27-B78.5",
            "count": 350,
            "created_time": "2025-03-27T13:54:16.161072Z",
            "yes_price": 1,
            "no_price": 99,
            "taker_side": "no"
        },
        {
            "trade_id": "8b3b6c15-2513-4841-bc06-7488190e417d",
            "ticker": "KXHIGHMIA-25MAR27-B78.5",
            "count": 200,
            "created_time": "2025-03-27T13:54:16.161072Z",
            "yes_price": 1,
            "no_price": 99,
            "taker_side": "no"
        },
        {
            "trade_id": "43bb43ab-d2c3-4a3d-b346-fada5cc32382",
            "ticker": "KXHIGHMIA-25MAR27-B78.5",
            "count": 200,
            "created_time": "2025-03-27T13:54:16.161072Z",
            "yes_price": 1,
            "no_price": 99,
            "taker_side": "no"
        },
        {
            "trade_id": "1b6bf5a1-9ede-4555-ba29-e2d09526e12d",
            "ticker": "KXHIGHMIA-25MAR27-B78.5",
            "count": 300,
            "created_time": "2025-03-27T13:54:16.161072Z",
            "yes_price": 1,
            "no_price": 99,
            "taker_side": "no"
        },
        {
            "trade_id": "76156607-2d70-4818-ab31-ccef777fa882",
            "ticker": "KXHIGHMIA-25MAR27-B78.5",
            "count": 1,
            "created_time": "2025-03-27T13:53:09.569873Z",
            "yes_price": 1,
            "no_price": 99,
            "taker_side": "no"
        },
        {
            "trade_id": "98241815-5fc6-4b83-abf7-f4de37835583",
            "ticker": "KXHIGHMIA-25MAR27-B78.5",
            "count": 4,
            "created_time": "2025-03-27T12:39:43.911531Z",
            "yes_price": 7,
            "no_price": 93,
            "taker_side": "yes"
        },
        {
            "trade_id": "1314e44f-f6d5-490c-b96c-d322c402b214",
            "ticker": "KXHIGHMIA-25MAR27-B78.5",
            "count": 23,
            "created_time": "2025-03-27T12:39:43.911531Z",
            "yes_price": 7,
            "no_price": 93,
            "taker_side": "yes"
        },
        {
            "trade_id": "faee1073-4d98-42fe-9cef-bee49c35f9ca",
            "ticker": "KXHIGHMIA-25MAR27-B78.5",
            "count": 114,
            "created_time": "2025-03-27T12:39:33.944998Z",
            "yes_price": 6,
            "no_price": 94,
            "taker_side": "yes"
        },
        {
            "trade_id": "c649531f-91de-4f0a-b0cb-f1af2b809cd9",
            "ticker": "KXHIGHMIA-25MAR27-B78.5",
            "count": 7,
            "created_time": "2025-03-27T12:39:33.944998Z",
            "yes_price": 3,
            "no_price": 97,
            "taker_side": "yes"
        },
        {
            "trade_id": "9cad9e4e-a16e-48e4-9565-59067b1ebd5c",
            "ticker": "KXHIGHMIA-25MAR27-B78.5",
            "count": 2,
            "created_time": "2025-03-27T12:39:33.944998Z",
            "yes_price": 5,
            "no_price": 95,
            "taker_side": "yes"
        },
        {
            "trade_id": "9b647e0f-2ed9-4fe0-b5f9-3c90c0bd6b72",
            "ticker": "KXHIGHMIA-25MAR27-B78.5",
            "count": 2,
            "created_time": "2025-03-27T12:39:33.944998Z",
            "yes_price": 6,
            "no_price": 94,
            "taker_side": "yes"
        },
        {
            "trade_id": "79a4aa3b-b54b-49d1-926f-92a1ac5954f0",
            "ticker": "KXHIGHMIA-25MAR27-B78.5",
            "count": 2,
            "created_time": "2025-03-27T12:39:33.944998Z",
            "yes_price": 7,
            "no_price": 93,
            "taker_side": "yes"
        },
        {
            "trade_id": "5df3afa0-b2ba-4ece-8cf8-eb000a35b481",
            "ticker": "KXHIGHMIA-25MAR27-B78.5",
            "count": 6,
            "created_time": "2025-03-27T12:39:33.944998Z",
            "yes_price": 2,
            "no_price": 98,
            "taker_side": "yes"
        },
        {
            "trade_id": "30a87e6b-1e5f-44ed-83c3-1f23d5aacc15",
            "ticker": "KXHIGHMIA-25MAR27-B78.5",
            "count": 3,
            "created_time": "2025-03-27T12:39:33.944998Z",
            "yes_price": 4,
            "no_price": 96,
            "taker_side": "yes"
        },
        {
            "trade_id": "0a348503-8861-42ad-8283-9745d6bb7f46",
            "ticker": "KXHIGHMIA-25MAR27-B78.5",
            "count": 6,
            "created_time": "2025-03-27T06:56:14.036128Z",
            "yes_price": 1,
            "no_price": 99,
            "taker_side": "no"
        },
        {
            "trade_id": "e0192d3c-ffcc-4963-9197-c56a33c190dc",
            "ticker": "KXHIGHMIA-25MAR27-B78.5",
            "count": 12,
            "created_time": "2025-03-27T06:56:13.192908Z",
            "yes_price": 1,
            "no_price": 99,
            "taker_side": "no"
        },
        {
            "trade_id": "e5039acc-220f-466d-858b-b14872c95544",
            "ticker": "KXHIGHMIA-25MAR27-B78.5",
            "count": 12,
            "created_time": "2025-03-27T06:56:12.345328Z",
            "yes_price": 1,
            "no_price": 99,
            "taker_side": "no"
        },
        {
            "trade_id": "f9bfcf97-d71c-42c7-94a8-11d07e3fefb0",
            "ticker": "KXHIGHMIA-25MAR27-B78.5",
            "count": 15,
            "created_time": "2025-03-27T06:56:11.488451Z",
            "yes_price": 1,
            "no_price": 99,
            "taker_side": "no"
        },
        {
            "trade_id": "35639b78-b45e-482f-bd91-4c1a78f699f1",
            "ticker": "KXHIGHMIA-25MAR27-B78.5",
            "count": 4,
            "created_time": "2025-03-27T06:51:12.27527Z",
            "yes_price": 1,
            "no_price": 99,
            "taker_side": "no"
        },
        {
            "trade_id": "82528d4f-e94a-4439-acbb-d10e03b5d0d3",
            "ticker": "KXHIGHMIA-25MAR27-B78.5",
            "count": 17,
            "created_time": "2025-03-27T04:46:50.756375Z",
            "yes_price": 6,
            "no_price": 94,
            "taker_side": "yes"
        },
        {
            "trade_id": "4813ce96-6a86-4010-a84f-07c1bc1ba6ba",
            "ticker": "KXHIGHMIA-25MAR27-B78.5",
            "count": 17,
            "created_time": "2025-03-27T04:46:50.756375Z",
            "yes_price": 6,
            "no_price": 94,
            "taker_side": "yes"
        },
        {
            "trade_id": "3cb53a62-d3a1-416a-b341-00ab2982bdb2",
            "ticker": "KXHIGHMIA-25MAR27-B78.5",
            "count": 33,
            "created_time": "2025-03-26T23:01:11.678986Z",
            "yes_price": 6,
            "no_price": 94,
            "taker_side": "yes"
        },
        {
            "trade_id": "b7ddb1a4-0bfc-49da-b9df-469069b9853e",
            "ticker": "KXHIGHMIA-25MAR27-B78.5",
            "count": 109,
            "created_time": "2025-03-26T19:46:36.317719Z",
            "yes_price": 5,
            "no_price": 95,
            "taker_side": "yes"
        },
        {
            "trade_id": "ebbaa56f-2f96-4ad8-b21e-81555953961e",
            "ticker": "KXHIGHMIA-25MAR27-B78.5",
            "count": 10,
            "created_time": "2025-03-26T18:34:23.014422Z",
            "yes_price": 5,
            "no_price": 95,
            "taker_side": "yes"
        }
    ],
    "KXHIGHMIA-25MAR27-B80.5": [
        {
            "trade_id": "999a08f2-df67-48bb-9d2b-803a75118f6f",
            "ticker": "KXHIGHMIA-25MAR27-B80.5",
            "count": 50,
            "created_time": "2025-03-27T17:15:50.132986Z",
            "yes_price": 1,
            "no_price": 99,
            "taker_side": "yes"
        },
        {
            "trade_id": "14b87091-ffe3-432f-abea-fa59828dea1c",
            "ticker": "KXHIGHMIA-25MAR27-B80.5",
            "count": 20,
            "created_time": "2025-03-27T17:07:47.641138Z",
            "yes_price": 1,
            "no_price": 99,
            "taker_side": "yes"
        },
        {
            "trade_id": "c43f0ccf-caac-4104-a2a3-d67519c4e7c1",
            "ticker": "KXHIGHMIA-25MAR27-B80.5",
            "count": 600,
            "created_time": "2025-03-27T16:32:50.768492Z",
            "yes_price": 1,
            "no_price": 99,
            "taker_side": "yes"
        },
        {
            "trade_id": "955d3fb8-78be-4b96-a0e2-56132f46097d",
            "ticker": "KXHIGHMIA-25MAR27-B80.5",
            "count": 50,
            "created_time": "2025-03-27T16:17:16.604459Z",
            "yes_price": 1,
            "no_price": 99,
            "taker_side": "yes"
        },
        {
            "trade_id": "5d2410d0-3a3c-4c55-915a-f68df38ee6cf",
            "ticker": "KXHIGHMIA-25MAR27-B80.5",
            "count": 676,
            "created_time": "2025-03-27T16:01:08.159289Z",
            "yes_price": 1,
            "no_price": 99,
            "taker_side": "yes"
        },
        {
            "trade_id": "75aca58d-8d10-4b88-8d3b-07c50c5b06dd",
            "ticker": "KXHIGHMIA-25MAR27-B80.5",
            "count": 112,
            "created_time": "2025-03-27T16:00:17.108681Z",
            "yes_price": 1,
            "no_price": 99,
            "taker_side": "yes"
        },
        {
            "trade_id": "28ca6de9-d205-4c9d-8a82-7ac84e236be1",
            "ticker": "KXHIGHMIA-25MAR27-B80.5",
            "count": 10,
            "created_time": "2025-03-27T15:25:42.449495Z",
            "yes_price": 1,
            "no_price": 99,
            "taker_side": "yes"
        },
        {
            "trade_id": "c13c58d9-0563-495f-8bdc-39528288cf4f",
            "ticker": "KXHIGHMIA-25MAR27-B80.5",
            "count": 483,
            "created_time": "2025-03-27T15:19:11.568548Z",
            "yes_price": 1,
            "no_price": 99,
            "taker_side": "yes"
        },
        {
            "trade_id": "f1edb5ad-7ab1-47dd-a459-de4a8241ddec",
            "ticker": "KXHIGHMIA-25MAR27-B80.5",
            "count": 49,
            "created_time": "2025-03-27T15:19:01.921925Z",
            "yes_price": 1,
            "no_price": 99,
            "taker_side": "yes"
        },
        {
            "trade_id": "8677e249-c2b0-4173-b4ae-cefe26586ce8",
            "ticker": "KXHIGHMIA-25MAR27-B80.5",
            "count": 49,
            "created_time": "2025-03-27T14:43:57.248087Z",
            "yes_price": 1,
            "no_price": 99,
            "taker_side": "yes"
        },
        {
            "trade_id": "aa6213cd-5580-4ec8-bfd3-23fc6e166293",
            "ticker": "KXHIGHMIA-25MAR27-B80.5",
            "count": 159,
            "created_time": "2025-03-27T14:41:03.311958Z",
            "yes_price": 1,
            "no_price": 99,
            "taker_side": "yes"
        },
        {
            "trade_id": "9c936b39-f293-40c2-adbe-fd8eea4a331c",
            "ticker": "KXHIGHMIA-25MAR27-B80.5",
            "count": 96,
            "created_time": "2025-03-27T14:37:15.451838Z",
            "yes_price": 1,
            "no_price": 99,
            "taker_side": "yes"
        },
        {
            "trade_id": "e1a9b4cb-ff81-4b41-b725-8548fc8be3d2",
            "ticker": "KXHIGHMIA-25MAR27-B80.5",
            "count": 1974,
            "created_time": "2025-03-27T14:37:08.618331Z",
            "yes_price": 1,
            "no_price": 99,
            "taker_side": "no"
        },
        {
            "trade_id": "d35d1a34-67b6-4cbf-9a00-265342c760a0",
            "ticker": "KXHIGHMIA-25MAR27-B80.5",
            "count": 300,
            "created_time": "2025-03-27T14:37:08.618331Z",
            "yes_price": 2,
            "no_price": 98,
            "taker_side": "no"
        },
        {
            "trade_id": "5789f3c6-8b68-4c32-b664-3fe121b4aba0",
            "ticker": "KXHIGHMIA-25MAR27-B80.5",
            "count": 300,
            "created_time": "2025-03-27T14:37:08.618331Z",
            "yes_price": 2,
            "no_price": 98,
            "taker_side": "no"
        },
        {
            "trade_id": "07b01d3a-dcb3-41f6-a11e-8cf566bccec5",
            "ticker": "KXHIGHMIA-25MAR27-B80.5",
            "count": 150,
            "created_time": "2025-03-27T14:37:08.618331Z",
            "yes_price": 1,
            "no_price": 99,
            "taker_side": "no"
        },
        {
            "trade_id": "bc7ed83c-b3ee-4ef2-90b0-c940f71e5514",
            "ticker": "KXHIGHMIA-25MAR27-B80.5",
            "count": 21,
            "created_time": "2025-03-27T14:36:38.092334Z",
            "yes_price": 3,
            "no_price": 97,
            "taker_side": "yes"
        },
        {
            "trade_id": "d4d7ecfa-ebc6-4b51-ac14-6008b7f45374",
            "ticker": "KXHIGHMIA-25MAR27-B80.5",
            "count": 15,
            "created_time": "2025-03-27T14:36:24.228504Z",
            "yes_price": 4,
            "no_price": 96,
            "taker_side": "no"
        },
        {
            "trade_id": "5df0d6ed-2073-4832-8d2f-bb001abcd6ec",
            "ticker": "KXHIGHMIA-25MAR27-B80.5",
            "count": 299,
            "created_time": "2025-03-27T14:36:24.228504Z",
            "yes_price": 6,
            "no_price": 94,
            "taker_side": "no"
        },
        {
            "trade_id": "535a669d-b5d6-4c43-81f5-bd4073719837",
            "ticker": "KXHIGHMIA-25MAR27-B80.5",
            "count": 1,
            "created_time": "2025-03-27T14:36:24.228504Z",
            "yes_price": 10,
            "no_price": 90,
            "taker_side": "no"
        },
        {
            "trade_id": "4bb6cb91-38e0-49eb-8f73-536ba575afce",
            "ticker": "KXHIGHMIA-25MAR27-B80.5",
            "count": 175,
            "created_time": "2025-03-27T14:36:24.228504Z",
            "yes_price": 6,
            "no_price": 94,
            "taker_side": "no"
        },
        {
            "trade_id": "44d7cf1d-9818-461f-9e22-7b931e961a78",
            "ticker": "KXHIGHMIA-25MAR27-B80.5",
            "count": 100,
            "created_time": "2025-03-27T14:36:24.228504Z",
            "yes_price": 10,
            "no_price": 90,
            "taker_side": "no"
        },
        {
            "trade_id": "43933eef-918f-4f3d-9ef2-19624bf19b84",
            "ticker": "KXHIGHMIA-25MAR27-B80.5",
            "count": 35,
            "created_time": "2025-03-27T14:36:24.228504Z",
            "yes_price": 5,
            "no_price": 95,
            "taker_side": "no"
        },
        {
            "trade_id": "3fca696c-3a6a-4a3e-85aa-9864e3c125ea",
            "ticker": "KXHIGHMIA-25MAR27-B80.5",
            "count": 2,
            "created_time": "2025-03-27T14:36:24.228504Z",
            "yes_price": 6,
            "no_price": 94,
            "taker_side": "no"
        },
        {
            "trade_id": "1d31fb64-790f-40d7-8101-a36a3dabdf26",
            "ticker": "KXHIGHMIA-25MAR27-B80.5",
            "count": 154,
            "created_time": "2025-03-27T14:36:24.228504Z",
            "yes_price": 3,
            "no_price": 97,
            "taker_side": "no"
        },
        {
            "trade_id": "028f9639-4bde-4d88-a21b-39ea2b4a9127",
            "ticker": "KXHIGHMIA-25MAR27-B80.5",
            "count": 10,
            "created_time": "2025-03-27T14:36:24.228504Z",
            "yes_price": 7,
            "no_price": 93,
            "taker_side": "no"
        },
        {
            "trade_id": "01f2574c-d7f0-4af5-a187-983d31d4c051",
            "ticker": "KXHIGHMIA-25MAR27-B80.5",
            "count": 50,
            "created_time": "2025-03-27T14:36:24.228504Z",
            "yes_price": 3,
            "no_price": 97,
            "taker_side": "no"
        },
        {
            "trade_id": "a8ee7d6d-7ac9-4fb7-919a-8eb922e33dde",
            "ticker": "KXHIGHMIA-25MAR27-B80.5",
            "count": 1,
            "created_time": "2025-03-27T14:32:06.196696Z",
            "yes_price": 10,
            "no_price": 90,
            "taker_side": "no"
        },
        {
            "trade_id": "d86b7a41-dad3-47c6-9ed6-59ea1d1f9662",
            "ticker": "KXHIGHMIA-25MAR27-B80.5",
            "count": 3,
            "created_time": "2025-03-27T14:30:01.475159Z",
            "yes_price": 14,
            "no_price": 86,
            "taker_side": "yes"
        },
        {
            "trade_id": "e6c9e14c-aca5-4445-bf3a-7fceb708131e",
            "ticker": "KXHIGHMIA-25MAR27-B80.5",
            "count": 8,
            "created_time": "2025-03-27T14:19:37.608886Z",
            "yes_price": 19,
            "no_price": 81,
            "taker_side": "no"
        },
        {
            "trade_id": "d2b873fa-ef21-40e1-ac00-af7ef0cf3eb4",
            "ticker": "KXHIGHMIA-25MAR27-B80.5",
            "count": 10,
            "created_time": "2025-03-27T14:18:18.685527Z",
            "yes_price": 26,
            "no_price": 74,
            "taker_side": "yes"
        },
        {
            "trade_id": "3d5c6742-552d-45cc-8739-7c0536aed27e",
            "ticker": "KXHIGHMIA-25MAR27-B80.5",
            "count": 23,
            "created_time": "2025-03-27T14:18:18.685527Z",
            "yes_price": 25,
            "no_price": 75,
            "taker_side": "yes"
        },
        {
            "trade_id": "6d85867f-1dad-4b68-9583-0ef3e8ab8817",
            "ticker": "KXHIGHMIA-25MAR27-B80.5",
            "count": 5,
            "created_time": "2025-03-27T14:16:09.891954Z",
            "yes_price": 15,
            "no_price": 85,
            "taker_side": "no"
        },
        {
            "trade_id": "d040ec5e-7e11-43ab-8c76-d5c65497f52b",
            "ticker": "KXHIGHMIA-25MAR27-B80.5",
            "count": 10,
            "created_time": "2025-03-27T14:15:59.555395Z",
            "yes_price": 15,
            "no_price": 85,
            "taker_side": "no"
        },
        {
            "trade_id": "db959012-e977-47ca-8a51-1a4723faf2c1",
            "ticker": "KXHIGHMIA-25MAR27-B80.5",
            "count": 10,
            "created_time": "2025-03-27T14:15:57.854354Z",
            "yes_price": 15,
            "no_price": 85,
            "taker_side": "no"
        },
        {
            "trade_id": "3538557e-40bb-4aa6-829b-565dd7a338bc",
            "ticker": "KXHIGHMIA-25MAR27-B80.5",
            "count": 1,
            "created_time": "2025-03-27T14:14:07.803782Z",
            "yes_price": 14,
            "no_price": 86,
            "taker_side": "no"
        },
        {
            "trade_id": "eb8fce91-f8e3-4f5e-8010-0f77dc335e6a",
            "ticker": "KXHIGHMIA-25MAR27-B80.5",
            "count": 3,
            "created_time": "2025-03-27T14:13:53.170392Z",
            "yes_price": 14,
            "no_price": 86,
            "taker_side": "no"
        },
        {
            "trade_id": "4ca39a8b-ef51-4d73-b422-e6d9a9c95437",
            "ticker": "KXHIGHMIA-25MAR27-B80.5",
            "count": 1,
            "created_time": "2025-03-27T14:13:52.079691Z",
            "yes_price": 14,
            "no_price": 86,
            "taker_side": "no"
        },
        {
            "trade_id": "14320471-194d-46cd-85ab-8644c6c2fc64",
            "ticker": "KXHIGHMIA-25MAR27-B80.5",
            "count": 1,
            "created_time": "2025-03-27T14:13:39.835088Z",
            "yes_price": 14,
            "no_price": 86,
            "taker_side": "no"
        },
        {
            "trade_id": "2d8fb6d3-5ec6-4cca-9b47-9c69978d9b8f",
            "ticker": "KXHIGHMIA-25MAR27-B80.5",
            "count": 1,
            "created_time": "2025-03-27T14:13:27.62385Z",
            "yes_price": 14,
            "no_price": 86,
            "taker_side": "no"
        },
        {
            "trade_id": "b490a8ee-370e-47c7-bd5b-bfae434e243e",
            "ticker": "KXHIGHMIA-25MAR27-B80.5",
            "count": 6,
            "created_time": "2025-03-27T14:13:27.341812Z",
            "yes_price": 14,
            "no_price": 86,
            "taker_side": "no"
        },
        {
            "trade_id": "72ccb444-af72-49c4-a380-64e57c45347c",
            "ticker": "KXHIGHMIA-25MAR27-B80.5",
            "count": 1,
            "created_time": "2025-03-27T14:13:26.862929Z",
            "yes_price": 14,
            "no_price": 86,
            "taker_side": "no"
        },
        {
            "trade_id": "367c94d0-1cea-4afc-b07c-aea34bba9795",
            "ticker": "KXHIGHMIA-25MAR27-B80.5",
            "count": 50,
            "created_time": "2025-03-27T14:13:26.117205Z",
            "yes_price": 14,
            "no_price": 86,
            "taker_side": "yes"
        },
        {
            "trade_id": "2042c576-5c4c-4c0a-a42d-e1a806ecf409",
            "ticker": "KXHIGHMIA-25MAR27-B80.5",
            "count": 25,
            "created_time": "2025-03-27T14:13:26.117205Z",
            "yes_price": 13,
            "no_price": 87,
            "taker_side": "yes"
        },
        {
            "trade_id": "ca3c9d1a-c1c2-42dc-b0bb-e53c08c3ae77",
            "ticker": "KXHIGHMIA-25MAR27-B80.5",
            "count": 3,
            "created_time": "2025-03-27T14:13:19.633173Z",
            "yes_price": 9,
            "no_price": 91,
            "taker_side": "yes"
        },
        {
            "trade_id": "3c90606b-8536-42bc-a16a-f00938cd7410",
            "ticker": "KXHIGHMIA-25MAR27-B80.5",
            "count": 2,
            "created_time": "2025-03-27T14:13:19.633173Z",
            "yes_price": 8,
            "no_price": 92,
            "taker_side": "yes"
        },
        {
            "trade_id": "2c36021d-ea11-47e6-9474-75a585b92cd1",
            "ticker": "KXHIGHMIA-25MAR27-B80.5",
            "count": 1,
            "created_time": "2025-03-27T14:12:28.569243Z",
            "yes_price": 7,
            "no_price": 93,
            "taker_side": "no"
        },
        {
            "trade_id": "0276169f-54ce-4e3f-9dd5-b003c81e1454",
            "ticker": "KXHIGHMIA-25MAR27-B80.5",
            "count": 1,
            "created_time": "2025-03-27T14:10:21.452575Z",
            "yes_price": 7,
            "no_price": 93,
            "taker_side": "no"
        },
        {
            "trade_id": "a84a18e8-1af2-4f84-83c4-4887c7149714",
            "ticker": "KXHIGHMIA-25MAR27-B80.5",
            "count": 11,
            "created_time": "2025-03-27T14:06:14.172669Z",
            "yes_price": 7,
            "no_price": 93,
            "taker_side": "no"
        },
        {
            "trade_id": "b09ae045-ada7-4e94-a4f0-f5a9ffa09d0d",
            "ticker": "KXHIGHMIA-25MAR27-B80.5",
            "count": 27,
            "created_time": "2025-03-27T14:06:13.055468Z",
            "yes_price": 7,
            "no_price": 93,
            "taker_side": "no"
        },
        {
            "trade_id": "c779e011-e256-4d8c-b878-a66a7b27ccb8",
            "ticker": "KXHIGHMIA-25MAR27-B80.5",
            "count": 223,
            "created_time": "2025-03-27T14:05:52.804505Z",
            "yes_price": 7,
            "no_price": 93,
            "taker_side": "no"
        },
        {
            "trade_id": "9df34536-9d9b-4b87-a835-60fcdd80cf7e",
            "ticker": "KXHIGHMIA-25MAR27-B80.5",
            "count": 19,
            "created_time": "2025-03-27T14:05:41.247298Z",
            "yes_price": 7,
            "no_price": 93,
            "taker_side": "no"
        },
        {
            "trade_id": "4f8159c9-05d6-40c6-8217-0717b7cf180b",
            "ticker": "KXHIGHMIA-25MAR27-B80.5",
            "count": 8,
            "created_time": "2025-03-27T14:05:40.453193Z",
            "yes_price": 7,
            "no_price": 93,
            "taker_side": "no"
        },
        {
            "trade_id": "4b93c65a-e3c1-4ab1-8b3d-b093e1213dbb",
            "ticker": "KXHIGHMIA-25MAR27-B80.5",
            "count": 5,
            "created_time": "2025-03-27T14:05:24.162234Z",
            "yes_price": 7,
            "no_price": 93,
            "taker_side": "no"
        },
        {
            "trade_id": "6c9c371d-d89d-429a-b265-8f1c54aee724",
            "ticker": "KXHIGHMIA-25MAR27-B80.5",
            "count": 2,
            "created_time": "2025-03-27T14:02:19.571201Z",
            "yes_price": 8,
            "no_price": 92,
            "taker_side": "no"
        },
        {
            "trade_id": "9a38a6f7-aff8-46c8-9157-4b9ea52ce276",
            "ticker": "KXHIGHMIA-25MAR27-B80.5",
            "count": 1,
            "created_time": "2025-03-27T14:02:15.316464Z",
            "yes_price": 8,
            "no_price": 92,
            "taker_side": "no"
        },
        {
            "trade_id": "e296f9aa-01da-48bb-affb-54704d3c1b5d",
            "ticker": "KXHIGHMIA-25MAR27-B80.5",
            "count": 2,
            "created_time": "2025-03-27T14:02:07.601163Z",
            "yes_price": 7,
            "no_price": 93,
            "taker_side": "no"
        },
        {
            "trade_id": "c5da7b22-82ad-4ccc-b570-1c762e45745a",
            "ticker": "KXHIGHMIA-25MAR27-B80.5",
            "count": 1,
            "created_time": "2025-03-27T14:02:07.601163Z",
            "yes_price": 6,
            "no_price": 94,
            "taker_side": "no"
        },
        {
            "trade_id": "78654177-ebbb-4f7f-a7a9-dd8a609015d7",
            "ticker": "KXHIGHMIA-25MAR27-B80.5",
            "count": 3,
            "created_time": "2025-03-27T14:02:07.269391Z",
            "yes_price": 9,
            "no_price": 91,
            "taker_side": "no"
        },
        {
            "trade_id": "5513e8a6-e497-49d7-81f5-b420e558bfdf",
            "ticker": "KXHIGHMIA-25MAR27-B80.5",
            "count": 2,
            "created_time": "2025-03-27T14:01:43.391298Z",
            "yes_price": 10,
            "no_price": 90,
            "taker_side": "no"
        },
        {
            "trade_id": "6a4a43e0-ee39-4805-a724-d3ac314b8afb",
            "ticker": "KXHIGHMIA-25MAR27-B80.5",
            "count": 2,
            "created_time": "2025-03-27T14:01:26.73351Z",
            "yes_price": 11,
            "no_price": 89,
            "taker_side": "no"
        },
        {
            "trade_id": "75920a64-84fc-49e6-934a-807f6089093b",
            "ticker": "KXHIGHMIA-25MAR27-B80.5",
            "count": 2,
            "created_time": "2025-03-27T14:01:22.352239Z",
            "yes_price": 12,
            "no_price": 88,
            "taker_side": "no"
        },
        {
            "trade_id": "97c3440a-6a1e-4432-ac1b-95c059c520f3",
            "ticker": "KXHIGHMIA-25MAR27-B80.5",
            "count": 100,
            "created_time": "2025-03-27T14:00:07.50051Z",
            "yes_price": 12,
            "no_price": 88,
            "taker_side": "no"
        },
        {
            "trade_id": "fde47e96-1d86-42e1-bb26-b0d4f42a11db",
            "ticker": "KXHIGHMIA-25MAR27-B80.5",
            "count": 4,
            "created_time": "2025-03-27T13:59:45.185384Z",
            "yes_price": 10,
            "no_price": 90,
            "taker_side": "no"
        },
        {
            "trade_id": "cc464ac3-a9f1-4120-8f68-95df9c92e7fb",
            "ticker": "KXHIGHMIA-25MAR27-B80.5",
            "count": 1,
            "created_time": "2025-03-27T13:59:45.185384Z",
            "yes_price": 11,
            "no_price": 89,
            "taker_side": "no"
        },
        {
            "trade_id": "71425cf3-1618-42f2-abb1-fcc7ac1f956b",
            "ticker": "KXHIGHMIA-25MAR27-B80.5",
            "count": 420,
            "created_time": "2025-03-27T13:59:45.185384Z",
            "yes_price": 10,
            "no_price": 90,
            "taker_side": "no"
        },
        {
            "trade_id": "53884547-9813-46d7-b641-99a540748437",
            "ticker": "KXHIGHMIA-25MAR27-B80.5",
            "count": 2,
            "created_time": "2025-03-27T13:59:45.185384Z",
            "yes_price": 11,
            "no_price": 89,
            "taker_side": "no"
        },
        {
            "trade_id": "fc9f50a3-c8da-4e1e-8611-1f4873303c7e",
            "ticker": "KXHIGHMIA-25MAR27-B80.5",
            "count": 1,
            "created_time": "2025-03-27T13:59:40.234692Z",
            "yes_price": 15,
            "no_price": 85,
            "taker_side": "no"
        },
        {
            "trade_id": "e64ad9f7-4f16-43ea-8561-bf01cef02efc",
            "ticker": "KXHIGHMIA-25MAR27-B80.5",
            "count": 1,
            "created_time": "2025-03-27T13:59:40.234692Z",
            "yes_price": 14,
            "no_price": 86,
            "taker_side": "no"
        },
        {
            "trade_id": "ab9910e8-ea62-4ec2-a7dd-f083ef9d113a",
            "ticker": "KXHIGHMIA-25MAR27-B80.5",
            "count": 2,
            "created_time": "2025-03-27T13:59:40.234692Z",
            "yes_price": 13,
            "no_price": 87,
            "taker_side": "no"
        },
        {
            "trade_id": "85c9e4dd-7b9e-4762-be87-c58bbc20a3c9",
            "ticker": "KXHIGHMIA-25MAR27-B80.5",
            "count": 1,
            "created_time": "2025-03-27T13:59:40.234692Z",
            "yes_price": 16,
            "no_price": 84,
            "taker_side": "no"
        },
        {
            "trade_id": "3c655d80-d074-42cf-9403-92ed26a778d1",
            "ticker": "KXHIGHMIA-25MAR27-B80.5",
            "count": 1,
            "created_time": "2025-03-27T13:59:40.234692Z",
            "yes_price": 17,
            "no_price": 83,
            "taker_side": "no"
        },
        {
            "trade_id": "1325a238-e1c7-4532-9740-97ff6173e403",
            "ticker": "KXHIGHMIA-25MAR27-B80.5",
            "count": 183,
            "created_time": "2025-03-27T13:59:40.234692Z",
            "yes_price": 12,
            "no_price": 88,
            "taker_side": "no"
        },
        {
            "trade_id": "12d180b2-c3aa-4c46-89c1-806d505b77fe",
            "ticker": "KXHIGHMIA-25MAR27-B80.5",
            "count": 60,
            "created_time": "2025-03-27T13:59:40.234692Z",
            "yes_price": 13,
            "no_price": 87,
            "taker_side": "no"
        },
        {
            "trade_id": "04f0860f-30d5-49ee-aaa6-2e3358085f85",
            "ticker": "KXHIGHMIA-25MAR27-B80.5",
            "count": 1,
            "created_time": "2025-03-27T13:59:40.234692Z",
            "yes_price": 19,
            "no_price": 81,
            "taker_side": "no"
        },
        {
            "trade_id": "d6f27e88-1222-4bf3-8ba3-dfda8af4050c",
            "ticker": "KXHIGHMIA-25MAR27-B80.5",
            "count": 5,
            "created_time": "2025-03-27T13:58:44.016555Z",
            "yes_price": 20,
            "no_price": 80,
            "taker_side": "no"
        },
        {
            "trade_id": "c0bdebdd-b532-4db5-806d-89ac0b4755e7",
            "ticker": "KXHIGHMIA-25MAR27-B80.5",
            "count": 50,
            "created_time": "2025-03-27T13:58:44.016555Z",
            "yes_price": 12,
            "no_price": 88,
            "taker_side": "no"
        },
        {
            "trade_id": "9c5a2a02-9647-4a45-8808-1b0bd4bd5c64",
            "ticker": "KXHIGHMIA-25MAR27-B80.5",
            "count": 3,
            "created_time": "2025-03-27T13:58:44.016555Z",
            "yes_price": 13,
            "no_price": 87,
            "taker_side": "no"
        },
        {
            "trade_id": "9a4df3f4-5029-4e8d-9b73-be0f12ef50f1",
            "ticker": "KXHIGHMIA-25MAR27-B80.5",
            "count": 244,
            "created_time": "2025-03-27T13:58:44.016555Z",
            "yes_price": 12,
            "no_price": 88,
            "taker_side": "no"
        },
        {
            "trade_id": "925d4d0c-252b-4acf-8865-ca2683d88245",
            "ticker": "KXHIGHMIA-25MAR27-B80.5",
            "count": 1,
            "created_time": "2025-03-27T13:58:44.016555Z",
            "yes_price": 20,
            "no_price": 80,
            "taker_side": "no"
        },
        {
            "trade_id": "9b3ef20b-c3d2-4a76-ae2f-62b71725bf96",
            "ticker": "KXHIGHMIA-25MAR27-B80.5",
            "count": 1,
            "created_time": "2025-03-27T13:53:09.579705Z",
            "yes_price": 22,
            "no_price": 78,
            "taker_side": "no"
        },
        {
            "trade_id": "f106c3a0-8714-40c3-b1ec-486e4f59b8a3",
            "ticker": "KXHIGHMIA-25MAR27-B80.5",
            "count": 10,
            "created_time": "2025-03-27T13:51:20.32803Z",
            "yes_price": 24,
            "no_price": 76,
            "taker_side": "no"
        },
        {
            "trade_id": "8eb57ae4-d2c9-46c6-b37b-8ee92732cfb4",
            "ticker": "KXHIGHMIA-25MAR27-B80.5",
            "count": 19,
            "created_time": "2025-03-27T13:51:20.32803Z",
            "yes_price": 15,
            "no_price": 85,
            "taker_side": "no"
        },
        {
            "trade_id": "7f6d629c-08a0-4594-a007-b01b4a860454",
            "ticker": "KXHIGHMIA-25MAR27-B80.5",
            "count": 1,
            "created_time": "2025-03-27T13:51:20.32803Z",
            "yes_price": 24,
            "no_price": 76,
            "taker_side": "no"
        },
        {
            "trade_id": "eefbae7c-b9dd-4c0a-b3ac-19d6616e3b45",
            "ticker": "KXHIGHMIA-25MAR27-B80.5",
            "count": 1,
            "created_time": "2025-03-27T13:48:45.707603Z",
            "yes_price": 25,
            "no_price": 75,
            "taker_side": "no"
        },
        {
            "trade_id": "e1b916de-f263-45f3-a71d-3c2477c48934",
            "ticker": "KXHIGHMIA-25MAR27-B80.5",
            "count": 100,
            "created_time": "2025-03-27T13:48:45.707603Z",
            "yes_price": 19,
            "no_price": 81,
            "taker_side": "no"
        },
        {
            "trade_id": "b97576a9-deaf-43e6-856e-91de21dd724b",
            "ticker": "KXHIGHMIA-25MAR27-B80.5",
            "count": 19,
            "created_time": "2025-03-27T13:48:45.707603Z",
            "yes_price": 21,
            "no_price": 79,
            "taker_side": "no"
        },
        {
            "trade_id": "af0c4193-ab26-465f-93fb-663161867d79",
            "ticker": "KXHIGHMIA-25MAR27-B80.5",
            "count": 299,
            "created_time": "2025-03-27T13:48:45.707603Z",
            "yes_price": 20,
            "no_price": 80,
            "taker_side": "no"
        },
        {
            "trade_id": "87de5f88-ee1d-4c92-8fa6-bb3f97b23aa6",
            "ticker": "KXHIGHMIA-25MAR27-B80.5",
            "count": 771,
            "created_time": "2025-03-27T13:48:45.707603Z",
            "yes_price": 25,
            "no_price": 75,
            "taker_side": "no"
        },
        {
            "trade_id": "78d51726-4738-4f87-b62e-821339910d0d",
            "ticker": "KXHIGHMIA-25MAR27-B80.5",
            "count": 100,
            "created_time": "2025-03-27T13:48:45.707603Z",
            "yes_price": 21,
            "no_price": 79,
            "taker_side": "no"
        },
        {
            "trade_id": "5714d31d-4f48-4644-affc-6d1cb11affb1",
            "ticker": "KXHIGHMIA-25MAR27-B80.5",
            "count": 200,
            "created_time": "2025-03-27T13:48:45.707603Z",
            "yes_price": 18,
            "no_price": 82,
            "taker_side": "no"
        },
        {
            "trade_id": "561c2ddf-6671-4ba5-b43e-3dc8db4b651b",
            "ticker": "KXHIGHMIA-25MAR27-B80.5",
            "count": 29,
            "created_time": "2025-03-27T13:48:45.707603Z",
            "yes_price": 23,
            "no_price": 77,
            "taker_side": "no"
        },
        {
            "trade_id": "37aea7c0-da54-4d0f-9859-5615fbb72592",
            "ticker": "KXHIGHMIA-25MAR27-B80.5",
            "count": 100,
            "created_time": "2025-03-27T13:48:45.707603Z",
            "yes_price": 24,
            "no_price": 76,
            "taker_side": "no"
        },
        {
            "trade_id": "16f7bdfd-6b71-4a01-a57e-a10b8b5391db",
            "ticker": "KXHIGHMIA-25MAR27-B80.5",
            "count": 52,
            "created_time": "2025-03-27T13:48:45.707603Z",
            "yes_price": 23,
            "no_price": 77,
            "taker_side": "no"
        },
        {
            "trade_id": "65e8f519-a011-45fe-8889-8d5eae2acc0f",
            "ticker": "KXHIGHMIA-25MAR27-B80.5",
            "count": 1,
            "created_time": "2025-03-27T13:30:53.420096Z",
            "yes_price": 26,
            "no_price": 74,
            "taker_side": "no"
        },
        {
            "trade_id": "dbb79dbf-25bb-4ffd-a4fe-c2c9f319ff76",
            "ticker": "KXHIGHMIA-25MAR27-B80.5",
            "count": 101,
            "created_time": "2025-03-27T13:30:49.549648Z",
            "yes_price": 31,
            "no_price": 69,
            "taker_side": "yes"
        },
        {
            "trade_id": "b9b488b0-5b7e-4ec5-9130-11c03a87fbd3",
            "ticker": "KXHIGHMIA-25MAR27-B80.5",
            "count": 238,
            "created_time": "2025-03-27T13:30:49.549648Z",
            "yes_price": 32,
            "no_price": 68,
            "taker_side": "yes"
        },
        {
            "trade_id": "9ae1fa68-2a61-4057-855d-126a8372b30f",
            "ticker": "KXHIGHMIA-25MAR27-B80.5",
            "count": 1,
            "created_time": "2025-03-27T13:30:49.549648Z",
            "yes_price": 26,
            "no_price": 74,
            "taker_side": "yes"
        },
        {
            "trade_id": "96ed73b3-de92-410d-9c0a-3252a1e24f06",
            "ticker": "KXHIGHMIA-25MAR27-B80.5",
            "count": 1,
            "created_time": "2025-03-27T13:30:49.549648Z",
            "yes_price": 26,
            "no_price": 74,
            "taker_side": "yes"
        },
        {
            "trade_id": "84d4ec7e-6ade-4e25-8542-fdfa647b8b54",
            "ticker": "KXHIGHMIA-25MAR27-B80.5",
            "count": 12,
            "created_time": "2025-03-27T13:30:49.549648Z",
            "yes_price": 31,
            "no_price": 69,
            "taker_side": "yes"
        },
        {
            "trade_id": "5ff4c2f2-4030-48fe-ad58-fa9091ad020d",
            "ticker": "KXHIGHMIA-25MAR27-B80.5",
            "count": 13,
            "created_time": "2025-03-27T13:30:49.549648Z",
            "yes_price": 31,
            "no_price": 69,
            "taker_side": "yes"
        },
        {
            "trade_id": "58020cc4-f9d6-4e62-bb67-d9c27c7ccbfa",
            "ticker": "KXHIGHMIA-25MAR27-B80.5",
            "count": 50,
            "created_time": "2025-03-27T13:30:49.549648Z",
            "yes_price": 30,
            "no_price": 70,
            "taker_side": "yes"
        },
        {
            "trade_id": "90cd80ca-a74f-456e-ab1f-d77fa39e9a60",
            "ticker": "KXHIGHMIA-25MAR27-B80.5",
            "count": 21,
            "created_time": "2025-03-27T13:28:36.349619Z",
            "yes_price": 25,
            "no_price": 75,
            "taker_side": "no"
        },
        {
            "trade_id": "53c67d32-cd51-4cc7-8b10-62c6f992c9a9",
            "ticker": "KXHIGHMIA-25MAR27-B80.5",
            "count": 229,
            "created_time": "2025-03-27T13:28:36.349619Z",
            "yes_price": 25,
            "no_price": 75,
            "taker_side": "no"
        },
        {
            "trade_id": "13f5aa8c-f162-4180-92a9-8c22792cec12",
            "ticker": "KXHIGHMIA-25MAR27-B80.5",
            "count": 9,
            "created_time": "2025-03-27T13:26:08.628223Z",
            "yes_price": 26,
            "no_price": 74,
            "taker_side": "no"
        },
        {
            "trade_id": "05b3bacc-60a6-45f3-be4f-75fea3a5b2a5",
            "ticker": "KXHIGHMIA-25MAR27-B80.5",
            "count": 79,
            "created_time": "2025-03-27T13:26:08.628223Z",
            "yes_price": 25,
            "no_price": 75,
            "taker_side": "no"
        },
        {
            "trade_id": "ed45a18c-0800-43dc-ba2e-8075e5f5464c",
            "ticker": "KXHIGHMIA-25MAR27-B80.5",
            "count": 2,
            "created_time": "2025-03-27T13:19:59.450046Z",
            "yes_price": 27,
            "no_price": 73,
            "taker_side": "no"
        },
        {
            "trade_id": "e390ccb0-f74a-4e97-b59f-1017b380acc9",
            "ticker": "KXHIGHMIA-25MAR27-B80.5",
            "count": 9,
            "created_time": "2025-03-27T13:10:52.811567Z",
            "yes_price": 30,
            "no_price": 70,
            "taker_side": "yes"
        },
        {
            "trade_id": "68dd3a32-6bc4-4e38-9f60-b24fe3b46f0e",
            "ticker": "KXHIGHMIA-25MAR27-B80.5",
            "count": 1,
            "created_time": "2025-03-27T13:07:14.65118Z",
            "yes_price": 28,
            "no_price": 72,
            "taker_side": "no"
        },
        {
            "trade_id": "391acb98-563d-4813-9efd-2da498487cab",
            "ticker": "KXHIGHMIA-25MAR27-B80.5",
            "count": 9,
            "created_time": "2025-03-27T13:07:14.65118Z",
            "yes_price": 26,
            "no_price": 74,
            "taker_side": "no"
        },
        {
            "trade_id": "a05c1fe4-aec7-4b08-929a-f165d6be7ccc",
            "ticker": "KXHIGHMIA-25MAR27-B80.5",
            "count": 623,
            "created_time": "2025-03-27T13:00:10.085087Z",
            "yes_price": 28,
            "no_price": 72,
            "taker_side": "no"
        },
        {
            "trade_id": "25334d13-d4b0-447e-9e6c-02757be53a22",
            "ticker": "KXHIGHMIA-25MAR27-B80.5",
            "count": 53,
            "created_time": "2025-03-27T13:00:10.085087Z",
            "yes_price": 29,
            "no_price": 71,
            "taker_side": "no"
        },
        {
            "trade_id": "e7e70dbf-e240-4ea7-884d-3005084fbf39",
            "ticker": "KXHIGHMIA-25MAR27-B80.5",
            "count": 31,
            "created_time": "2025-03-27T12:45:48.586221Z",
            "yes_price": 31,
            "no_price": 69,
            "taker_side": "yes"
        },
        {
            "trade_id": "bcb92f04-68ff-42e8-98f7-eca10a9503a0",
            "ticker": "KXHIGHMIA-25MAR27-B80.5",
            "count": 1,
            "created_time": "2025-03-27T12:39:31.18554Z",
            "yes_price": 31,
            "no_price": 69,
            "taker_side": "no"
        },
        {
            "trade_id": "ad47fc68-76d5-46b4-a0f2-64037ad37419",
            "ticker": "KXHIGHMIA-25MAR27-B80.5",
            "count": 39,
            "created_time": "2025-03-27T12:39:31.18554Z",
            "yes_price": 30,
            "no_price": 70,
            "taker_side": "no"
        },
        {
            "trade_id": "8ccf8638-776d-4b81-b191-bd2936d8ffe1",
            "ticker": "KXHIGHMIA-25MAR27-B80.5",
            "count": 1,
            "created_time": "2025-03-27T12:39:31.18554Z",
            "yes_price": 30,
            "no_price": 70,
            "taker_side": "no"
        },
        {
            "trade_id": "65022a34-fbd2-4d65-85b3-3f57905a9580",
            "ticker": "KXHIGHMIA-25MAR27-B80.5",
            "count": 71,
            "created_time": "2025-03-27T12:39:31.18554Z",
            "yes_price": 29,
            "no_price": 71,
            "taker_side": "no"
        },
        {
            "trade_id": "b7151941-0310-4666-8ba1-5362ab84a7fa",
            "ticker": "KXHIGHMIA-25MAR27-B80.5",
            "count": 3,
            "created_time": "2025-03-27T12:30:15.827148Z",
            "yes_price": 32,
            "no_price": 68,
            "taker_side": "yes"
        },
        {
            "trade_id": "a60d7f7e-78d7-44ee-a1c5-2892403ce0c5",
            "ticker": "KXHIGHMIA-25MAR27-B80.5",
            "count": 20,
            "created_time": "2025-03-27T12:22:13.316763Z",
            "yes_price": 29,
            "no_price": 71,
            "taker_side": "no"
        },
        {
            "trade_id": "8364ee98-2b1f-4517-93d6-369bbb7473f4",
            "ticker": "KXHIGHMIA-25MAR27-B80.5",
            "count": 181,
            "created_time": "2025-03-27T12:22:13.316763Z",
            "yes_price": 28,
            "no_price": 72,
            "taker_side": "no"
        },
        {
            "trade_id": "69b61352-fa74-437d-a97c-25e54c791c29",
            "ticker": "KXHIGHMIA-25MAR27-B80.5",
            "count": 49,
            "created_time": "2025-03-27T12:22:13.316763Z",
            "yes_price": 29,
            "no_price": 71,
            "taker_side": "no"
        },
        {
            "trade_id": "f8d53eb7-5a1f-47cd-b8de-d60e84e0d097",
            "ticker": "KXHIGHMIA-25MAR27-B80.5",
            "count": 37,
            "created_time": "2025-03-27T12:06:00.567004Z",
            "yes_price": 33,
            "no_price": 67,
            "taker_side": "no"
        },
        {
            "trade_id": "968e8148-074f-4feb-9c98-30255cab08f3",
            "ticker": "KXHIGHMIA-25MAR27-B80.5",
            "count": 10,
            "created_time": "2025-03-27T12:00:53.070637Z",
            "yes_price": 33,
            "no_price": 67,
            "taker_side": "no"
        },
        {
            "trade_id": "e7acf937-0137-49c7-9f06-7309bfdf6125",
            "ticker": "KXHIGHMIA-25MAR27-B80.5",
            "count": 10,
            "created_time": "2025-03-27T12:00:28.938857Z",
            "yes_price": 34,
            "no_price": 66,
            "taker_side": "yes"
        },
        {
            "trade_id": "620d5b0f-4140-466f-a284-302ff2fda3ac",
            "ticker": "KXHIGHMIA-25MAR27-B80.5",
            "count": 7,
            "created_time": "2025-03-27T12:00:28.070102Z",
            "yes_price": 33,
            "no_price": 67,
            "taker_side": "no"
        },
        {
            "trade_id": "91be412f-4366-42f1-b54c-b57c1b160a22",
            "ticker": "KXHIGHMIA-25MAR27-B80.5",
            "count": 6,
            "created_time": "2025-03-27T06:56:14.035666Z",
            "yes_price": 33,
            "no_price": 67,
            "taker_side": "no"
        },
        {
            "trade_id": "c77a80e2-06d8-4c40-a0d9-1b327dfcb552",
            "ticker": "KXHIGHMIA-25MAR27-B80.5",
            "count": 12,
            "created_time": "2025-03-27T06:56:13.190428Z",
            "yes_price": 33,
            "no_price": 67,
            "taker_side": "no"
        },
        {
            "trade_id": "3b531926-5dd7-4fd9-8155-d85dca7df068",
            "ticker": "KXHIGHMIA-25MAR27-B80.5",
            "count": 12,
            "created_time": "2025-03-27T06:56:12.342451Z",
            "yes_price": 33,
            "no_price": 67,
            "taker_side": "no"
        },
        {
            "trade_id": "61e3119b-9cc4-4f6a-9bdc-bf4831d8193f",
            "ticker": "KXHIGHMIA-25MAR27-B80.5",
            "count": 15,
            "created_time": "2025-03-27T06:56:11.48864Z",
            "yes_price": 33,
            "no_price": 67,
            "taker_side": "no"
        },
        {
            "trade_id": "680597eb-1cc7-4a71-8eca-affb413b913b",
            "ticker": "KXHIGHMIA-25MAR27-B80.5",
            "count": 5,
            "created_time": "2025-03-27T06:51:13.389255Z",
            "yes_price": 33,
            "no_price": 67,
            "taker_side": "no"
        },
        {
            "trade_id": "b52711b9-c635-4b28-b292-f8d46b238361",
            "ticker": "KXHIGHMIA-25MAR27-B80.5",
            "count": 4,
            "created_time": "2025-03-27T06:51:12.275473Z",
            "yes_price": 33,
            "no_price": 67,
            "taker_side": "no"
        },
        {
            "trade_id": "ba7aa162-de63-4243-84ec-27dd0559b787",
            "ticker": "KXHIGHMIA-25MAR27-B80.5",
            "count": 17,
            "created_time": "2025-03-27T06:11:07.860464Z",
            "yes_price": 33,
            "no_price": 67,
            "taker_side": "no"
        },
        {
            "trade_id": "1f18bc6a-5036-4da2-b6cc-a6d3ac40b18d",
            "ticker": "KXHIGHMIA-25MAR27-B80.5",
            "count": 57,
            "created_time": "2025-03-27T04:15:37.804371Z",
            "yes_price": 34,
            "no_price": 66,
            "taker_side": "yes"
        },
        {
            "trade_id": "721a4401-f56c-47f5-b32b-33322c19854b",
            "ticker": "KXHIGHMIA-25MAR27-B80.5",
            "count": 22,
            "created_time": "2025-03-27T03:19:43.994718Z",
            "yes_price": 30,
            "no_price": 70,
            "taker_side": "no"
        },
        {
            "trade_id": "159c6616-336f-4bbc-a17f-d4c3ce0d8cbd",
            "ticker": "KXHIGHMIA-25MAR27-B80.5",
            "count": 49,
            "created_time": "2025-03-27T03:19:43.994718Z",
            "yes_price": 31,
            "no_price": 69,
            "taker_side": "no"
        },
        {
            "trade_id": "c55053a3-d086-4f61-b962-02830e51d342",
            "ticker": "KXHIGHMIA-25MAR27-B80.5",
            "count": 11,
            "created_time": "2025-03-27T00:03:53.682306Z",
            "yes_price": 34,
            "no_price": 66,
            "taker_side": "yes"
        },
        {
            "trade_id": "e2c224ac-77a2-4f06-bd15-8b116ee859e6",
            "ticker": "KXHIGHMIA-25MAR27-B80.5",
            "count": 124,
            "created_time": "2025-03-27T00:01:23.757815Z",
            "yes_price": 29,
            "no_price": 71,
            "taker_side": "no"
        },
        {
            "trade_id": "592140d4-804f-4744-856a-6d88966883bb",
            "ticker": "KXHIGHMIA-25MAR27-B80.5",
            "count": 24,
            "created_time": "2025-03-26T21:54:28.157234Z",
            "yes_price": 34,
            "no_price": 66,
            "taker_side": "yes"
        },
        {
            "trade_id": "c096794d-f201-4aea-b4db-77c1bb58f655",
            "ticker": "KXHIGHMIA-25MAR27-B80.5",
            "count": 2,
            "created_time": "2025-03-26T20:45:04.608482Z",
            "yes_price": 26,
            "no_price": 74,
            "taker_side": "yes"
        },
        {
            "trade_id": "8e568428-4a83-418b-a76a-de35685a53dd",
            "ticker": "KXHIGHMIA-25MAR27-B80.5",
            "count": 98,
            "created_time": "2025-03-26T20:45:04.608482Z",
            "yes_price": 26,
            "no_price": 74,
            "taker_side": "yes"
        },
        {
            "trade_id": "6117fc45-58f3-4a3a-9541-6f41ae836cba",
            "ticker": "KXHIGHMIA-25MAR27-B80.5",
            "count": 39,
            "created_time": "2025-03-26T19:55:21.664927Z",
            "yes_price": 26,
            "no_price": 74,
            "taker_side": "yes"
        },
        {
            "trade_id": "48f6f034-3f35-49b3-b6f9-d8d096d69e3b",
            "ticker": "KXHIGHMIA-25MAR27-B80.5",
            "count": 31,
            "created_time": "2025-03-26T18:54:35.109442Z",
            "yes_price": 31,
            "no_price": 69,
            "taker_side": "yes"
        },
        {
            "trade_id": "29780e32-e10b-4256-a491-b39e33d27b9d",
            "ticker": "KXHIGHMIA-25MAR27-B80.5",
            "count": 14,
            "created_time": "2025-03-26T18:33:22.736241Z",
            "yes_price": 34,
            "no_price": 66,
            "taker_side": "no"
        },
        {
            "trade_id": "c108fa1b-02ba-459e-97f8-8d8f17cfb6df",
            "ticker": "KXHIGHMIA-25MAR27-B80.5",
            "count": 284,
            "created_time": "2025-03-26T18:27:00.483801Z",
            "yes_price": 42,
            "no_price": 58,
            "taker_side": "yes"
        },
        {
            "trade_id": "4cf766d6-2a60-4b6b-a0f2-ef07a5a915b6",
            "ticker": "KXHIGHMIA-25MAR27-B80.5",
            "count": 101,
            "created_time": "2025-03-26T18:27:00.483801Z",
            "yes_price": 40,
            "no_price": 60,
            "taker_side": "yes"
        },
        {
            "trade_id": "3b0292e2-f6af-4707-9f8f-43e705576223",
            "ticker": "KXHIGHMIA-25MAR27-B80.5",
            "count": 6,
            "created_time": "2025-03-26T17:42:24.596613Z",
            "yes_price": 34,
            "no_price": 66,
            "taker_side": "no"
        },
        {
            "trade_id": "ec01a532-0767-4875-98fa-c4e2ad3f46f3",
            "ticker": "KXHIGHMIA-25MAR27-B80.5",
            "count": 36,
            "created_time": "2025-03-26T16:37:16.657664Z",
            "yes_price": 22,
            "no_price": 78,
            "taker_side": "yes"
        },
        {
            "trade_id": "0daee273-9e74-47e3-a8a0-9c708fe130eb",
            "ticker": "KXHIGHMIA-25MAR27-B80.5",
            "count": 169,
            "created_time": "2025-03-26T16:37:16.657664Z",
            "yes_price": 24,
            "no_price": 76,
            "taker_side": "yes"
        },
        {
            "trade_id": "cecc95dd-d487-491b-9262-0fc12e6e590d",
            "ticker": "KXHIGHMIA-25MAR27-B80.5",
            "count": 19,
            "created_time": "2025-03-26T15:26:15.202506Z",
            "yes_price": 27,
            "no_price": 73,
            "taker_side": "yes"
        },
        {
            "trade_id": "a75653a5-0ed4-4558-9a9e-fc205fea2e6c",
            "ticker": "KXHIGHMIA-25MAR27-B80.5",
            "count": 31,
            "created_time": "2025-03-26T15:24:23.93775Z",
            "yes_price": 26,
            "no_price": 74,
            "taker_side": "no"
        },
        {
            "trade_id": "729a5158-8f4f-4a0c-ae6a-c222661a5a46",
            "ticker": "KXHIGHMIA-25MAR27-B80.5",
            "count": 50,
            "created_time": "2025-03-26T14:55:41.000839Z",
            "yes_price": 31,
            "no_price": 69,
            "taker_side": "yes"
        },
        {
            "trade_id": "f331fbe1-2768-476e-a5ff-47b563799803",
            "ticker": "KXHIGHMIA-25MAR27-B80.5",
            "count": 47,
            "created_time": "2025-03-26T14:29:41.350914Z",
            "yes_price": 39,
            "no_price": 61,
            "taker_side": "yes"
        },
        {
            "trade_id": "a682a7df-a23c-43be-9868-fbc67fa1f654",
            "ticker": "KXHIGHMIA-25MAR27-B80.5",
            "count": 2,
            "created_time": "2025-03-26T14:29:41.350914Z",
            "yes_price": 37,
            "no_price": 63,
            "taker_side": "yes"
        },
        {
            "trade_id": "8a5ba2ff-f97a-4ae4-bf16-c019d67878cd",
            "ticker": "KXHIGHMIA-25MAR27-B80.5",
            "count": 11,
            "created_time": "2025-03-26T14:29:41.350914Z",
            "yes_price": 38,
            "no_price": 62,
            "taker_side": "yes"
        },
        {
            "trade_id": "eb81ff8b-e767-4f1b-9bcc-6455348197ed",
            "ticker": "KXHIGHMIA-25MAR27-B80.5",
            "count": 20,
            "created_time": "2025-03-26T14:06:01.514229Z",
            "yes_price": 42,
            "no_price": 58,
            "taker_side": "yes"
        },
        {
            "trade_id": "e809d009-e76e-433f-ab60-6ffeda7836e6",
            "ticker": "KXHIGHMIA-25MAR27-B80.5",
            "count": 20,
            "created_time": "2025-03-26T14:02:20.961458Z",
            "yes_price": 39,
            "no_price": 61,
            "taker_side": "yes"
        }
    ],
    "KXHIGHMIA-25MAR27-B82.5": [
        {
            "trade_id": "87788671-7274-4e0d-b061-f823cdb2ec59",
            "ticker": "KXHIGHMIA-25MAR27-B82.5",
            "count": 50,
            "created_time": "2025-03-28T01:21:08.38081Z",
            "yes_price": 99,
            "no_price": 1,
            "taker_side": "no"
        },
        {
            "trade_id": "5f3dfa82-597e-4a1c-949e-da2f5d5f1ad6",
            "ticker": "KXHIGHMIA-25MAR27-B82.5",
            "count": 15,
            "created_time": "2025-03-27T22:54:01.472912Z",
            "yes_price": 99,
            "no_price": 1,
            "taker_side": "no"
        },
        {
            "trade_id": "c84922ec-9b64-4d44-8f57-b97111b1d29a",
            "ticker": "KXHIGHMIA-25MAR27-B82.5",
            "count": 35,
            "created_time": "2025-03-27T22:32:58.256676Z",
            "yes_price": 99,
            "no_price": 1,
            "taker_side": "no"
        },
        {
            "trade_id": "66027cb1-023d-467d-84f3-43fbbd35e17e",
            "ticker": "KXHIGHMIA-25MAR27-B82.5",
            "count": 9,
            "created_time": "2025-03-27T22:05:45.68662Z",
            "yes_price": 99,
            "no_price": 1,
            "taker_side": "no"
        },
        {
            "trade_id": "fb4aa6c8-cf01-4822-8d2b-f53b4cf0527d",
            "ticker": "KXHIGHMIA-25MAR27-B82.5",
            "count": 866,
            "created_time": "2025-03-27T21:57:17.298075Z",
            "yes_price": 99,
            "no_price": 1,
            "taker_side": "no"
        },
        {
            "trade_id": "30b4b1f7-2ab0-411f-86d3-e59f0a5246cd",
            "ticker": "KXHIGHMIA-25MAR27-B82.5",
            "count": 15,
            "created_time": "2025-03-27T21:54:57.388773Z",
            "yes_price": 99,
            "no_price": 1,
            "taker_side": "no"
        },
        {
            "trade_id": "fabd2515-1454-46c1-99c3-a1817e33b31b",
            "ticker": "KXHIGHMIA-25MAR27-B82.5",
            "count": 300,
            "created_time": "2025-03-27T21:30:44.969827Z",
            "yes_price": 99,
            "no_price": 1,
            "taker_side": "yes"
        },
        {
            "trade_id": "f794d8c9-0161-484d-8da5-297d021af84c",
            "ticker": "KXHIGHMIA-25MAR27-B82.5",
            "count": 67,
            "created_time": "2025-03-27T21:30:44.969827Z",
            "yes_price": 99,
            "no_price": 1,
            "taker_side": "yes"
        },
        {
            "trade_id": "f63eb0ad-edc5-4df6-94ea-efa4a8863ef0",
            "ticker": "KXHIGHMIA-25MAR27-B82.5",
            "count": 300,
            "created_time": "2025-03-27T21:25:58.192126Z",
            "yes_price": 98,
            "no_price": 2,
            "taker_side": "no"
        },
        {
            "trade_id": "7d697ea1-ff56-400c-83c2-fd8c801811ad",
            "ticker": "KXHIGHMIA-25MAR27-B82.5",
            "count": 1,
            "created_time": "2025-03-27T21:23:56.975963Z",
            "yes_price": 99,
            "no_price": 1,
            "taker_side": "yes"
        },
        {
            "trade_id": "111164da-c7d1-4dc6-b347-d9f6575251cf",
            "ticker": "KXHIGHMIA-25MAR27-B82.5",
            "count": 4,
            "created_time": "2025-03-27T21:21:16.744569Z",
            "yes_price": 98,
            "no_price": 2,
            "taker_side": "no"
        },
        {
            "trade_id": "e4fb2552-8439-4362-92b8-38016c2de5f9",
            "ticker": "KXHIGHMIA-25MAR27-B82.5",
            "count": 33,
            "created_time": "2025-03-27T21:17:13.366114Z",
            "yes_price": 99,
            "no_price": 1,
            "taker_side": "no"
        },
        {
            "trade_id": "c334e43b-eefd-4572-8ff4-71384dc7703c",
            "ticker": "KXHIGHMIA-25MAR27-B82.5",
            "count": 2,
            "created_time": "2025-03-27T21:07:56.552006Z",
            "yes_price": 99,
            "no_price": 1,
            "taker_side": "no"
        },
        {
            "trade_id": "7e6e1003-a1fe-479b-a89c-90b9d1fec1db",
            "ticker": "KXHIGHMIA-25MAR27-B82.5",
            "count": 15,
            "created_time": "2025-03-27T21:07:13.772171Z",
            "yes_price": 99,
            "no_price": 1,
            "taker_side": "no"
        },
        {
            "trade_id": "5e79ab78-467b-4364-9914-93311e4250b6",
            "ticker": "KXHIGHMIA-25MAR27-B82.5",
            "count": 205,
            "created_time": "2025-03-27T20:57:26.232014Z",
            "yes_price": 99,
            "no_price": 1,
            "taker_side": "yes"
        },
        {
            "trade_id": "509af2e1-8b5c-444b-b72d-306b54b33cf0",
            "ticker": "KXHIGHMIA-25MAR27-B82.5",
            "count": 18,
            "created_time": "2025-03-27T20:32:59.011209Z",
            "yes_price": 99,
            "no_price": 1,
            "taker_side": "yes"
        },
        {
            "trade_id": "4885c55c-0048-486c-b30f-e69cbde97bff",
            "ticker": "KXHIGHMIA-25MAR27-B82.5",
            "count": 58,
            "created_time": "2025-03-27T20:32:44.734115Z",
            "yes_price": 99,
            "no_price": 1,
            "taker_side": "yes"
        },
        {
            "trade_id": "f85ee234-c75e-4719-8f62-f900dd95943f",
            "ticker": "KXHIGHMIA-25MAR27-B82.5",
            "count": 9,
            "created_time": "2025-03-27T20:31:29.203905Z",
            "yes_price": 99,
            "no_price": 1,
            "taker_side": "no"
        },
        {
            "trade_id": "9eaa8a44-d16a-4e91-b013-3a5f7c9a0758",
            "ticker": "KXHIGHMIA-25MAR27-B82.5",
            "count": 2,
            "created_time": "2025-03-27T20:31:29.203905Z",
            "yes_price": 99,
            "no_price": 1,
            "taker_side": "no"
        },
        {
            "trade_id": "196a45c4-e790-4683-90bf-596324c9a72e",
            "ticker": "KXHIGHMIA-25MAR27-B82.5",
            "count": 2,
            "created_time": "2025-03-27T20:31:29.203905Z",
            "yes_price": 99,
            "no_price": 1,
            "taker_side": "no"
        },
        {
            "trade_id": "da913aef-8275-4c43-9594-a490c786e888",
            "ticker": "KXHIGHMIA-25MAR27-B82.5",
            "count": 13,
            "created_time": "2025-03-27T20:24:33.631026Z",
            "yes_price": 94,
            "no_price": 6,
            "taker_side": "no"
        },
        {
            "trade_id": "da8d91d2-5c7d-4b2f-8ca4-97f5f43d83c6",
            "ticker": "KXHIGHMIA-25MAR27-B82.5",
            "count": 273,
            "created_time": "2025-03-27T20:24:33.631026Z",
            "yes_price": 98,
            "no_price": 2,
            "taker_side": "no"
        },
        {
            "trade_id": "d9a3e6a2-f875-4f83-9b56-7d5816f839a4",
            "ticker": "KXHIGHMIA-25MAR27-B82.5",
            "count": 15,
            "created_time": "2025-03-27T20:24:33.631026Z",
            "yes_price": 99,
            "no_price": 1,
            "taker_side": "no"
        },
        {
            "trade_id": "795dcbfe-696e-4b3d-ba48-1a4af4738a0e",
            "ticker": "KXHIGHMIA-25MAR27-B82.5",
            "count": 25,
            "created_time": "2025-03-27T20:24:33.631026Z",
            "yes_price": 99,
            "no_price": 1,
            "taker_side": "no"
        },
        {
            "trade_id": "5caa424b-e79a-4022-8a81-6a31db0c1886",
            "ticker": "KXHIGHMIA-25MAR27-B82.5",
            "count": 13,
            "created_time": "2025-03-27T20:24:33.631026Z",
            "yes_price": 95,
            "no_price": 5,
            "taker_side": "no"
        },
        {
            "trade_id": "25de26ea-9cbf-4b9c-a2c2-459fd230210f",
            "ticker": "KXHIGHMIA-25MAR27-B82.5",
            "count": 25,
            "created_time": "2025-03-27T20:24:33.631026Z",
            "yes_price": 99,
            "no_price": 1,
            "taker_side": "no"
        },
        {
            "trade_id": "f7a94bb7-9d00-468b-b0f0-f5260b1a4606",
            "ticker": "KXHIGHMIA-25MAR27-B82.5",
            "count": 19,
            "created_time": "2025-03-27T20:18:53.104034Z",
            "yes_price": 99,
            "no_price": 1,
            "taker_side": "no"
        },
        {
            "trade_id": "a3d9cfd7-b81a-46c3-ba97-8199bc3c3c13",
            "ticker": "KXHIGHMIA-25MAR27-B82.5",
            "count": 3,
            "created_time": "2025-03-27T20:18:42.805336Z",
            "yes_price": 99,
            "no_price": 1,
            "taker_side": "no"
        },
        {
            "trade_id": "ed5762a1-a550-4db8-b5df-d8e9fc588b9d",
            "ticker": "KXHIGHMIA-25MAR27-B82.5",
            "count": 3,
            "created_time": "2025-03-27T20:18:41.041044Z",
            "yes_price": 99,
            "no_price": 1,
            "taker_side": "no"
        },
        {
            "trade_id": "87d38083-f65a-415b-8bf1-f162b20d0193",
            "ticker": "KXHIGHMIA-25MAR27-B82.5",
            "count": 3,
            "created_time": "2025-03-27T20:18:38.148632Z",
            "yes_price": 99,
            "no_price": 1,
            "taker_side": "no"
        },
        {
            "trade_id": "e902e45c-cd6b-47ba-a898-409f12e14a02",
            "ticker": "KXHIGHMIA-25MAR27-B82.5",
            "count": 12,
            "created_time": "2025-03-27T20:12:41.716308Z",
            "yes_price": 98,
            "no_price": 2,
            "taker_side": "yes"
        },
        {
            "trade_id": "dea63185-b5c5-4639-9d90-9d8241c5a74e",
            "ticker": "KXHIGHMIA-25MAR27-B82.5",
            "count": 15,
            "created_time": "2025-03-27T20:12:41.716308Z",
            "yes_price": 83,
            "no_price": 17,
            "taker_side": "yes"
        },
        {
            "trade_id": "ca627620-ebc4-4864-830c-f4a3d0f5fbfb",
            "ticker": "KXHIGHMIA-25MAR27-B82.5",
            "count": 199,
            "created_time": "2025-03-27T20:12:41.716308Z",
            "yes_price": 83,
            "no_price": 17,
            "taker_side": "yes"
        },
        {
            "trade_id": "ca01dff0-5cfb-4998-9103-732bfd437a44",
            "ticker": "KXHIGHMIA-25MAR27-B82.5",
            "count": 50,
            "created_time": "2025-03-27T20:12:41.716308Z",
            "yes_price": 98,
            "no_price": 2,
            "taker_side": "yes"
        },
        {
            "trade_id": "9ae51f79-083d-4055-8579-19165ae5936e",
            "ticker": "KXHIGHMIA-25MAR27-B82.5",
            "count": 500,
            "created_time": "2025-03-27T20:12:41.716308Z",
            "yes_price": 99,
            "no_price": 1,
            "taker_side": "yes"
        },
        {
            "trade_id": "96c23611-d7ed-43e7-8680-07883a553a79",
            "ticker": "KXHIGHMIA-25MAR27-B82.5",
            "count": 16,
            "created_time": "2025-03-27T20:12:41.716308Z",
            "yes_price": 97,
            "no_price": 3,
            "taker_side": "yes"
        },
        {
            "trade_id": "81d391b2-f538-4945-a6ca-575dc9972894",
            "ticker": "KXHIGHMIA-25MAR27-B82.5",
            "count": 15,
            "created_time": "2025-03-27T20:12:41.716308Z",
            "yes_price": 82,
            "no_price": 18,
            "taker_side": "yes"
        },
        {
            "trade_id": "7a40f612-3786-4256-8c61-638b42e42602",
            "ticker": "KXHIGHMIA-25MAR27-B82.5",
            "count": 19,
            "created_time": "2025-03-27T20:12:41.716308Z",
            "yes_price": 97,
            "no_price": 3,
            "taker_side": "yes"
        },
        {
            "trade_id": "6ba7b626-42d0-42cc-93f6-bf297d38420e",
            "ticker": "KXHIGHMIA-25MAR27-B82.5",
            "count": 17,
            "created_time": "2025-03-27T20:12:41.716308Z",
            "yes_price": 83,
            "no_price": 17,
            "taker_side": "yes"
        },
        {
            "trade_id": "601a7748-dd77-4828-8da0-03e4a92a682b",
            "ticker": "KXHIGHMIA-25MAR27-B82.5",
            "count": 19,
            "created_time": "2025-03-27T20:12:41.716308Z",
            "yes_price": 96,
            "no_price": 4,
            "taker_side": "yes"
        },
        {
            "trade_id": "3aea1350-6429-4a40-a351-70a865749ac0",
            "ticker": "KXHIGHMIA-25MAR27-B82.5",
            "count": 37,
            "created_time": "2025-03-27T20:12:41.716308Z",
            "yes_price": 84,
            "no_price": 16,
            "taker_side": "yes"
        },
        {
            "trade_id": "2f1f17c6-b903-4887-9201-968e8eeafdf0",
            "ticker": "KXHIGHMIA-25MAR27-B82.5",
            "count": 19,
            "created_time": "2025-03-27T20:12:41.716308Z",
            "yes_price": 98,
            "no_price": 2,
            "taker_side": "yes"
        },
        {
            "trade_id": "187dff48-86e2-47f8-a244-f389902ac498",
            "ticker": "KXHIGHMIA-25MAR27-B82.5",
            "count": 25,
            "created_time": "2025-03-27T20:12:41.716308Z",
            "yes_price": 83,
            "no_price": 17,
            "taker_side": "yes"
        },
        {
            "trade_id": "4123edf6-ddde-49cf-8cad-5f1985ca0670",
            "ticker": "KXHIGHMIA-25MAR27-B82.5",
            "count": 8,
            "created_time": "2025-03-27T20:11:20.665946Z",
            "yes_price": 77,
            "no_price": 23,
            "taker_side": "no"
        },
        {
            "trade_id": "bb9941ec-3bda-475e-943e-a5e6613df783",
            "ticker": "KXHIGHMIA-25MAR27-B82.5",
            "count": 19,
            "created_time": "2025-03-27T20:11:14.395315Z",
            "yes_price": 76,
            "no_price": 24,
            "taker_side": "no"
        },
        {
            "trade_id": "8673fa54-68b8-4e96-86bc-d48d707e334e",
            "ticker": "KXHIGHMIA-25MAR27-B82.5",
            "count": 11,
            "created_time": "2025-03-27T20:11:14.395315Z",
            "yes_price": 77,
            "no_price": 23,
            "taker_side": "no"
        },
        {
            "trade_id": "dac9aa5c-9525-428f-b93e-d43d4edf87fb",
            "ticker": "KXHIGHMIA-25MAR27-B82.5",
            "count": 25,
            "created_time": "2025-03-27T20:11:02.15439Z",
            "yes_price": 86,
            "no_price": 14,
            "taker_side": "no"
        },
        {
            "trade_id": "f4f2f609-018e-42f8-99ec-66a518b447d2",
            "ticker": "KXHIGHMIA-25MAR27-B82.5",
            "count": 1,
            "created_time": "2025-03-27T20:04:02.808308Z",
            "yes_price": 92,
            "no_price": 8,
            "taker_side": "yes"
        },
        {
            "trade_id": "d274eb86-bb4c-47b9-b174-799e9baf69cd",
            "ticker": "KXHIGHMIA-25MAR27-B82.5",
            "count": 9,
            "created_time": "2025-03-27T20:04:02.808308Z",
            "yes_price": 95,
            "no_price": 5,
            "taker_side": "yes"
        },
        {
            "trade_id": "b733d115-6491-4b01-bf4e-1b1860ad9377",
            "ticker": "KXHIGHMIA-25MAR27-B82.5",
            "count": 34,
            "created_time": "2025-03-27T20:04:02.808308Z",
            "yes_price": 97,
            "no_price": 3,
            "taker_side": "yes"
        },
        {
            "trade_id": "91f07e92-5e94-4f83-929e-bbc29900d23c",
            "ticker": "KXHIGHMIA-25MAR27-B82.5",
            "count": 12,
            "created_time": "2025-03-27T20:04:02.808308Z",
            "yes_price": 96,
            "no_price": 4,
            "taker_side": "yes"
        },
        {
            "trade_id": "5db28794-eeb0-479c-80a7-0f1f85e5b3f9",
            "ticker": "KXHIGHMIA-25MAR27-B82.5",
            "count": 30,
            "created_time": "2025-03-27T20:04:02.808308Z",
            "yes_price": 96,
            "no_price": 4,
            "taker_side": "yes"
        },
        {
            "trade_id": "17170cd3-f7ea-4838-8e44-41b8035bc19f",
            "ticker": "KXHIGHMIA-25MAR27-B82.5",
            "count": 15,
            "created_time": "2025-03-27T20:04:02.808308Z",
            "yes_price": 95,
            "no_price": 5,
            "taker_side": "yes"
        },
        {
            "trade_id": "b24f5064-8634-4008-b0c2-badbb4ea5db7",
            "ticker": "KXHIGHMIA-25MAR27-B82.5",
            "count": 66,
            "created_time": "2025-03-27T20:02:23.912812Z",
            "yes_price": 88,
            "no_price": 12,
            "taker_side": "yes"
        },
        {
            "trade_id": "da572e65-908d-434c-af9d-0e084ae6a382",
            "ticker": "KXHIGHMIA-25MAR27-B82.5",
            "count": 25,
            "created_time": "2025-03-27T19:58:28.848302Z",
            "yes_price": 86,
            "no_price": 14,
            "taker_side": "no"
        },
        {
            "trade_id": "5c0268ca-bee8-42a2-89cd-e5f0b7c2b3bb",
            "ticker": "KXHIGHMIA-25MAR27-B82.5",
            "count": 5,
            "created_time": "2025-03-27T19:58:28.848302Z",
            "yes_price": 86,
            "no_price": 14,
            "taker_side": "no"
        },
        {
            "trade_id": "3e843733-e395-49fe-9834-4c169e2d7525",
            "ticker": "KXHIGHMIA-25MAR27-B82.5",
            "count": 10,
            "created_time": "2025-03-27T19:58:28.848302Z",
            "yes_price": 86,
            "no_price": 14,
            "taker_side": "no"
        },
        {
            "trade_id": "9b2b6a20-4c19-4397-bd49-25f2e6214035",
            "ticker": "KXHIGHMIA-25MAR27-B82.5",
            "count": 305,
            "created_time": "2025-03-27T19:52:23.73033Z",
            "yes_price": 85,
            "no_price": 15,
            "taker_side": "yes"
        },
        {
            "trade_id": "65547987-c3c0-42dd-b0dc-50e3113e0b57",
            "ticker": "KXHIGHMIA-25MAR27-B82.5",
            "count": 199,
            "created_time": "2025-03-27T19:52:23.73033Z",
            "yes_price": 84,
            "no_price": 16,
            "taker_side": "yes"
        },
        {
            "trade_id": "7082847a-bae5-4819-bede-bb66fde7eab5",
            "ticker": "KXHIGHMIA-25MAR27-B82.5",
            "count": 5,
            "created_time": "2025-03-27T19:29:34.887165Z",
            "yes_price": 62,
            "no_price": 38,
            "taker_side": "no"
        },
        {
            "trade_id": "0f1c23fd-e405-40ad-9265-f67082e90291",
            "ticker": "KXHIGHMIA-25MAR27-B82.5",
            "count": 4,
            "created_time": "2025-03-27T19:29:34.887165Z",
            "yes_price": 61,
            "no_price": 39,
            "taker_side": "no"
        },
        {
            "trade_id": "0aac8a1a-b867-4687-af34-491ee8c61056",
            "ticker": "KXHIGHMIA-25MAR27-B82.5",
            "count": 5,
            "created_time": "2025-03-27T19:29:31.122489Z",
            "yes_price": 83,
            "no_price": 17,
            "taker_side": "yes"
        },
        {
            "trade_id": "19611ed6-2139-442d-bb30-8dc38cb93baa",
            "ticker": "KXHIGHMIA-25MAR27-B82.5",
            "count": 25,
            "created_time": "2025-03-27T19:28:52.4193Z",
            "yes_price": 83,
            "no_price": 17,
            "taker_side": "yes"
        },
        {
            "trade_id": "e122f55e-548d-4330-9b9d-464644d86f4d",
            "ticker": "KXHIGHMIA-25MAR27-B82.5",
            "count": 1,
            "created_time": "2025-03-27T19:24:00.159244Z",
            "yes_price": 83,
            "no_price": 17,
            "taker_side": "yes"
        },
        {
            "trade_id": "9311c316-dded-414d-8ac4-32a2ef78adc4",
            "ticker": "KXHIGHMIA-25MAR27-B82.5",
            "count": 5,
            "created_time": "2025-03-27T19:22:54.492263Z",
            "yes_price": 83,
            "no_price": 17,
            "taker_side": "yes"
        },
        {
            "trade_id": "403c05fb-e11d-40c7-a036-1c36197147a7",
            "ticker": "KXHIGHMIA-25MAR27-B82.5",
            "count": 1,
            "created_time": "2025-03-27T19:22:54.492263Z",
            "yes_price": 83,
            "no_price": 17,
            "taker_side": "yes"
        },
        {
            "trade_id": "fc1b0d15-8c90-47d1-8596-aca3efcc0fc0",
            "ticker": "KXHIGHMIA-25MAR27-B82.5",
            "count": 15,
            "created_time": "2025-03-27T19:22:29.989031Z",
            "yes_price": 83,
            "no_price": 17,
            "taker_side": "yes"
        },
        {
            "trade_id": "f8cda45d-dc62-477a-8a9f-8e5096fe6f77",
            "ticker": "KXHIGHMIA-25MAR27-B82.5",
            "count": 3,
            "created_time": "2025-03-27T19:22:29.989031Z",
            "yes_price": 83,
            "no_price": 17,
            "taker_side": "yes"
        },
        {
            "trade_id": "0bd99d40-1149-45cd-8013-7ad245920967",
            "ticker": "KXHIGHMIA-25MAR27-B82.5",
            "count": 15,
            "created_time": "2025-03-27T19:22:29.989031Z",
            "yes_price": 83,
            "no_price": 17,
            "taker_side": "yes"
        },
        {
            "trade_id": "7fec98c0-9bfb-4b2e-96bf-30cb45b9d285",
            "ticker": "KXHIGHMIA-25MAR27-B82.5",
            "count": 25,
            "created_time": "2025-03-27T19:22:19.027751Z",
            "yes_price": 83,
            "no_price": 17,
            "taker_side": "yes"
        },
        {
            "trade_id": "6e77031f-ae53-471b-a6c9-0bfe1af34cb8",
            "ticker": "KXHIGHMIA-25MAR27-B82.5",
            "count": 8,
            "created_time": "2025-03-27T19:22:19.027751Z",
            "yes_price": 83,
            "no_price": 17,
            "taker_side": "yes"
        },
        {
            "trade_id": "064fa458-8c66-4c56-b23e-93659e3ab91a",
            "ticker": "KXHIGHMIA-25MAR27-B82.5",
            "count": 15,
            "created_time": "2025-03-27T19:22:19.027751Z",
            "yes_price": 83,
            "no_price": 17,
            "taker_side": "yes"
        },
        {
            "trade_id": "d96916c9-9a1d-48b1-a5b2-b66f001d210c",
            "ticker": "KXHIGHMIA-25MAR27-B82.5",
            "count": 8,
            "created_time": "2025-03-27T19:22:09.446769Z",
            "yes_price": 83,
            "no_price": 17,
            "taker_side": "yes"
        },
        {
            "trade_id": "cdb143d3-4898-4511-a722-40f63bff9995",
            "ticker": "KXHIGHMIA-25MAR27-B82.5",
            "count": 15,
            "created_time": "2025-03-27T19:21:15.136882Z",
            "yes_price": 66,
            "no_price": 34,
            "taker_side": "no"
        },
        {
            "trade_id": "b5b35920-e1b6-4e5f-9f08-3515a616a997",
            "ticker": "KXHIGHMIA-25MAR27-B82.5",
            "count": 68,
            "created_time": "2025-03-27T19:21:15.136882Z",
            "yes_price": 65,
            "no_price": 35,
            "taker_side": "no"
        },
        {
            "trade_id": "1acadb46-d12b-45fb-a7fa-8845ec01d11a",
            "ticker": "KXHIGHMIA-25MAR27-B82.5",
            "count": 13,
            "created_time": "2025-03-27T19:21:15.136882Z",
            "yes_price": 66,
            "no_price": 34,
            "taker_side": "no"
        },
        {
            "trade_id": "e8ec72c5-c838-4d7e-ae75-795f704248e8",
            "ticker": "KXHIGHMIA-25MAR27-B82.5",
            "count": 6,
            "created_time": "2025-03-27T19:17:29.292069Z",
            "yes_price": 85,
            "no_price": 15,
            "taker_side": "no"
        },
        {
            "trade_id": "1d9e3e29-3592-47fb-a0a9-9951ea54d5bd",
            "ticker": "KXHIGHMIA-25MAR27-B82.5",
            "count": 1,
            "created_time": "2025-03-27T19:17:02.668296Z",
            "yes_price": 87,
            "no_price": 13,
            "taker_side": "yes"
        },
        {
            "trade_id": "19004478-33e1-4bc0-87f5-94be65c31002",
            "ticker": "KXHIGHMIA-25MAR27-B82.5",
            "count": 4,
            "created_time": "2025-03-27T19:16:23.578664Z",
            "yes_price": 82,
            "no_price": 18,
            "taker_side": "yes"
        },
        {
            "trade_id": "ba8ad3d3-4f2b-4028-83e3-636bb1b19211",
            "ticker": "KXHIGHMIA-25MAR27-B82.5",
            "count": 89,
            "created_time": "2025-03-27T19:16:23.354228Z",
            "yes_price": 65,
            "no_price": 35,
            "taker_side": "no"
        },
        {
            "trade_id": "9dcfbba8-a1c6-4407-b65e-1cddedf57928",
            "ticker": "KXHIGHMIA-25MAR27-B82.5",
            "count": 11,
            "created_time": "2025-03-27T19:16:23.354228Z",
            "yes_price": 66,
            "no_price": 34,
            "taker_side": "no"
        },
        {
            "trade_id": "044b2aa2-234b-4d5c-9cc7-49bdcbda639f",
            "ticker": "KXHIGHMIA-25MAR27-B82.5",
            "count": 10,
            "created_time": "2025-03-27T19:14:37.883032Z",
            "yes_price": 66,
            "no_price": 34,
            "taker_side": "no"
        },
        {
            "trade_id": "f9c8968c-c15f-42cd-a0c7-19b062ef3390",
            "ticker": "KXHIGHMIA-25MAR27-B82.5",
            "count": 8,
            "created_time": "2025-03-27T19:14:02.587097Z",
            "yes_price": 62,
            "no_price": 38,
            "taker_side": "no"
        },
        {
            "trade_id": "e67aba24-9c43-403b-aecb-dc42644f2591",
            "ticker": "KXHIGHMIA-25MAR27-B82.5",
            "count": 4,
            "created_time": "2025-03-27T19:13:10.409828Z",
            "yes_price": 80,
            "no_price": 20,
            "taker_side": "no"
        },
        {
            "trade_id": "a78d19ae-df93-4eaa-b382-c800adea2ad1",
            "ticker": "KXHIGHMIA-25MAR27-B82.5",
            "count": 199,
            "created_time": "2025-03-27T19:13:10.409828Z",
            "yes_price": 80,
            "no_price": 20,
            "taker_side": "no"
        },
        {
            "trade_id": "8b1e00c4-6a17-485c-ad76-f103f3f4094d",
            "ticker": "KXHIGHMIA-25MAR27-B82.5",
            "count": 192,
            "created_time": "2025-03-27T19:13:10.409828Z",
            "yes_price": 80,
            "no_price": 20,
            "taker_side": "no"
        },
        {
            "trade_id": "b6314667-68c1-439b-82a7-139f37efba7c",
            "ticker": "KXHIGHMIA-25MAR27-B82.5",
            "count": 3,
            "created_time": "2025-03-27T19:09:48.659803Z",
            "yes_price": 76,
            "no_price": 24,
            "taker_side": "no"
        },
        {
            "trade_id": "4a2f2997-d5b1-4454-800b-22f1610c4d96",
            "ticker": "KXHIGHMIA-25MAR27-B82.5",
            "count": 40,
            "created_time": "2025-03-27T19:09:27.855471Z",
            "yes_price": 76,
            "no_price": 24,
            "taker_side": "no"
        },
        {
            "trade_id": "c13c7a77-e9a5-4bba-b844-d1f2cc0046b1",
            "ticker": "KXHIGHMIA-25MAR27-B82.5",
            "count": 1,
            "created_time": "2025-03-27T19:06:33.730639Z",
            "yes_price": 59,
            "no_price": 41,
            "taker_side": "no"
        },
        {
            "trade_id": "c77ff3ae-96bb-4b16-ac07-0be2369ca76b",
            "ticker": "KXHIGHMIA-25MAR27-B82.5",
            "count": 1,
            "created_time": "2025-03-27T19:06:26.782908Z",
            "yes_price": 59,
            "no_price": 41,
            "taker_side": "no"
        },
        {
            "trade_id": "cb3fc9ba-bfa5-4f83-b166-14b38b51fe8a",
            "ticker": "KXHIGHMIA-25MAR27-B82.5",
            "count": 5,
            "created_time": "2025-03-27T19:05:10.163622Z",
            "yes_price": 78,
            "no_price": 22,
            "taker_side": "yes"
        },
        {
            "trade_id": "12bff580-c758-4b3f-ba12-89136420b742",
            "ticker": "KXHIGHMIA-25MAR27-B82.5",
            "count": 6,
            "created_time": "2025-03-27T19:04:28.986604Z",
            "yes_price": 78,
            "no_price": 22,
            "taker_side": "yes"
        },
        {
            "trade_id": "e1f57811-72e1-475d-8cba-02b712d9868b",
            "ticker": "KXHIGHMIA-25MAR27-B82.5",
            "count": 6,
            "created_time": "2025-03-27T19:04:14.517088Z",
            "yes_price": 78,
            "no_price": 22,
            "taker_side": "yes"
        },
        {
            "trade_id": "88059788-eb62-49c8-8010-025232c7c8e7",
            "ticker": "KXHIGHMIA-25MAR27-B82.5",
            "count": 10,
            "created_time": "2025-03-27T19:03:07.060494Z",
            "yes_price": 65,
            "no_price": 35,
            "taker_side": "yes"
        },
        {
            "trade_id": "e90f9487-dc3c-43c5-9d29-0dcb0230f731",
            "ticker": "KXHIGHMIA-25MAR27-B82.5",
            "count": 3,
            "created_time": "2025-03-27T19:02:23.95003Z",
            "yes_price": 44,
            "no_price": 56,
            "taker_side": "no"
        },
        {
            "trade_id": "ade9156a-236d-4825-bfa9-6fb2f351b149",
            "ticker": "KXHIGHMIA-25MAR27-B82.5",
            "count": 5,
            "created_time": "2025-03-27T19:02:14.868567Z",
            "yes_price": 45,
            "no_price": 55,
            "taker_side": "no"
        },
        {
            "trade_id": "a387e04f-a659-46c9-a948-4d4584c7673a",
            "ticker": "KXHIGHMIA-25MAR27-B82.5",
            "count": 5,
            "created_time": "2025-03-27T19:02:14.868567Z",
            "yes_price": 46,
            "no_price": 54,
            "taker_side": "no"
        },
        {
            "trade_id": "4a1c3f37-8cd2-4580-adf1-c291fdfb1e1e",
            "ticker": "KXHIGHMIA-25MAR27-B82.5",
            "count": 17,
            "created_time": "2025-03-27T19:02:14.868567Z",
            "yes_price": 47,
            "no_price": 53,
            "taker_side": "no"
        },
        {
            "trade_id": "e954ba22-f537-4d41-b3b9-bf7e4e781a87",
            "ticker": "KXHIGHMIA-25MAR27-B82.5",
            "count": 12,
            "created_time": "2025-03-27T18:56:01.967495Z",
            "yes_price": 65,
            "no_price": 35,
            "taker_side": "no"
        },
        {
            "trade_id": "dc50c7c0-29cf-4024-a1b6-d0ab51a30144",
            "ticker": "KXHIGHMIA-25MAR27-B82.5",
            "count": 12,
            "created_time": "2025-03-27T18:56:01.967495Z",
            "yes_price": 66,
            "no_price": 34,
            "taker_side": "no"
        },
        {
            "trade_id": "ca5d9a46-d04d-427e-8e5f-ab35d1d57ba6",
            "ticker": "KXHIGHMIA-25MAR27-B82.5",
            "count": 6,
            "created_time": "2025-03-27T18:56:01.967495Z",
            "yes_price": 82,
            "no_price": 18,
            "taker_side": "no"
        },
        {
            "trade_id": "c4f961f0-e627-4a1c-9eb8-5bd64d281058",
            "ticker": "KXHIGHMIA-25MAR27-B82.5",
            "count": 19,
            "created_time": "2025-03-27T18:56:01.967495Z",
            "yes_price": 67,
            "no_price": 33,
            "taker_side": "no"
        },
        {
            "trade_id": "73c98cc7-74d5-4c31-91df-cc39d0e6860a",
            "ticker": "KXHIGHMIA-25MAR27-B82.5",
            "count": 18,
            "created_time": "2025-03-27T18:56:01.967495Z",
            "yes_price": 66,
            "no_price": 34,
            "taker_side": "no"
        },
        {
            "trade_id": "703fcea6-cc8a-4115-9d71-dca87cb1ff3a",
            "ticker": "KXHIGHMIA-25MAR27-B82.5",
            "count": 3,
            "created_time": "2025-03-27T18:56:01.967495Z",
            "yes_price": 60,
            "no_price": 40,
            "taker_side": "no"
        },
        {
            "trade_id": "6f9a9161-8671-482e-b731-88ac9d121333",
            "ticker": "KXHIGHMIA-25MAR27-B82.5",
            "count": 22,
            "created_time": "2025-03-27T18:56:01.967495Z",
            "yes_price": 59,
            "no_price": 41,
            "taker_side": "no"
        },
        {
            "trade_id": "290c2e78-1c14-4dbb-b5ec-77c0785cb197",
            "ticker": "KXHIGHMIA-25MAR27-B82.5",
            "count": 8,
            "created_time": "2025-03-27T18:56:01.967495Z",
            "yes_price": 81,
            "no_price": 19,
            "taker_side": "no"
        },
        {
            "trade_id": "85ff55bf-4164-4068-afb3-146cd1fdbf49",
            "ticker": "KXHIGHMIA-25MAR27-B82.5",
            "count": 95,
            "created_time": "2025-03-27T18:31:55.667255Z",
            "yes_price": 90,
            "no_price": 10,
            "taker_side": "yes"
        },
        {
            "trade_id": "5ab1f6e0-b03c-43fe-8cee-d469efd7f5a0",
            "ticker": "KXHIGHMIA-25MAR27-B82.5",
            "count": 53,
            "created_time": "2025-03-27T18:31:55.667255Z",
            "yes_price": 90,
            "no_price": 10,
            "taker_side": "yes"
        },
        {
            "trade_id": "44d0c7aa-fde8-48bf-ad89-99d9f012b814",
            "ticker": "KXHIGHMIA-25MAR27-B82.5",
            "count": 2,
            "created_time": "2025-03-27T18:31:55.667255Z",
            "yes_price": 89,
            "no_price": 11,
            "taker_side": "yes"
        },
        {
            "trade_id": "ed4390ab-5efc-4984-ae8e-ab9f9350f6c5",
            "ticker": "KXHIGHMIA-25MAR27-B82.5",
            "count": 38,
            "created_time": "2025-03-27T18:30:58.385134Z",
            "yes_price": 89,
            "no_price": 11,
            "taker_side": "yes"
        },
        {
            "trade_id": "c4bedc27-add1-4995-9939-c85e9f9a181f",
            "ticker": "KXHIGHMIA-25MAR27-B82.5",
            "count": 5,
            "created_time": "2025-03-27T18:30:58.385134Z",
            "yes_price": 90,
            "no_price": 10,
            "taker_side": "yes"
        },
        {
            "trade_id": "845a2233-74cb-42ca-9176-e5fc2824f957",
            "ticker": "KXHIGHMIA-25MAR27-B82.5",
            "count": 3,
            "created_time": "2025-03-27T18:29:01.640629Z",
            "yes_price": 89,
            "no_price": 11,
            "taker_side": "yes"
        },
        {
            "trade_id": "c32581b4-69bf-439e-b609-78abb1097578",
            "ticker": "KXHIGHMIA-25MAR27-B82.5",
            "count": 41,
            "created_time": "2025-03-27T18:28:43.719056Z",
            "yes_price": 89,
            "no_price": 11,
            "taker_side": "yes"
        },
        {
            "trade_id": "af4344a8-56e6-47df-a32c-cf8118876c8a",
            "ticker": "KXHIGHMIA-25MAR27-B82.5",
            "count": 3,
            "created_time": "2025-03-27T18:28:43.719056Z",
            "yes_price": 88,
            "no_price": 12,
            "taker_side": "yes"
        },
        {
            "trade_id": "8803cf81-51bb-4dc0-9bfe-ff20962ce60d",
            "ticker": "KXHIGHMIA-25MAR27-B82.5",
            "count": 6,
            "created_time": "2025-03-27T18:28:43.719056Z",
            "yes_price": 88,
            "no_price": 12,
            "taker_side": "yes"
        },
        {
            "trade_id": "f802b7b9-09be-4d9b-a584-b20c2d66aa65",
            "ticker": "KXHIGHMIA-25MAR27-B82.5",
            "count": 11,
            "created_time": "2025-03-27T18:07:40.702464Z",
            "yes_price": 78,
            "no_price": 22,
            "taker_side": "no"
        },
        {
            "trade_id": "e27db317-de33-41c5-81c8-d44979a684a0",
            "ticker": "KXHIGHMIA-25MAR27-B82.5",
            "count": 6,
            "created_time": "2025-03-27T18:07:40.702464Z",
            "yes_price": 77,
            "no_price": 23,
            "taker_side": "no"
        },
        {
            "trade_id": "b2eac622-6476-4b27-8cb8-d9c293db95b0",
            "ticker": "KXHIGHMIA-25MAR27-B82.5",
            "count": 18,
            "created_time": "2025-03-27T18:07:40.702464Z",
            "yes_price": 76,
            "no_price": 24,
            "taker_side": "no"
        },
        {
            "trade_id": "2d14c81e-f70f-4d3d-a9f8-1ac25b391867",
            "ticker": "KXHIGHMIA-25MAR27-B82.5",
            "count": 2,
            "created_time": "2025-03-27T18:07:40.702464Z",
            "yes_price": 82,
            "no_price": 18,
            "taker_side": "no"
        },
        {
            "trade_id": "12ba7c49-78f5-400e-ae9b-033189ddd554",
            "ticker": "KXHIGHMIA-25MAR27-B82.5",
            "count": 5,
            "created_time": "2025-03-27T18:07:40.702464Z",
            "yes_price": 83,
            "no_price": 17,
            "taker_side": "no"
        },
        {
            "trade_id": "e831f319-a213-4a9d-933a-0f5c2ed8044a",
            "ticker": "KXHIGHMIA-25MAR27-B82.5",
            "count": 2,
            "created_time": "2025-03-27T18:00:52.598556Z",
            "yes_price": 89,
            "no_price": 11,
            "taker_side": "yes"
        },
        {
            "trade_id": "93d11dbd-cd3d-4af0-94c6-fea366aa8471",
            "ticker": "KXHIGHMIA-25MAR27-B82.5",
            "count": 24,
            "created_time": "2025-03-27T17:58:34.789506Z",
            "yes_price": 89,
            "no_price": 11,
            "taker_side": "no"
        },
        {
            "trade_id": "cf54d710-c2ca-425e-97a0-87f2267c9c63",
            "ticker": "KXHIGHMIA-25MAR27-B82.5",
            "count": 50,
            "created_time": "2025-03-27T17:58:34.731383Z",
            "yes_price": 89,
            "no_price": 11,
            "taker_side": "yes"
        },
        {
            "trade_id": "8b6fc6c8-cb85-40e7-850f-0438a6968c5e",
            "ticker": "KXHIGHMIA-25MAR27-B82.5",
            "count": 21,
            "created_time": "2025-03-27T17:58:21.332225Z",
            "yes_price": 88,
            "no_price": 12,
            "taker_side": "no"
        },
        {
            "trade_id": "720c37ec-dc17-4bd1-91ba-2c45ecab2ee3",
            "ticker": "KXHIGHMIA-25MAR27-B82.5",
            "count": 19,
            "created_time": "2025-03-27T17:58:17.924397Z",
            "yes_price": 87,
            "no_price": 13,
            "taker_side": "yes"
        },
        {
            "trade_id": "51c8eb39-85e1-4cd4-83de-491e34aa655c",
            "ticker": "KXHIGHMIA-25MAR27-B82.5",
            "count": 4,
            "created_time": "2025-03-27T17:57:46.007982Z",
            "yes_price": 87,
            "no_price": 13,
            "taker_side": "yes"
        },
        {
            "trade_id": "ea5864cc-f620-4ad8-bda2-f098ca3faf30",
            "ticker": "KXHIGHMIA-25MAR27-B82.5",
            "count": 6,
            "created_time": "2025-03-27T17:57:23.606295Z",
            "yes_price": 87,
            "no_price": 13,
            "taker_side": "yes"
        },
        {
            "trade_id": "483ba7d1-a23d-4611-9888-fbb970f8074f",
            "ticker": "KXHIGHMIA-25MAR27-B82.5",
            "count": 4,
            "created_time": "2025-03-27T17:56:00.285882Z",
            "yes_price": 87,
            "no_price": 13,
            "taker_side": "yes"
        },
        {
            "trade_id": "25a98907-869f-43ef-b1e1-c4b7cbee2b27",
            "ticker": "KXHIGHMIA-25MAR27-B82.5",
            "count": 17,
            "created_time": "2025-03-27T17:53:32.166733Z",
            "yes_price": 87,
            "no_price": 13,
            "taker_side": "yes"
        },
        {
            "trade_id": "2399cf2a-55c7-49c1-89fe-f01668a06d9b",
            "ticker": "KXHIGHMIA-25MAR27-B82.5",
            "count": 1,
            "created_time": "2025-03-27T17:48:51.548458Z",
            "yes_price": 84,
            "no_price": 16,
            "taker_side": "yes"
        },
        {
            "trade_id": "41531711-2efb-4f33-98a9-4b115f880ca1",
            "ticker": "KXHIGHMIA-25MAR27-B82.5",
            "count": 16,
            "created_time": "2025-03-27T17:43:57.556253Z",
            "yes_price": 78,
            "no_price": 22,
            "taker_side": "no"
        },
        {
            "trade_id": "3bc460ac-f714-4305-b5c5-bfa72921a38c",
            "ticker": "KXHIGHMIA-25MAR27-B82.5",
            "count": 5,
            "created_time": "2025-03-27T17:43:57.556253Z",
            "yes_price": 78,
            "no_price": 22,
            "taker_side": "no"
        },
        {
            "trade_id": "976d069b-1668-4aec-ae49-74e939d2c8e2",
            "ticker": "KXHIGHMIA-25MAR27-B82.5",
            "count": 183,
            "created_time": "2025-03-27T17:43:37.045774Z",
            "yes_price": 85,
            "no_price": 15,
            "taker_side": "yes"
        },
        {
            "trade_id": "68b5daea-3573-40ff-a27f-2ddd0b22ad77",
            "ticker": "KXHIGHMIA-25MAR27-B82.5",
            "count": 44,
            "created_time": "2025-03-27T17:43:37.045774Z",
            "yes_price": 83,
            "no_price": 17,
            "taker_side": "yes"
        },
        {
            "trade_id": "35da0495-ae1e-4ba3-81d1-7aa94e27b2b6",
            "ticker": "KXHIGHMIA-25MAR27-B82.5",
            "count": 6,
            "created_time": "2025-03-27T17:42:52.109921Z",
            "yes_price": 83,
            "no_price": 17,
            "taker_side": "yes"
        },
        {
            "trade_id": "ec3b450c-f41c-4bbe-b154-59e6c786d73e",
            "ticker": "KXHIGHMIA-25MAR27-B82.5",
            "count": 25,
            "created_time": "2025-03-27T17:37:28.376171Z",
            "yes_price": 81,
            "no_price": 19,
            "taker_side": "yes"
        },
        {
            "trade_id": "7e40c4e9-fa4f-4371-9092-e950b6187b9d",
            "ticker": "KXHIGHMIA-25MAR27-B82.5",
            "count": 1,
            "created_time": "2025-03-27T17:37:28.376171Z",
            "yes_price": 80,
            "no_price": 20,
            "taker_side": "yes"
        },
        {
            "trade_id": "9a5838e6-4715-4a13-94fc-4f690cb51613",
            "ticker": "KXHIGHMIA-25MAR27-B82.5",
            "count": 38,
            "created_time": "2025-03-27T17:35:50.254252Z",
            "yes_price": 75,
            "no_price": 25,
            "taker_side": "no"
        },
        {
            "trade_id": "1ad0b687-db4e-47de-9b6f-f69ae7f8750d",
            "ticker": "KXHIGHMIA-25MAR27-B82.5",
            "count": 7,
            "created_time": "2025-03-27T17:35:38.007162Z",
            "yes_price": 75,
            "no_price": 25,
            "taker_side": "no"
        },
        {
            "trade_id": "0be986ae-fbb9-4843-be61-e5010dd32596",
            "ticker": "KXHIGHMIA-25MAR27-B82.5",
            "count": 31,
            "created_time": "2025-03-27T17:35:38.007162Z",
            "yes_price": 75,
            "no_price": 25,
            "taker_side": "no"
        },
        {
            "trade_id": "f8a06d97-827c-417a-859e-8010e2974e54",
            "ticker": "KXHIGHMIA-25MAR27-B82.5",
            "count": 1,
            "created_time": "2025-03-27T17:29:03.705484Z",
            "yes_price": 78,
            "no_price": 22,
            "taker_side": "yes"
        },
        {
            "trade_id": "51abde99-fe63-4c83-8031-82ba136fe068",
            "ticker": "KXHIGHMIA-25MAR27-B82.5",
