{
    "KXHIGHDEN-24NOV26-T49": [
        {
            "trade_id": "d2271267-e925-4229-9330-27bbcc4fcff9",
            "ticker": "KXHIGHDEN-24NOV26-T49",
            "count": 2337,
            "created_time": "2024-11-27T06:31:21.780976Z",
            "yes_price": 1,
            "no_price": 99,
            "taker_side": "yes"
        },
        {
            "trade_id": "4ef29360-1c5e-4796-99eb-ef21e7e7b004",
            "ticker": "KXHIGHDEN-24NOV26-T49",
            "count": 150,
            "created_time": "2024-11-27T05:56:30.53698Z",
            "yes_price": 1,
            "no_price": 99,
            "taker_side": "yes"
        },
        {
            "trade_id": "ce8a67e3-24fa-430a-ba4e-98d0203180b1",
            "ticker": "KXHIGHDEN-24NOV26-T49",
            "count": 410,
            "created_time": "2024-11-27T05:56:08.520723Z",
            "yes_price": 1,
            "no_price": 99,
            "taker_side": "yes"
        },
        {
            "trade_id": "2305cf35-75fc-41f5-8306-3f179cac2395",
            "ticker": "KXHIGHDEN-24NOV26-T49",
            "count": 890,
            "created_time": "2024-11-27T05:56:08.520723Z",
            "yes_price": 1,
            "no_price": 99,
            "taker_side": "yes"
        },
        {
            "trade_id": "e3475234-2491-46ea-8792-017653481b67",
            "ticker": "KXHIGHDEN-24NOV26-T49",
            "count": 495,
            "created_time": "2024-11-27T05:54:42.589353Z",
            "yes_price": 1,
            "no_price": 99,
            "taker_side": "yes"
        },
        {
            "trade_id": "8c991069-53a1-44c7-a948-97195d26528c",
            "ticker": "KXHIGHDEN-24NOV26-T49",
            "count": 1000,
            "created_time": "2024-11-27T05:54:42.589353Z",
            "yes_price": 1,
            "no_price": 99,
            "taker_side": "yes"
        },
        {
            "trade_id": "88d0c072-3ed3-41f4-95c0-4d69111abeb8",
            "ticker": "KXHIGHDEN-24NOV26-T49",
            "count": 109,
            "created_time": "2024-11-27T05:54:42.589353Z",
            "yes_price": 1,
            "no_price": 99,
            "taker_side": "yes"
        },
        {
            "trade_id": "748add73-dc96-4556-a9fb-19d407d97138",
            "ticker": "KXHIGHDEN-24NOV26-T49",
            "count": 426,
            "created_time": "2024-11-27T05:54:42.589353Z",
            "yes_price": 1,
            "no_price": 99,
            "taker_side": "yes"
        },
        {
            "trade_id": "bc431268-0c38-48f8-a0dd-eec69032ebfc",
            "ticker": "KXHIGHDEN-24NOV26-T49",
            "count": 101,
            "created_time": "2024-11-26T14:18:01.268253Z",
            "yes_price": 1,
            "no_price": 99,
            "taker_side": "no"
        },
        {
            "trade_id": "44783063-cabe-4da1-8101-fd7d017be235",
            "ticker": "KXHIGHDEN-24NOV26-T49",
            "count": 284,
            "created_time": "2024-11-26T14:18:01.268253Z",
            "yes_price": 1,
            "no_price": 99,
            "taker_side": "no"
        },
        {
            "trade_id": "fcad517f-8dc9-4251-bd2f-20f021b195b3",
            "ticker": "KXHIGHDEN-24NOV26-T49",
            "count": 197,
            "created_time": "2024-11-26T13:01:49.723677Z",
            "yes_price": 2,
            "no_price": 98,
            "taker_side": "no"
        },
        {
            "trade_id": "fbfdb6ac-af68-4c28-adc3-c0816d02935a",
            "ticker": "KXHIGHDEN-24NOV26-T49",
            "count": 100,
            "created_time": "2024-11-26T13:01:49.723677Z",
            "yes_price": 1,
            "no_price": 99,
            "taker_side": "no"
        },
        {
            "trade_id": "ddb65f55-9f94-460d-b195-2eec5cbf2957",
            "ticker": "KXHIGHDEN-24NOV26-T49",
            "count": 1000,
            "created_time": "2024-11-26T13:01:49.723677Z",
            "yes_price": 1,
            "no_price": 99,
            "taker_side": "no"
        },
        {
            "trade_id": "6c1cf48b-4c26-48ae-87cb-9b76e363d3d5",
            "ticker": "KXHIGHDEN-24NOV26-T49",
            "count": 120,
            "created_time": "2024-11-26T13:01:49.723677Z",
            "yes_price": 1,
            "no_price": 99,
            "taker_side": "no"
        },
        {
            "trade_id": "60189a1c-6e12-4c51-b89d-1d7c838be070",
            "ticker": "KXHIGHDEN-24NOV26-T49",
            "count": 300,
            "created_time": "2024-11-26T13:01:49.723677Z",
            "yes_price": 1,
            "no_price": 99,
            "taker_side": "no"
        },
        {
            "trade_id": "1043ed65-e2f9-4c3a-b311-fce387416b2a",
            "ticker": "KXHIGHDEN-24NOV26-T49",
            "count": 1000,
            "created_time": "2024-11-26T13:01:49.723677Z",
            "yes_price": 1,
            "no_price": 99,
            "taker_side": "no"
        },
        {
            "trade_id": "7cf505dd-7e29-4d17-b435-829162c566b6",
            "ticker": "KXHIGHDEN-24NOV26-T49",
            "count": 10,
            "created_time": "2024-11-26T07:40:22.536362Z",
            "yes_price": 3,
            "no_price": 97,
            "taker_side": "yes"
        },
        {
            "trade_id": "1aaac49a-04e9-4527-ad58-48857b714c36",
            "ticker": "KXHIGHDEN-24NOV26-T49",
            "count": 50,
            "created_time": "2024-11-26T07:30:04.021474Z",
            "yes_price": 2,
            "no_price": 98,
            "taker_side": "no"
        },
        {
            "trade_id": "37f1b428-ee0b-40c3-8659-61a938f7a458",
            "ticker": "KXHIGHDEN-24NOV26-T49",
            "count": 20,
            "created_time": "2024-11-26T07:26:14.10665Z",
            "yes_price": 2,
            "no_price": 98,
            "taker_side": "no"
        },
        {
            "trade_id": "fe04dc88-c2a6-4de4-8301-0cfc57ec1b0b",
            "ticker": "KXHIGHDEN-24NOV26-T49",
            "count": 100,
            "created_time": "2024-11-26T05:40:05.183109Z",
            "yes_price": 4,
            "no_price": 96,
            "taker_side": "yes"
        },
        {
            "trade_id": "a2d090d7-d950-4a07-9318-20ad8604d277",
            "ticker": "KXHIGHDEN-24NOV26-T49",
            "count": 101,
            "created_time": "2024-11-26T05:40:05.183109Z",
            "yes_price": 5,
            "no_price": 95,
            "taker_side": "yes"
        },
        {
            "trade_id": "c4f32cfa-c055-4b48-befc-169f898bcc4d",
            "ticker": "KXHIGHDEN-24NOV26-T49",
            "count": 28,
            "created_time": "2024-11-26T03:17:36.452134Z",
            "yes_price": 6,
            "no_price": 94,
            "taker_side": "yes"
        },
        {
            "trade_id": "5fe96034-3d44-4ab1-94af-77ccaa25389c",
            "ticker": "KXHIGHDEN-24NOV26-T49",
            "count": 97,
            "created_time": "2024-11-26T02:13:08.875554Z",
            "yes_price": 3,
            "no_price": 97,
            "taker_side": "no"
        },
        {
            "trade_id": "4f9ff73c-a87a-4ecc-96a7-60414bd4a5fc",
            "ticker": "KXHIGHDEN-24NOV26-T49",
            "count": 150,
            "created_time": "2024-11-26T00:14:33.207424Z",
            "yes_price": 6,
            "no_price": 94,
            "taker_side": "yes"
        },
        {
            "trade_id": "c40ff957-9ccd-47b8-8d51-3e8593a5b74b",
            "ticker": "KXHIGHDEN-24NOV26-T49",
            "count": 5,
            "created_time": "2024-11-26T00:06:53.886902Z",
            "yes_price": 6,
            "no_price": 94,
            "taker_side": "yes"
        },
        {
            "trade_id": "93c7f456-dfa6-4fbe-94d4-b10bdf959623",
            "ticker": "KXHIGHDEN-24NOV26-T49",
            "count": 156,
            "created_time": "2024-11-25T23:39:01.08559Z",
            "yes_price": 6,
            "no_price": 94,
            "taker_side": "yes"
        },
        {
            "trade_id": "bae1b641-9cef-443b-b709-3a8c456663ba",
            "ticker": "KXHIGHDEN-24NOV26-T49",
            "count": 15,
            "created_time": "2024-11-25T23:37:05.334427Z",
            "yes_price": 6,
            "no_price": 94,
            "taker_side": "yes"
        },
        {
            "trade_id": "32051c1d-8c14-4cf4-b9b5-623668be131b",
            "ticker": "KXHIGHDEN-24NOV26-T49",
            "count": 45,
            "created_time": "2024-11-25T23:15:40.457675Z",
            "yes_price": 6,
            "no_price": 94,
            "taker_side": "yes"
        },
        {
            "trade_id": "730f1751-582c-429e-929c-793f5236a2c4",
            "ticker": "KXHIGHDEN-24NOV26-T49",
            "count": 300,
            "created_time": "2024-11-25T23:08:26.798874Z",
            "yes_price": 3,
            "no_price": 97,
            "taker_side": "no"
        },
        {
            "trade_id": "06c79b20-1620-4382-90fd-42472ce4e8a3",
            "ticker": "KXHIGHDEN-24NOV26-T49",
            "count": 18,
            "created_time": "2024-11-25T23:00:22.397023Z",
            "yes_price": 8,
            "no_price": 92,
            "taker_side": "yes"
        },
        {
            "trade_id": "3af3ad88-6910-4594-bbfb-91f1744ef30d",
            "ticker": "KXHIGHDEN-24NOV26-T49",
            "count": 284,
            "created_time": "2024-11-25T22:48:09.267461Z",
            "yes_price": 4,
            "no_price": 96,
            "taker_side": "no"
        },
        {
            "trade_id": "30e81e47-1c32-48c7-be95-bb01295e780b",
            "ticker": "KXHIGHDEN-24NOV26-T49",
            "count": 8,
            "created_time": "2024-11-25T22:00:44.337348Z",
            "yes_price": 8,
            "no_price": 92,
            "taker_side": "no"
        },
        {
            "trade_id": "00e5bdcc-86e8-4ea4-8cb3-dc8796e7061a",
            "ticker": "KXHIGHDEN-24NOV26-T49",
            "count": 2,
            "created_time": "2024-11-25T21:59:51.364295Z",
            "yes_price": 8,
            "no_price": 92,
            "taker_side": "yes"
        },
        {
            "trade_id": "ec5226f3-9a35-44b2-813d-90fd58541de2",
            "ticker": "KXHIGHDEN-24NOV26-T49",
            "count": 16,
            "created_time": "2024-11-25T21:49:12.761199Z",
            "yes_price": 4,
            "no_price": 96,
            "taker_side": "no"
        },
        {
            "trade_id": "29962127-efa6-420a-b3ae-7db2d932fc94",
            "ticker": "KXHIGHDEN-24NOV26-T49",
            "count": 2,
            "created_time": "2024-11-25T21:41:58.282183Z",
            "yes_price": 5,
            "no_price": 95,
            "taker_side": "no"
        },
        {
            "trade_id": "a9fa617e-8914-462e-9fa1-a4c3d6987804",
            "ticker": "KXHIGHDEN-24NOV26-T49",
            "count": 59,
            "created_time": "2024-11-25T20:56:49.654617Z",
            "yes_price": 5,
            "no_price": 95,
            "taker_side": "no"
        },
        {
            "trade_id": "7ff7f487-2d0a-45ec-9f80-0e7deda0ba05",
            "ticker": "KXHIGHDEN-24NOV26-T49",
            "count": 37,
            "created_time": "2024-11-25T20:56:20.468848Z",
            "yes_price": 5,
            "no_price": 95,
            "taker_side": "no"
        },
        {
            "trade_id": "6b5c6185-9f74-4566-b2ff-5711caf065b3",
            "ticker": "KXHIGHDEN-24NOV26-T49",
            "count": 2,
            "created_time": "2024-11-25T20:04:53.683411Z",
            "yes_price": 5,
            "no_price": 95,
            "taker_side": "no"
        },
        {
            "trade_id": "3b1c8e58-e6eb-47d8-8c37-ffe1f20e3fe1",
            "ticker": "KXHIGHDEN-24NOV26-T49",
            "count": 101,
            "created_time": "2024-11-25T19:21:11.204948Z",
            "yes_price": 7,
            "no_price": 93,
            "taker_side": "yes"
        },
        {
            "trade_id": "2c9f58d5-ea43-4865-a8e3-deae03e42283",
            "ticker": "KXHIGHDEN-24NOV26-T49",
            "count": 100,
            "created_time": "2024-11-25T19:21:11.204948Z",
            "yes_price": 7,
            "no_price": 93,
            "taker_side": "yes"
        },
        {
            "trade_id": "5ae53109-6838-4a37-9a32-eb58e4165e61",
            "ticker": "KXHIGHDEN-24NOV26-T49",
            "count": 20,
            "created_time": "2024-11-25T15:24:46.187691Z",
            "yes_price": 9,
            "no_price": 91,
            "taker_side": "yes"
        }
    ],
    "KXHIGHDEN-24NOV26-B49.5": [
        {
            "trade_id": "bf7b2895-dffa-4a79-8e26-5426f40e6502",
            "ticker": "KXHIGHDEN-24NOV26-B49.5",
            "count": 288,
            "created_time": "2024-11-27T04:16:24.513452Z",
            "yes_price": 1,
            "no_price": 99,
            "taker_side": "yes"
        },
        {
            "trade_id": "37734981-2f50-4703-8b2e-c0003d83e2c0",
            "ticker": "KXHIGHDEN-24NOV26-B49.5",
            "count": 3,
            "created_time": "2024-11-27T00:22:43.929947Z",
            "yes_price": 1,
            "no_price": 99,
            "taker_side": "yes"
        },
        {
            "trade_id": "f2714cd3-1488-4552-897b-7a8124cd3749",
            "ticker": "KXHIGHDEN-24NOV26-B49.5",
            "count": 263,
            "created_time": "2024-11-26T17:22:19.462845Z",
            "yes_price": 1,
            "no_price": 99,
            "taker_side": "yes"
        },
        {
            "trade_id": "cdda5ab1-bac0-4b12-985b-2b690d39b39c",
            "ticker": "KXHIGHDEN-24NOV26-B49.5",
            "count": 333,
            "created_time": "2024-11-26T17:22:13.1577Z",
            "yes_price": 1,
            "no_price": 99,
            "taker_side": "no"
        },
        {
            "trade_id": "8dfe9df9-d896-48ac-b75b-dd9ef0470a6b",
            "ticker": "KXHIGHDEN-24NOV26-B49.5",
            "count": 376,
            "created_time": "2024-11-26T17:22:13.1577Z",
            "yes_price": 1,
            "no_price": 99,
            "taker_side": "no"
        },
        {
            "trade_id": "382332a6-2641-497d-97bb-815efbdfa2f9",
            "ticker": "KXHIGHDEN-24NOV26-B49.5",
            "count": 40,
            "created_time": "2024-11-26T17:22:13.1577Z",
            "yes_price": 1,
            "no_price": 99,
            "taker_side": "no"
        },
        {
            "trade_id": "0bbf2b07-b1a5-4ecb-bbf5-665458c012a1",
            "ticker": "KXHIGHDEN-24NOV26-B49.5",
            "count": 267,
            "created_time": "2024-11-26T17:22:13.1577Z",
            "yes_price": 1,
            "no_price": 99,
            "taker_side": "no"
        },
        {
            "trade_id": "1c01557c-ff3a-451a-853d-8089d01d11a7",
            "ticker": "KXHIGHDEN-24NOV26-B49.5",
            "count": 511,
            "created_time": "2024-11-26T17:22:11.541962Z",
            "yes_price": 1,
            "no_price": 99,
            "taker_side": "no"
        },
        {
            "trade_id": "9954e104-61c1-466d-8544-c756c27ce6b9",
            "ticker": "KXHIGHDEN-24NOV26-B49.5",
            "count": 113,
            "created_time": "2024-11-26T17:22:11.500055Z",
            "yes_price": 1,
            "no_price": 99,
            "taker_side": "no"
        },
        {
            "trade_id": "8cbb865a-00d9-42f5-85af-99e91090f89b",
            "ticker": "KXHIGHDEN-24NOV26-B49.5",
            "count": 262,
            "created_time": "2024-11-26T17:22:11.500055Z",
            "yes_price": 2,
            "no_price": 98,
            "taker_side": "no"
        },
        {
            "trade_id": "17fb7584-7537-40bc-8c89-982b629d14ad",
            "ticker": "KXHIGHDEN-24NOV26-B49.5",
            "count": 120,
            "created_time": "2024-11-26T17:22:11.500055Z",
            "yes_price": 1,
            "no_price": 99,
            "taker_side": "no"
        },
        {
            "trade_id": "d60fdf9a-c5e1-4b79-9c15-22a924f9a1ca",
            "ticker": "KXHIGHDEN-24NOV26-B49.5",
            "count": 40,
            "created_time": "2024-11-26T17:22:11.479309Z",
            "yes_price": 2,
            "no_price": 98,
            "taker_side": "no"
        },
        {
            "trade_id": "b30b9720-3c2a-42fc-a6b2-d9db1a501d58",
            "ticker": "KXHIGHDEN-24NOV26-B49.5",
            "count": 38,
            "created_time": "2024-11-26T17:22:11.479309Z",
            "yes_price": 2,
            "no_price": 98,
            "taker_side": "no"
        },
        {
            "trade_id": "2743eb5b-60f0-4c51-96b8-52e09a4406b7",
            "ticker": "KXHIGHDEN-24NOV26-B49.5",
            "count": 40,
            "created_time": "2024-11-26T17:22:11.479309Z",
            "yes_price": 3,
            "no_price": 97,
            "taker_side": "no"
        },
        {
            "trade_id": "f4fb7dee-96a6-40f4-b0e3-ea7080490946",
            "ticker": "KXHIGHDEN-24NOV26-B49.5",
            "count": 240,
            "created_time": "2024-11-26T17:15:51.033393Z",
            "yes_price": 4,
            "no_price": 96,
            "taker_side": "no"
        },
        {
            "trade_id": "78fd9b2c-26e2-44ee-a2de-4370255dd908",
            "ticker": "KXHIGHDEN-24NOV26-B49.5",
            "count": 93,
            "created_time": "2024-11-26T17:15:51.033393Z",
            "yes_price": 7,
            "no_price": 93,
            "taker_side": "no"
        },
        {
            "trade_id": "ef70393a-7b0f-4071-bafa-3789b014ad83",
            "ticker": "KXHIGHDEN-24NOV26-B49.5",
            "count": 7,
            "created_time": "2024-11-26T17:10:59.35308Z",
            "yes_price": 7,
            "no_price": 93,
            "taker_side": "no"
        },
        {
            "trade_id": "f8c2db67-3bb9-40f2-9717-1f979110ef6b",
            "ticker": "KXHIGHDEN-24NOV26-B49.5",
            "count": 80,
            "created_time": "2024-11-26T17:08:43.530907Z",
            "yes_price": 7,
            "no_price": 93,
            "taker_side": "no"
        },
        {
            "trade_id": "42c75094-bca9-4b33-a60a-d7d7eb1c5e45",
            "ticker": "KXHIGHDEN-24NOV26-B49.5",
            "count": 300,
            "created_time": "2024-11-26T17:08:41.864863Z",
            "yes_price": 7,
            "no_price": 93,
            "taker_side": "no"
        },
        {
            "trade_id": "93893d3a-ef2e-4e88-8bea-4b6e5b784acd",
            "ticker": "KXHIGHDEN-24NOV26-B49.5",
            "count": 119,
            "created_time": "2024-11-26T17:01:35.934542Z",
            "yes_price": 7,
            "no_price": 93,
            "taker_side": "no"
        },
        {
            "trade_id": "dc1fd603-6660-4681-a6b6-ca2e54accc9e",
            "ticker": "KXHIGHDEN-24NOV26-B49.5",
            "count": 17,
            "created_time": "2024-11-26T16:46:01.708374Z",
            "yes_price": 11,
            "no_price": 89,
            "taker_side": "yes"
        },
        {
            "trade_id": "52586eae-867f-4b19-8021-8569aeacd1e9",
            "ticker": "KXHIGHDEN-24NOV26-B49.5",
            "count": 16,
            "created_time": "2024-11-26T16:21:43.886097Z",
            "yes_price": 8,
            "no_price": 92,
            "taker_side": "no"
        },
        {
            "trade_id": "3a3ace95-88db-4791-9764-8fa702998617",
            "ticker": "KXHIGHDEN-24NOV26-B49.5",
            "count": 4,
            "created_time": "2024-11-26T16:21:03.128132Z",
            "yes_price": 9,
            "no_price": 91,
            "taker_side": "no"
        },
        {
            "trade_id": "f5ba5fe6-05a3-4ef8-8a03-542120aee4a4",
            "ticker": "KXHIGHDEN-24NOV26-B49.5",
            "count": 17,
            "created_time": "2024-11-26T16:08:03.300599Z",
            "yes_price": 10,
            "no_price": 90,
            "taker_side": "no"
        },
        {
            "trade_id": "15cbe5d6-9b7d-4a5f-9929-a4bf7fe26efe",
            "ticker": "KXHIGHDEN-24NOV26-B49.5",
            "count": 5,
            "created_time": "2024-11-26T16:08:03.300599Z",
            "yes_price": 9,
            "no_price": 91,
            "taker_side": "no"
        },
        {
            "trade_id": "0fb4642d-df97-4ab4-844d-09ff32480e06",
            "ticker": "KXHIGHDEN-24NOV26-B49.5",
            "count": 281,
            "created_time": "2024-11-26T16:03:50.849427Z",
            "yes_price": 10,
            "no_price": 90,
            "taker_side": "yes"
        },
        {
            "trade_id": "1138e675-e6dd-4ccd-ada1-f22c7383880d",
            "ticker": "KXHIGHDEN-24NOV26-B49.5",
            "count": 19,
            "created_time": "2024-11-26T16:03:39.0183Z",
            "yes_price": 10,
            "no_price": 90,
            "taker_side": "no"
        },
        {
            "trade_id": "4ff6d0b1-d30d-40fb-9e28-225d4724e74f",
            "ticker": "KXHIGHDEN-24NOV26-B49.5",
            "count": 10,
            "created_time": "2024-11-26T15:40:13.587144Z",
            "yes_price": 9,
            "no_price": 91,
            "taker_side": "no"
        },
        {
            "trade_id": "976ddb11-9c6f-43ab-b80d-d46e109d94a4",
            "ticker": "KXHIGHDEN-24NOV26-B49.5",
            "count": 1,
            "created_time": "2024-11-26T15:34:35.722404Z",
            "yes_price": 13,
            "no_price": 87,
            "taker_side": "yes"
        },
        {
            "trade_id": "43fc60c1-9c23-4284-93da-babfdcbbca58",
            "ticker": "KXHIGHDEN-24NOV26-B49.5",
            "count": 67,
            "created_time": "2024-11-26T15:27:59.353751Z",
            "yes_price": 8,
            "no_price": 92,
            "taker_side": "no"
        },
        {
            "trade_id": "4035e6a2-4586-4fdc-b719-c9eb2ffac765",
            "ticker": "KXHIGHDEN-24NOV26-B49.5",
            "count": 200,
            "created_time": "2024-11-26T15:15:42.92754Z",
            "yes_price": 12,
            "no_price": 88,
            "taker_side": "yes"
        },
        {
            "trade_id": "3fba55a3-9883-4fef-aafc-206c0ae3d6ac",
            "ticker": "KXHIGHDEN-24NOV26-B49.5",
            "count": 100,
            "created_time": "2024-11-26T15:15:42.92754Z",
            "yes_price": 12,
            "no_price": 88,
            "taker_side": "yes"
        },
        {
            "trade_id": "2f57fbb7-87df-449e-8953-a9b1e25b10ae",
            "ticker": "KXHIGHDEN-24NOV26-B49.5",
            "count": 10,
            "created_time": "2024-11-26T14:21:47.956656Z",
            "yes_price": 8,
            "no_price": 92,
            "taker_side": "no"
        },
        {
            "trade_id": "e999cae3-7adc-4021-9b78-95a72f654375",
            "ticker": "KXHIGHDEN-24NOV26-B49.5",
            "count": 200,
            "created_time": "2024-11-26T14:14:46.028344Z",
            "yes_price": 8,
            "no_price": 92,
            "taker_side": "no"
        },
        {
            "trade_id": "db267c45-58d6-4262-b61c-2da60176bf55",
            "ticker": "KXHIGHDEN-24NOV26-B49.5",
            "count": 63,
            "created_time": "2024-11-26T14:14:46.028344Z",
            "yes_price": 7,
            "no_price": 93,
            "taker_side": "no"
        },
        {
            "trade_id": "80bf9340-94e1-431a-b394-d15deb99dfd9",
            "ticker": "KXHIGHDEN-24NOV26-B49.5",
            "count": 50,
            "created_time": "2024-11-26T14:01:31.221898Z",
            "yes_price": 9,
            "no_price": 91,
            "taker_side": "no"
        },
        {
            "trade_id": "44d653b5-41e1-45b0-83f2-90ecb45bb523",
            "ticker": "KXHIGHDEN-24NOV26-B49.5",
            "count": 100,
            "created_time": "2024-11-26T14:01:31.221898Z",
            "yes_price": 9,
            "no_price": 91,
            "taker_side": "no"
        },
        {
            "trade_id": "22143b52-6fd7-40bb-897b-9fe2b2bae044",
            "ticker": "KXHIGHDEN-24NOV26-B49.5",
            "count": 48,
            "created_time": "2024-11-26T14:01:31.221898Z",
            "yes_price": 10,
            "no_price": 90,
            "taker_side": "no"
        },
        {
            "trade_id": "6ca9cbc3-66ca-4513-93c7-c57a39760d34",
            "ticker": "KXHIGHDEN-24NOV26-B49.5",
            "count": 2,
            "created_time": "2024-11-26T13:19:05.19134Z",
            "yes_price": 14,
            "no_price": 86,
            "taker_side": "yes"
        },
        {
            "trade_id": "644ded65-510b-45db-8236-18f160f0e8d0",
            "ticker": "KXHIGHDEN-24NOV26-B49.5",
            "count": 168,
            "created_time": "2024-11-26T13:18:21.246323Z",
            "yes_price": 14,
            "no_price": 86,
            "taker_side": "yes"
        },
        {
            "trade_id": "1ec18eec-9279-41d0-af17-8aa4c0cd3a84",
            "ticker": "KXHIGHDEN-24NOV26-B49.5",
            "count": 200,
            "created_time": "2024-11-26T13:17:52.929445Z",
            "yes_price": 13,
            "no_price": 87,
            "taker_side": "yes"
        },
        {
            "trade_id": "1d142f5c-e6a2-42eb-a08b-85b1ca9b2bb8",
            "ticker": "KXHIGHDEN-24NOV26-B49.5",
            "count": 52,
            "created_time": "2024-11-26T13:05:39.987813Z",
            "yes_price": 9,
            "no_price": 91,
            "taker_side": "yes"
        },
        {
            "trade_id": "de6eb02e-71cf-48af-b7ee-0c39df9ebe93",
            "ticker": "KXHIGHDEN-24NOV26-B49.5",
            "count": 5,
            "created_time": "2024-11-26T13:01:26.558309Z",
            "yes_price": 7,
            "no_price": 93,
            "taker_side": "no"
        },
        {
            "trade_id": "c72fb20e-0f12-42dd-9046-1fb1333ab52a",
            "ticker": "KXHIGHDEN-24NOV26-B49.5",
            "count": 100,
            "created_time": "2024-11-26T07:58:21.485948Z",
            "yes_price": 10,
            "no_price": 90,
            "taker_side": "yes"
        },
        {
            "trade_id": "f1c73258-1596-4eb9-86ac-7b65b043943c",
            "ticker": "KXHIGHDEN-24NOV26-B49.5",
            "count": 142,
            "created_time": "2024-11-26T07:40:30.566069Z",
            "yes_price": 10,
            "no_price": 90,
            "taker_side": "yes"
        },
        {
            "trade_id": "79f5d250-4536-4b5c-8700-cb7d824d5f75",
            "ticker": "KXHIGHDEN-24NOV26-B49.5",
            "count": 58,
            "created_time": "2024-11-26T07:40:30.566069Z",
            "yes_price": 10,
            "no_price": 90,
            "taker_side": "yes"
        },
        {
            "trade_id": "2cff8103-1aae-4999-88cf-7cdff3097205",
            "ticker": "KXHIGHDEN-24NOV26-B49.5",
            "count": 40,
            "created_time": "2024-11-26T07:40:30.566069Z",
            "yes_price": 10,
            "no_price": 90,
            "taker_side": "yes"
        },
        {
            "trade_id": "060654ed-c77d-4fd4-a576-71094ced8b01",
            "ticker": "KXHIGHDEN-24NOV26-B49.5",
            "count": 240,
            "created_time": "2024-11-26T07:40:30.566069Z",
            "yes_price": 11,
            "no_price": 89,
            "taker_side": "yes"
        },
        {
            "trade_id": "371a4891-dfb6-43e0-9faa-30db2c767afe",
            "ticker": "KXHIGHDEN-24NOV26-B49.5",
            "count": 50,
            "created_time": "2024-11-26T07:30:04.02749Z",
            "yes_price": 8,
            "no_price": 92,
            "taker_side": "no"
        },
        {
            "trade_id": "3be21893-c70b-4882-8806-5b528cdb2a34",
            "ticker": "KXHIGHDEN-24NOV26-B49.5",
            "count": 20,
            "created_time": "2024-11-26T07:26:14.123864Z",
            "yes_price": 8,
            "no_price": 92,
            "taker_side": "no"
        },
        {
            "trade_id": "f1a01634-5bfa-450f-b9c0-aae2692b8dc8",
            "ticker": "KXHIGHDEN-24NOV26-B49.5",
            "count": 98,
            "created_time": "2024-11-26T07:25:50.101837Z",
            "yes_price": 10,
            "no_price": 90,
            "taker_side": "yes"
        },
        {
            "trade_id": "f0c58ad2-613b-4077-b949-6218c99c1264",
            "ticker": "KXHIGHDEN-24NOV26-B49.5",
            "count": 100,
            "created_time": "2024-11-26T07:25:50.101837Z",
            "yes_price": 9,
            "no_price": 91,
            "taker_side": "yes"
        },
        {
            "trade_id": "4531b6b0-ff17-4d3c-9e4a-12f7ae743063",
            "ticker": "KXHIGHDEN-24NOV26-B49.5",
            "count": 2,
            "created_time": "2024-11-26T06:53:48.431972Z",
            "yes_price": 14,
            "no_price": 86,
            "taker_side": "yes"
        },
        {
            "trade_id": "d19fb08b-67c4-485d-a761-ed4b19d513ad",
            "ticker": "KXHIGHDEN-24NOV26-B49.5",
            "count": 33,
            "created_time": "2024-11-26T06:16:13.291362Z",
            "yes_price": 14,
            "no_price": 86,
            "taker_side": "yes"
        },
        {
            "trade_id": "e39c3c6c-d451-47cf-8960-5ad9503dadea",
            "ticker": "KXHIGHDEN-24NOV26-B49.5",
            "count": 20,
            "created_time": "2024-11-26T05:41:34.978422Z",
            "yes_price": 13,
            "no_price": 87,
            "taker_side": "yes"
        },
        {
            "trade_id": "8bff6b45-853a-49bf-8e90-47b0e668320e",
            "ticker": "KXHIGHDEN-24NOV26-B49.5",
            "count": 44,
            "created_time": "2024-11-26T05:41:34.978422Z",
            "yes_price": 14,
            "no_price": 86,
            "taker_side": "yes"
        },
        {
            "trade_id": "7ec21f0f-e14f-403c-b83e-9fc4760a9a66",
            "ticker": "KXHIGHDEN-24NOV26-B49.5",
            "count": 16,
            "created_time": "2024-11-26T05:41:34.978422Z",
            "yes_price": 14,
            "no_price": 86,
            "taker_side": "yes"
        },
        {
            "trade_id": "1d3e111e-2abb-4ea7-be47-18aefb6c857c",
            "ticker": "KXHIGHDEN-24NOV26-B49.5",
            "count": 80,
            "created_time": "2024-11-26T05:36:14.132838Z",
            "yes_price": 13,
            "no_price": 87,
            "taker_side": "yes"
        },
        {
            "trade_id": "c3b67049-0d6e-4374-b161-db9082152b30",
            "ticker": "KXHIGHDEN-24NOV26-B49.5",
            "count": 56,
            "created_time": "2024-11-26T05:33:18.655225Z",
            "yes_price": 14,
            "no_price": 86,
            "taker_side": "yes"
        },
        {
            "trade_id": "ad6fb350-e63a-430e-876f-c301215504ed",
            "ticker": "KXHIGHDEN-24NOV26-B49.5",
            "count": 11,
            "created_time": "2024-11-26T05:33:18.655225Z",
            "yes_price": 14,
            "no_price": 86,
            "taker_side": "yes"
        },
        {
            "trade_id": "b332a024-8caa-4418-bb4e-7ae36f60d3c0",
            "ticker": "KXHIGHDEN-24NOV26-B49.5",
            "count": 22,
            "created_time": "2024-11-26T05:02:04.420946Z",
            "yes_price": 9,
            "no_price": 91,
            "taker_side": "no"
        },
        {
            "trade_id": "75b7e0be-31ac-4e05-b20d-91376747175c",
            "ticker": "KXHIGHDEN-24NOV26-B49.5",
            "count": 59,
            "created_time": "2024-11-26T05:02:04.420946Z",
            "yes_price": 10,
            "no_price": 90,
            "taker_side": "no"
        },
        {
            "trade_id": "3b8118c8-7f9d-4355-844f-2d894dcd6686",
            "ticker": "KXHIGHDEN-24NOV26-B49.5",
            "count": 4,
            "created_time": "2024-11-26T03:19:17.118199Z",
            "yes_price": 14,
            "no_price": 86,
            "taker_side": "yes"
        },
        {
            "trade_id": "2091c243-4bb6-4c85-b292-204cd2ab9a05",
            "ticker": "KXHIGHDEN-24NOV26-B49.5",
            "count": 16,
            "created_time": "2024-11-26T03:18:16.822395Z",
            "yes_price": 15,
            "no_price": 85,
            "taker_side": "yes"
        },
        {
            "trade_id": "0524d09c-1a86-4795-8daf-f7fe8e0ba57a",
            "ticker": "KXHIGHDEN-24NOV26-B49.5",
            "count": 17,
            "created_time": "2024-11-26T02:36:57.253407Z",
            "yes_price": 11,
            "no_price": 89,
            "taker_side": "no"
        },
        {
            "trade_id": "f472ceb6-4307-4a83-a62c-388851bed989",
            "ticker": "KXHIGHDEN-24NOV26-B49.5",
            "count": 31,
            "created_time": "2024-11-26T02:21:31.058664Z",
            "yes_price": 15,
            "no_price": 85,
            "taker_side": "yes"
        },
        {
            "trade_id": "4afa6248-1e96-4d5f-b394-d04f2e0092d2",
            "ticker": "KXHIGHDEN-24NOV26-B49.5",
            "count": 97,
            "created_time": "2024-11-26T02:13:08.883178Z",
            "yes_price": 12,
            "no_price": 88,
            "taker_side": "no"
        },
        {
            "trade_id": "c3563566-357c-4b84-875e-9d86af84e1fc",
            "ticker": "KXHIGHDEN-24NOV26-B49.5",
            "count": 11,
            "created_time": "2024-11-26T02:08:42.812906Z",
            "yes_price": 17,
            "no_price": 83,
            "taker_side": "yes"
        },
        {
            "trade_id": "5d01a82a-2514-4387-9cb2-bbb0063ae496",
            "ticker": "KXHIGHDEN-24NOV26-B49.5",
            "count": 6,
            "created_time": "2024-11-26T02:08:42.812906Z",
            "yes_price": 18,
            "no_price": 82,
            "taker_side": "yes"
        },
        {
            "trade_id": "d1b42bf7-2482-42ab-a5ac-a9289bd29dfe",
            "ticker": "KXHIGHDEN-24NOV26-B49.5",
            "count": 52,
            "created_time": "2024-11-26T00:59:36.609513Z",
            "yes_price": 18,
            "no_price": 82,
            "taker_side": "yes"
        },
        {
            "trade_id": "0d729236-ab6f-4ac5-8d9a-0c181adc92dc",
            "ticker": "KXHIGHDEN-24NOV26-B49.5",
            "count": 9,
            "created_time": "2024-11-26T00:49:46.831193Z",
            "yes_price": 18,
            "no_price": 82,
            "taker_side": "yes"
        },
        {
            "trade_id": "bfd68b78-5e12-4e6c-9e86-b2a2c0573642",
            "ticker": "KXHIGHDEN-24NOV26-B49.5",
            "count": 100,
            "created_time": "2024-11-26T00:37:56.277783Z",
            "yes_price": 17,
            "no_price": 83,
            "taker_side": "yes"
        },
        {
            "trade_id": "d8a9f0ac-9628-47e3-90ff-9ead6342b78a",
            "ticker": "KXHIGHDEN-24NOV26-B49.5",
            "count": 3,
            "created_time": "2024-11-26T00:28:28.329692Z",
            "yes_price": 12,
            "no_price": 88,
            "taker_side": "no"
        },
        {
            "trade_id": "77fe9edf-665a-479d-a045-ae82ce3db45c",
            "ticker": "KXHIGHDEN-24NOV26-B49.5",
            "count": 132,
            "created_time": "2024-11-26T00:27:17.648146Z",
            "yes_price": 16,
            "no_price": 84,
            "taker_side": "yes"
        },
        {
            "trade_id": "350cc20c-99c5-4066-a9cf-8f0a47df52eb",
            "ticker": "KXHIGHDEN-24NOV26-B49.5",
            "count": 40,
            "created_time": "2024-11-26T00:21:15.489979Z",
            "yes_price": 16,
            "no_price": 84,
            "taker_side": "yes"
        },
        {
            "trade_id": "6e22b227-76b7-4d96-ab3a-16cc924dc02e",
            "ticker": "KXHIGHDEN-24NOV26-B49.5",
            "count": 17,
            "created_time": "2024-11-26T00:01:54.741113Z",
            "yes_price": 16,
            "no_price": 84,
            "taker_side": "yes"
        },
        {
            "trade_id": "ac4d7ad8-32db-4cc7-8ba0-92f786673a60",
            "ticker": "KXHIGHDEN-24NOV26-B49.5",
            "count": 10,
            "created_time": "2024-11-25T23:34:12.462357Z",
            "yes_price": 17,
            "no_price": 83,
            "taker_side": "yes"
        },
        {
            "trade_id": "f61510fd-a6d7-4933-906e-8ac1038179dc",
            "ticker": "KXHIGHDEN-24NOV26-B49.5",
            "count": 11,
            "created_time": "2024-11-25T23:16:15.053804Z",
            "yes_price": 16,
            "no_price": 84,
            "taker_side": "yes"
        },
        {
            "trade_id": "6f6e7e23-a6a5-40cc-8901-384e34a03181",
            "ticker": "KXHIGHDEN-24NOV26-B49.5",
            "count": 160,
            "created_time": "2024-11-25T23:10:15.355619Z",
            "yes_price": 13,
            "no_price": 87,
            "taker_side": "no"
        },
        {
            "trade_id": "fb90c4e0-712f-4687-b9e7-a69e29bd1ef1",
            "ticker": "KXHIGHDEN-24NOV26-B49.5",
            "count": 40,
            "created_time": "2024-11-25T23:07:14.252171Z",
            "yes_price": 16,
            "no_price": 84,
            "taker_side": "no"
        },
        {
            "trade_id": "7c83c6d1-507c-4dbb-b782-0ddf1003c80f",
            "ticker": "KXHIGHDEN-24NOV26-B49.5",
            "count": 100,
            "created_time": "2024-11-25T23:07:14.252171Z",
            "yes_price": 16,
            "no_price": 84,
            "taker_side": "no"
        },
        {
            "trade_id": "7434516d-bcbe-44b2-86b4-e0ae4c484f62",
            "ticker": "KXHIGHDEN-24NOV26-B49.5",
            "count": 100,
            "created_time": "2024-11-25T23:07:14.252171Z",
            "yes_price": 16,
            "no_price": 84,
            "taker_side": "no"
        },
        {
            "trade_id": "ef13a689-3fe3-4e2f-8c7c-c34652b5b84a",
            "ticker": "KXHIGHDEN-24NOV26-B49.5",
            "count": 100,
            "created_time": "2024-11-25T23:06:41.472406Z",
            "yes_price": 18,
            "no_price": 82,
            "taker_side": "yes"
        },
        {
            "trade_id": "becdac9d-a09e-4895-8153-d5acf965f459",
            "ticker": "KXHIGHDEN-24NOV26-B49.5",
            "count": 100,
            "created_time": "2024-11-25T23:06:32.117229Z",
            "yes_price": 18,
            "no_price": 82,
            "taker_side": "no"
        },
        {
            "trade_id": "40a47714-9acd-4a9c-9289-6f4ca7a77597",
            "ticker": "KXHIGHDEN-24NOV26-B49.5",
            "count": 2,
            "created_time": "2024-11-25T23:02:59.417213Z",
            "yes_price": 23,
            "no_price": 77,
            "taker_side": "yes"
        },
        {
            "trade_id": "03a4b304-1b77-4298-a0fd-54882fd4b768",
            "ticker": "KXHIGHDEN-24NOV26-B49.5",
            "count": 6,
            "created_time": "2024-11-25T23:02:59.417213Z",
            "yes_price": 19,
            "no_price": 81,
            "taker_side": "yes"
        },
        {
            "trade_id": "e64b22c3-55df-477d-91c8-303c651b06e2",
            "ticker": "KXHIGHDEN-24NOV26-B49.5",
            "count": 9,
            "created_time": "2024-11-25T22:46:37.481904Z",
            "yes_price": 20,
            "no_price": 80,
            "taker_side": "no"
        },
        {
            "trade_id": "667505d1-dd37-4e8d-b8e1-70c1c01ded93",
            "ticker": "KXHIGHDEN-24NOV26-B49.5",
            "count": 11,
            "created_time": "2024-11-25T22:39:26.277603Z",
            "yes_price": 25,
            "no_price": 75,
            "taker_side": "yes"
        },
        {
            "trade_id": "da00d2ab-fbc3-4a26-9cf8-c3b9eabf4d10",
            "ticker": "KXHIGHDEN-24NOV26-B49.5",
            "count": 45,
            "created_time": "2024-11-25T21:51:24.62822Z",
            "yes_price": 22,
            "no_price": 78,
            "taker_side": "no"
        },
        {
            "trade_id": "dafee642-af98-4744-b542-699773645fae",
            "ticker": "KXHIGHDEN-24NOV26-B49.5",
            "count": 16,
            "created_time": "2024-11-25T21:49:12.715467Z",
            "yes_price": 22,
            "no_price": 78,
            "taker_side": "no"
        },
        {
            "trade_id": "e0c18899-36a4-41f1-9c4b-3cd5d8d42ebb",
            "ticker": "KXHIGHDEN-24NOV26-B49.5",
            "count": 8,
            "created_time": "2024-11-25T21:41:58.203944Z",
            "yes_price": 27,
            "no_price": 73,
            "taker_side": "yes"
        },
        {
            "trade_id": "372c0bdc-56ad-4deb-8bcb-6688f251af87",
            "ticker": "KXHIGHDEN-24NOV26-B49.5",
            "count": 2,
            "created_time": "2024-11-25T21:41:58.203944Z",
            "yes_price": 27,
            "no_price": 73,
            "taker_side": "yes"
        },
        {
            "trade_id": "833e5b45-a053-4794-b945-c0705c4c3484",
            "ticker": "KXHIGHDEN-24NOV26-B49.5",
            "count": 59,
            "created_time": "2024-11-25T20:56:49.602045Z",
            "yes_price": 24,
            "no_price": 76,
            "taker_side": "no"
        },
        {
            "trade_id": "b27e523c-182f-4378-aa70-f0b55415e521",
            "ticker": "KXHIGHDEN-24NOV26-B49.5",
            "count": 37,
            "created_time": "2024-11-25T20:56:20.4739Z",
            "yes_price": 25,
            "no_price": 75,
            "taker_side": "no"
        },
        {
            "trade_id": "25a67db9-5f58-41bd-923f-d77ea4f28d64",
            "ticker": "KXHIGHDEN-24NOV26-B49.5",
            "count": 2,
            "created_time": "2024-11-25T20:04:53.599926Z",
            "yes_price": 30,
            "no_price": 70,
            "taker_side": "yes"
        },
        {
            "trade_id": "ed3ff8e9-43d5-4711-bd60-5e7c5d4e7730",
            "ticker": "KXHIGHDEN-24NOV26-B49.5",
            "count": 200,
            "created_time": "2024-11-25T19:18:09.593722Z",
            "yes_price": 15,
            "no_price": 85,
            "taker_side": "yes"
        },
        {
            "trade_id": "cd9e8fd7-c79a-4dcd-a6fa-8f2a8d5b40ad",
            "ticker": "KXHIGHDEN-24NOV26-B49.5",
            "count": 100,
            "created_time": "2024-11-25T19:18:09.593722Z",
            "yes_price": 14,
            "no_price": 86,
            "taker_side": "yes"
        },
        {
            "trade_id": "c7e1b90c-9b03-47f5-8edc-fe1f7fbf673d",
            "ticker": "KXHIGHDEN-24NOV26-B49.5",
            "count": 100,
            "created_time": "2024-11-25T19:18:09.593722Z",
            "yes_price": 13,
            "no_price": 87,
            "taker_side": "yes"
        },
        {
            "trade_id": "9942f95a-9bb2-44e1-af61-248294a7ceb6",
            "ticker": "KXHIGHDEN-24NOV26-B49.5",
            "count": 100,
            "created_time": "2024-11-25T19:18:09.593722Z",
            "yes_price": 14,
            "no_price": 86,
            "taker_side": "yes"
        },
        {
            "trade_id": "3758916d-968a-47b3-a2b6-2670ac600837",
            "ticker": "KXHIGHDEN-24NOV26-B49.5",
            "count": 100,
            "created_time": "2024-11-25T19:18:09.593722Z",
            "yes_price": 13,
            "no_price": 87,
            "taker_side": "yes"
        },
        {
            "trade_id": "3494dd08-e101-4d49-b8a3-4a63ff56c9b5",
            "ticker": "KXHIGHDEN-24NOV26-B49.5",
            "count": 63,
            "created_time": "2024-11-25T17:07:33.229529Z",
            "yes_price": 15,
            "no_price": 85,
            "taker_side": "no"
        },
        {
            "trade_id": "920c0492-d046-48fe-a166-4ec94dacf7ff",
            "ticker": "KXHIGHDEN-24NOV26-B49.5",
            "count": 67,
            "created_time": "2024-11-25T17:01:44.744597Z",
            "yes_price": 14,
            "no_price": 86,
            "taker_side": "yes"
        },
        {
            "trade_id": "962ce967-7bb6-4ae7-9532-e01f66c3e0bb",
            "ticker": "KXHIGHDEN-24NOV26-B49.5",
            "count": 45,
            "created_time": "2024-11-25T15:14:40.717436Z",
            "yes_price": 21,
            "no_price": 79,
            "taker_side": "yes"
        }
    ],
    "KXHIGHDEN-24NOV26-B51.5": [
        {
            "trade_id": "9935a2a1-f984-44cf-8418-d8ccc21e20cf",
            "ticker": "KXHIGHDEN-24NOV26-B51.5",
            "count": 16,
            "created_time": "2024-11-26T23:22:21.298578Z",
            "yes_price": 1,
            "no_price": 99,
            "taker_side": "yes"
        },
        {
            "trade_id": "78764826-0b16-42cb-9b3b-31a33a080e4f",
            "ticker": "KXHIGHDEN-24NOV26-B51.5",
            "count": 14,
            "created_time": "2024-11-26T22:04:11.456582Z",
            "yes_price": 1,
            "no_price": 99,
            "taker_side": "yes"
        },
        {
            "trade_id": "f6bbf65d-b2ba-4774-b5da-c8e2292a0174",
            "ticker": "KXHIGHDEN-24NOV26-B51.5",
            "count": 700,
            "created_time": "2024-11-26T19:45:16.864508Z",
            "yes_price": 1,
            "no_price": 99,
            "taker_side": "yes"
        },
        {
            "trade_id": "a779dfdb-0cdf-4325-bf89-88753621f056",
            "ticker": "KXHIGHDEN-24NOV26-B51.5",
            "count": 200,
            "created_time": "2024-11-26T18:12:02.967302Z",
            "yes_price": 1,
            "no_price": 99,
            "taker_side": "yes"
        },
        {
            "trade_id": "d476c028-3c3d-4326-8324-7578934376fe",
            "ticker": "KXHIGHDEN-24NOV26-B51.5",
            "count": 93,
            "created_time": "2024-11-26T18:10:30.085883Z",
            "yes_price": 1,
            "no_price": 99,
            "taker_side": "yes"
        },
        {
            "trade_id": "5376bc1c-22e4-42fb-b97d-b93ce20a0d8e",
            "ticker": "KXHIGHDEN-24NOV26-B51.5",
            "count": 402,
            "created_time": "2024-11-26T18:06:17.180098Z",
            "yes_price": 1,
            "no_price": 99,
            "taker_side": "yes"
        },
        {
            "trade_id": "bef70902-0154-442f-a566-937350840b0d",
            "ticker": "KXHIGHDEN-24NOV26-B51.5",
            "count": 806,
            "created_time": "2024-11-26T17:58:56.768452Z",
            "yes_price": 1,
            "no_price": 99,
            "taker_side": "yes"
        },
        {
            "trade_id": "fc5c623b-fbe0-4026-a8bd-8782873deb31",
            "ticker": "KXHIGHDEN-24NOV26-B51.5",
            "count": 14,
            "created_time": "2024-11-26T17:56:24.283483Z",
            "yes_price": 1,
            "no_price": 99,
            "taker_side": "yes"
        },
        {
            "trade_id": "42de9cd0-21d6-4f10-85d1-84bba9f762b9",
            "ticker": "KXHIGHDEN-24NOV26-B51.5",
            "count": 16,
            "created_time": "2024-11-26T17:56:24.146391Z",
            "yes_price": 1,
            "no_price": 99,
            "taker_side": "yes"
        },
        {
            "trade_id": "92d2938c-3fe4-43f7-9ee9-5d389dbd802f",
            "ticker": "KXHIGHDEN-24NOV26-B51.5",
            "count": 487,
            "created_time": "2024-11-26T17:55:39.61397Z",
            "yes_price": 1,
            "no_price": 99,
            "taker_side": "no"
        },
        {
            "trade_id": "6bd48501-46ae-445c-8dee-e0b68b00ac53",
            "ticker": "KXHIGHDEN-24NOV26-B51.5",
            "count": 56,
            "created_time": "2024-11-26T17:55:39.61397Z",
            "yes_price": 1,
            "no_price": 99,
            "taker_side": "no"
        },
        {
            "trade_id": "28d397e9-7172-44e0-9833-f44875e5f9d5",
            "ticker": "KXHIGHDEN-24NOV26-B51.5",
            "count": 28,
            "created_time": "2024-11-26T17:55:39.61397Z",
            "yes_price": 1,
            "no_price": 99,
            "taker_side": "no"
        },
        {
            "trade_id": "fa927d25-ea72-4869-8b1d-082d31bdc481",
            "ticker": "KXHIGHDEN-24NOV26-B51.5",
            "count": 4,
            "created_time": "2024-11-26T17:55:39.566815Z",
            "yes_price": 1,
            "no_price": 99,
            "taker_side": "no"
        },
        {
            "trade_id": "4ccbed13-94ba-4754-8022-cf28a7cdcfd1",
            "ticker": "KXHIGHDEN-24NOV26-B51.5",
            "count": 513,
            "created_time": "2024-11-26T17:55:39.566815Z",
            "yes_price": 1,
            "no_price": 99,
            "taker_side": "no"
        },
        {
            "trade_id": "2e7c399a-54c0-4449-873c-ca8e73f600aa",
            "ticker": "KXHIGHDEN-24NOV26-B51.5",
            "count": 40,
            "created_time": "2024-11-26T17:51:57.316444Z",
            "yes_price": 3,
            "no_price": 97,
            "taker_side": "yes"
        },
        {
            "trade_id": "55422396-a24c-4440-8205-ff109da5afe1",
            "ticker": "KXHIGHDEN-24NOV26-B51.5",
            "count": 405,
            "created_time": "2024-11-26T17:51:48.361703Z",
            "yes_price": 3,
            "no_price": 97,
            "taker_side": "yes"
        },
        {
            "trade_id": "025901fc-69bf-488f-9ce6-b59064544740",
            "ticker": "KXHIGHDEN-24NOV26-B51.5",
            "count": 106,
            "created_time": "2024-11-26T17:50:02.731477Z",
            "yes_price": 1,
            "no_price": 99,
            "taker_side": "no"
        },
        {
            "trade_id": "6c98f0d6-6008-4116-80cb-e012e7efe2be",
            "ticker": "KXHIGHDEN-24NOV26-B51.5",
            "count": 28,
            "created_time": "2024-11-26T17:49:56.022159Z",
            "yes_price": 2,
            "no_price": 98,
            "taker_side": "no"
        },
        {
            "trade_id": "5e8caef5-2ea0-4778-99d0-8b5660e6b7f2",
            "ticker": "KXHIGHDEN-24NOV26-B51.5",
            "count": 700,
            "created_time": "2024-11-26T17:47:34.695647Z",
            "yes_price": 3,
            "no_price": 97,
            "taker_side": "yes"
        },
        {
            "trade_id": "2a9b9c4f-5a36-4800-9ebd-4e5eea0472ed",
            "ticker": "KXHIGHDEN-24NOV26-B51.5",
            "count": 500,
            "created_time": "2024-11-26T17:42:27.994141Z",
            "yes_price": 3,
            "no_price": 97,
            "taker_side": "yes"
        },
        {
            "trade_id": "b19274ad-a529-4c13-abe1-fa6a396de7bc",
            "ticker": "KXHIGHDEN-24NOV26-B51.5",
            "count": 468,
            "created_time": "2024-11-26T17:40:09.26805Z",
            "yes_price": 3,
            "no_price": 97,
            "taker_side": "yes"
        },
        {
            "trade_id": "29eac5de-c375-4e77-b3e3-500a843aca07",
            "ticker": "KXHIGHDEN-24NOV26-B51.5",
            "count": 624,
            "created_time": "2024-11-26T17:38:55.546624Z",
            "yes_price": 3,
            "no_price": 97,
            "taker_side": "yes"
        },
        {
            "trade_id": "41482676-c3d0-464f-be49-5000045d4e14",
            "ticker": "KXHIGHDEN-24NOV26-B51.5",
            "count": 10,
            "created_time": "2024-11-26T17:38:01.9711Z",
            "yes_price": 1,
            "no_price": 99,
            "taker_side": "no"
        },
        {
            "trade_id": "f987913e-87bd-43b1-8a7d-bc6aa7df6593",
            "ticker": "KXHIGHDEN-24NOV26-B51.5",
            "count": 40,
            "created_time": "2024-11-26T17:37:03.118231Z",
            "yes_price": 2,
            "no_price": 98,
            "taker_side": "no"
        },
        {
            "trade_id": "3f452645-f145-4a4e-ba9d-9a75d6348b29",
            "ticker": "KXHIGHDEN-24NOV26-B51.5",
            "count": 70,
            "created_time": "2024-11-26T17:35:56.245587Z",
            "yes_price": 4,
            "no_price": 96,
            "taker_side": "yes"
        },
        {
            "trade_id": "3267682c-a6a0-46da-b30f-8a4d5f099fdd",
            "ticker": "KXHIGHDEN-24NOV26-B51.5",
            "count": 38,
            "created_time": "2024-11-26T17:30:49.90759Z",
            "yes_price": 7,
            "no_price": 93,
            "taker_side": "no"
        },
        {
            "trade_id": "7781ccf3-4a94-47a5-9036-6a1490651a2e",
            "ticker": "KXHIGHDEN-24NOV26-B51.5",
            "count": 27,
            "created_time": "2024-11-26T17:30:04.665099Z",
            "yes_price": 7,
            "no_price": 93,
            "taker_side": "no"
        },
        {
            "trade_id": "f64100e9-337e-444f-ac51-ffe0507d5e89",
            "ticker": "KXHIGHDEN-24NOV26-B51.5",
            "count": 25,
            "created_time": "2024-11-26T17:19:32.413396Z",
            "yes_price": 6,
            "no_price": 94,
            "taker_side": "no"
        },
        {
            "trade_id": "d5b00d02-74b7-458c-99e6-4946e1f6eef7",
            "ticker": "KXHIGHDEN-24NOV26-B51.5",
            "count": 40,
            "created_time": "2024-11-26T17:19:32.413396Z",
            "yes_price": 18,
            "no_price": 82,
            "taker_side": "no"
        },
        {
            "trade_id": "907e4636-4206-41bf-86a9-754dff997d18",
            "ticker": "KXHIGHDEN-24NOV26-B51.5",
            "count": 35,
            "created_time": "2024-11-26T17:19:32.413396Z",
            "yes_price": 13,
            "no_price": 87,
            "taker_side": "no"
        },
        {
            "trade_id": "51c65c77-8dba-44ea-befa-64a57b766180",
            "ticker": "KXHIGHDEN-24NOV26-B51.5",
            "count": 50,
            "created_time": "2024-11-26T17:15:54.208044Z",
            "yes_price": 16,
            "no_price": 84,
            "taker_side": "no"
        },
        {
            "trade_id": "e64a13a3-d43b-436b-acae-984511e9fb25",
            "ticker": "KXHIGHDEN-24NOV26-B51.5",
            "count": 100,
            "created_time": "2024-11-26T17:15:42.957029Z",
            "yes_price": 17,
            "no_price": 83,
            "taker_side": "no"
        },
        {
            "trade_id": "a7b89fdc-e769-4dc4-b476-0238ba7c07c0",
            "ticker": "KXHIGHDEN-24NOV26-B51.5",
            "count": 100,
            "created_time": "2024-11-26T17:15:42.957029Z",
            "yes_price": 17,
            "no_price": 83,
            "taker_side": "no"
        },
        {
            "trade_id": "6e1ab887-4a65-4a22-9ef1-44c6222ec81c",
            "ticker": "KXHIGHDEN-24NOV26-B51.5",
            "count": 200,
            "created_time": "2024-11-26T17:15:42.957029Z",
            "yes_price": 18,
            "no_price": 82,
            "taker_side": "no"
        },
        {
            "trade_id": "441cf54c-a7b1-4852-8c35-e4c0527e4e3f",
            "ticker": "KXHIGHDEN-24NOV26-B51.5",
            "count": 830,
            "created_time": "2024-11-26T17:15:42.957029Z",
            "yes_price": 17,
            "no_price": 83,
            "taker_side": "no"
        },
        {
            "trade_id": "bbdf4492-6873-4917-83fa-d8530be35914",
            "ticker": "KXHIGHDEN-24NOV26-B51.5",
            "count": 200,
            "created_time": "2024-11-26T17:13:24.824301Z",
            "yes_price": 21,
            "no_price": 79,
            "taker_side": "no"
        },
        {
            "trade_id": "d4b54956-186b-413a-a343-3317b3d57751",
            "ticker": "KXHIGHDEN-24NOV26-B51.5",
            "count": 42,
            "created_time": "2024-11-26T17:12:45.815406Z",
            "yes_price": 24,
            "no_price": 76,
            "taker_side": "yes"
        },
        {
            "trade_id": "6e6ca2f6-2822-4538-b1ff-34be110501c1",
            "ticker": "KXHIGHDEN-24NOV26-B51.5",
            "count": 2,
            "created_time": "2024-11-26T17:12:39.911416Z",
            "yes_price": 25,
            "no_price": 75,
            "taker_side": "no"
        },
        {
            "trade_id": "bcad4e3f-bf30-49f0-8360-0366688a8f60",
            "ticker": "KXHIGHDEN-24NOV26-B51.5",
            "count": 7,
            "created_time": "2024-11-26T17:10:59.349784Z",
            "yes_price": 25,
            "no_price": 75,
            "taker_side": "no"
        },
        {
            "trade_id": "c7dfa518-8a7e-45dd-b81d-d78675fc0972",
            "ticker": "KXHIGHDEN-24NOV26-B51.5",
            "count": 80,
            "created_time": "2024-11-26T17:08:43.454027Z",
            "yes_price": 32,
            "no_price": 68,
            "taker_side": "yes"
        },
        {
            "trade_id": "56dec7a5-ce4d-4805-9908-f88a326cd550",
            "ticker": "KXHIGHDEN-24NOV26-B51.5",
            "count": 80,
            "created_time": "2024-11-26T17:08:43.454027Z",
            "yes_price": 31,
            "no_price": 69,
            "taker_side": "yes"
        },
        {
            "trade_id": "e5b33c4a-c230-4ac2-a764-7e83e3bc0291",
            "ticker": "KXHIGHDEN-24NOV26-B51.5",
            "count": 54,
            "created_time": "2024-11-26T17:04:37.141656Z",
            "yes_price": 29,
            "no_price": 71,
            "taker_side": "no"
        },
        {
            "trade_id": "c585445b-d517-498c-95cb-1bb2b150c334",
            "ticker": "KXHIGHDEN-24NOV26-B51.5",
            "count": 444,
            "created_time": "2024-11-26T17:04:01.121897Z",
            "yes_price": 29,
            "no_price": 71,
            "taker_side": "no"
        },
        {
            "trade_id": "f4cf2d46-0ee2-4267-90a2-ccbe85c011f5",
            "ticker": "KXHIGHDEN-24NOV26-B51.5",
            "count": 11,
            "created_time": "2024-11-26T17:03:48.459898Z",
            "yes_price": 30,
            "no_price": 70,
            "taker_side": "no"
        },
        {
            "trade_id": "fa014d9f-d322-4985-91ad-c54452964ccd",
            "ticker": "KXHIGHDEN-24NOV26-B51.5",
            "count": 6,
            "created_time": "2024-11-26T17:01:59.039133Z",
            "yes_price": 33,
            "no_price": 67,
            "taker_side": "no"
        },
        {
            "trade_id": "ab813ea6-a8ea-408f-b9fd-ef49415eae89",
            "ticker": "KXHIGHDEN-24NOV26-B51.5",
            "count": 20,
            "created_time": "2024-11-26T17:01:59.039133Z",
            "yes_price": 32,
            "no_price": 68,
            "taker_side": "no"
        },
        {
            "trade_id": "96f58128-f120-43e1-9c2a-14b5c9bcb7ed",
            "ticker": "KXHIGHDEN-24NOV26-B51.5",
            "count": 200,
            "created_time": "2024-11-26T17:01:59.039133Z",
            "yes_price": 31,
            "no_price": 69,
            "taker_side": "no"
        },
        {
            "trade_id": "6e8aa2cc-a14b-499a-b5fd-8e2ba180a12e",
            "ticker": "KXHIGHDEN-24NOV26-B51.5",
            "count": 100,
            "created_time": "2024-11-26T17:01:59.039133Z",
            "yes_price": 33,
            "no_price": 67,
            "taker_side": "no"
        },
        {
            "trade_id": "1b57213f-3e62-488b-95b9-fa3934ef9ea0",
            "ticker": "KXHIGHDEN-24NOV26-B51.5",
            "count": 141,
            "created_time": "2024-11-26T17:01:59.039133Z",
            "yes_price": 26,
            "no_price": 74,
            "taker_side": "no"
        },
        {
            "trade_id": "14de533a-c34f-4ff6-b6e3-c4bbf001b731",
            "ticker": "KXHIGHDEN-24NOV26-B51.5",
            "count": 100,
            "created_time": "2024-11-26T17:01:59.039133Z",
            "yes_price": 32,
            "no_price": 68,
            "taker_side": "no"
        },
        {
            "trade_id": "e3682730-e279-47dc-bee3-5c7d36f44671",
            "ticker": "KXHIGHDEN-24NOV26-B51.5",
            "count": 14,
            "created_time": "2024-11-26T17:01:40.1286Z",
            "yes_price": 34,
            "no_price": 66,
            "taker_side": "yes"
        },
        {
            "trade_id": "b880492d-3679-4b5a-93be-03af27433e33",
            "ticker": "KXHIGHDEN-24NOV26-B51.5",
            "count": 81,
            "created_time": "2024-11-26T17:01:25.575045Z",
            "yes_price": 34,
            "no_price": 66,
            "taker_side": "no"
        },
        {
            "trade_id": "8172c88e-b7f5-4f19-9e79-c70a76764b3f",
            "ticker": "KXHIGHDEN-24NOV26-B51.5",
            "count": 100,
            "created_time": "2024-11-26T17:01:25.575045Z",
            "yes_price": 35,
            "no_price": 65,
            "taker_side": "no"
        },
        {
            "trade_id": "3dcc77e6-80fd-48a5-a762-905a838040e7",
            "ticker": "KXHIGHDEN-24NOV26-B51.5",
            "count": 100,
            "created_time": "2024-11-26T17:01:25.575045Z",
            "yes_price": 35,
            "no_price": 65,
            "taker_side": "no"
        },
        {
            "trade_id": "13932eca-adef-409f-914e-455b1a54f87d",
            "ticker": "KXHIGHDEN-24NOV26-B51.5",
            "count": 500,
            "created_time": "2024-11-26T16:54:02.575413Z",
            "yes_price": 41,
            "no_price": 59,
            "taker_side": "no"
        },
        {
            "trade_id": "b20b8ac2-7f03-4892-8b60-38781f5dd10e",
            "ticker": "KXHIGHDEN-24NOV26-B51.5",
            "count": 54,
            "created_time": "2024-11-26T16:52:56.515532Z",
            "yes_price": 44,
            "no_price": 56,
            "taker_side": "yes"
        },
        {
            "trade_id": "f3853c7b-8782-4b92-b102-6fdda5e9a34c",
            "ticker": "KXHIGHDEN-24NOV26-B51.5",
            "count": 16,
            "created_time": "2024-11-26T16:51:30.167143Z",
            "yes_price": 41,
            "no_price": 59,
            "taker_side": "no"
        },
        {
            "trade_id": "99177fc6-5d97-4eeb-953f-da891bd52f4e",
            "ticker": "KXHIGHDEN-24NOV26-B51.5",
            "count": 41,
            "created_time": "2024-11-26T16:45:21.430781Z",
            "yes_price": 42,
            "no_price": 58,
            "taker_side": "no"
        },
        {
            "trade_id": "8a852beb-7b90-4d6c-9258-685a069860c4",
            "ticker": "KXHIGHDEN-24NOV26-B51.5",
            "count": 1000,
            "created_time": "2024-11-26T16:42:32.994776Z",
            "yes_price": 42,
            "no_price": 58,
            "taker_side": "no"
        },
        {
            "trade_id": "e05494c3-7398-4c14-ac55-ec8b157224f0",
            "ticker": "KXHIGHDEN-24NOV26-B51.5",
            "count": 139,
            "created_time": "2024-11-26T16:42:30.083507Z",
            "yes_price": 42,
            "no_price": 58,
            "taker_side": "no"
        },
        {
            "trade_id": "1a702abf-4dd2-4cab-9bc2-42d3df77fce7",
            "ticker": "KXHIGHDEN-24NOV26-B51.5",
            "count": 10,
            "created_time": "2024-11-26T16:40:20.428645Z",
            "yes_price": 46,
            "no_price": 54,
            "taker_side": "yes"
        },
        {
            "trade_id": "d42f91ee-2fa5-4f7a-aadc-733ae01d1bca",
            "ticker": "KXHIGHDEN-24NOV26-B51.5",
            "count": 244,
            "created_time": "2024-11-26T16:36:09.780265Z",
            "yes_price": 45,
            "no_price": 55,
            "taker_side": "no"
        },
        {
            "trade_id": "ed6bf843-0430-4237-8850-03fb2bcbb859",
            "ticker": "KXHIGHDEN-24NOV26-B51.5",
            "count": 200,
            "created_time": "2024-11-26T16:35:44.048974Z",
            "yes_price": 45,
            "no_price": 55,
            "taker_side": "no"
        },
        {
            "trade_id": "d71872c4-2cbe-473f-abeb-c22d30b33d18",
            "ticker": "KXHIGHDEN-24NOV26-B51.5",
            "count": 20,
            "created_time": "2024-11-26T16:28:45.584181Z",
            "yes_price": 46,
            "no_price": 54,
            "taker_side": "yes"
        },
        {
            "trade_id": "68568472-b553-4809-81e8-6eb450c50083",
            "ticker": "KXHIGHDEN-24NOV26-B51.5",
            "count": 16,
            "created_time": "2024-11-26T16:21:43.044459Z",
            "yes_price": 44,
            "no_price": 56,
            "taker_side": "no"
        },
        {
            "trade_id": "3534ca14-b1e4-443c-adad-0ed94c36dc4a",
            "ticker": "KXHIGHDEN-24NOV26-B51.5",
            "count": 4,
            "created_time": "2024-11-26T16:21:03.133407Z",
            "yes_price": 44,
            "no_price": 56,
            "taker_side": "no"
        },
        {
            "trade_id": "512e25aa-2170-46f0-8bd2-2461999baa67",
            "ticker": "KXHIGHDEN-24NOV26-B51.5",
            "count": 60,
            "created_time": "2024-11-26T16:18:53.4709Z",
            "yes_price": 44,
            "no_price": 56,
            "taker_side": "no"
        },
        {
            "trade_id": "614d48f7-775b-45d0-bd22-cb8a2e4892a8",
            "ticker": "KXHIGHDEN-24NOV26-B51.5",
            "count": 100,
            "created_time": "2024-11-26T16:18:34.465921Z",
            "yes_price": 46,
            "no_price": 54,
            "taker_side": "no"
        },
        {
            "trade_id": "ddc6c6bd-a9b6-4c84-9d01-175e6d1b3467",
            "ticker": "KXHIGHDEN-24NOV26-B51.5",
            "count": 100,
            "created_time": "2024-11-26T16:16:57.209317Z",
            "yes_price": 47,
            "no_price": 53,
            "taker_side": "no"
        },
        {
            "trade_id": "d2ab2888-c059-450b-bcee-e123fd580902",
            "ticker": "KXHIGHDEN-24NOV26-B51.5",
            "count": 100,
            "created_time": "2024-11-26T16:12:11.932658Z",
            "yes_price": 46,
            "no_price": 54,
            "taker_side": "yes"
        },
        {
            "trade_id": "47cbd822-3887-4813-b845-eca0bf454864",
            "ticker": "KXHIGHDEN-24NOV26-B51.5",
            "count": 200,
            "created_time": "2024-11-26T16:12:11.932658Z",
            "yes_price": 45,
            "no_price": 55,
            "taker_side": "yes"
        },
        {
            "trade_id": "2f942409-2091-42b4-9e0f-074c578db79a",
            "ticker": "KXHIGHDEN-24NOV26-B51.5",
            "count": 100,
            "created_time": "2024-11-26T16:12:11.932658Z",
            "yes_price": 47,
            "no_price": 53,
            "taker_side": "yes"
        },
        {
            "trade_id": "4139d7f4-f49e-4926-9c46-7027a90aa79a",
            "ticker": "KXHIGHDEN-24NOV26-B51.5",
            "count": 8,
            "created_time": "2024-11-26T16:07:53.690338Z",
            "yes_price": 42,
            "no_price": 58,
            "taker_side": "no"
        },
        {
            "trade_id": "7ea2eadf-d37b-46fe-87f2-bea18c19e6b3",
            "ticker": "KXHIGHDEN-24NOV26-B51.5",
            "count": 69,
            "created_time": "2024-11-26T16:07:14.964373Z",
            "yes_price": 42,
            "no_price": 58,
            "taker_side": "no"
        },
        {
            "trade_id": "c2048433-247b-4b89-854c-83d70e4670d8",
            "ticker": "KXHIGHDEN-24NOV26-B51.5",
            "count": 50,
            "created_time": "2024-11-26T16:06:58.069713Z",
            "yes_price": 43,
            "no_price": 57,
            "taker_side": "no"
        },
        {
            "trade_id": "aa87bd77-70cb-4d37-bebd-abe9851f634f",
            "ticker": "KXHIGHDEN-24NOV26-B51.5",
            "count": 281,
            "created_time": "2024-11-26T16:01:59.566743Z",
            "yes_price": 45,
            "no_price": 55,
            "taker_side": "yes"
        },
        {
            "trade_id": "661c4224-d368-447b-971d-af37a795d27e",
            "ticker": "KXHIGHDEN-24NOV26-B51.5",
            "count": 119,
            "created_time": "2024-11-26T15:45:58.987832Z",
            "yes_price": 45,
            "no_price": 55,
            "taker_side": "yes"
        },
        {
            "trade_id": "35c3f6bf-810f-4eff-b767-3c707c331768",
            "ticker": "KXHIGHDEN-24NOV26-B51.5",
            "count": 100,
            "created_time": "2024-11-26T15:38:50.801007Z",
            "yes_price": 48,
            "no_price": 52,
            "taker_side": "yes"
        },
        {
            "trade_id": "037e749d-8f76-4776-809a-1c1a819cf06d",
            "ticker": "KXHIGHDEN-24NOV26-B51.5",
            "count": 1,
            "created_time": "2024-11-26T15:34:31.129046Z",
            "yes_price": 48,
            "no_price": 52,
            "taker_side": "yes"
        },
        {
            "trade_id": "2f114279-1817-40c3-a393-b3a7692e8c49",
            "ticker": "KXHIGHDEN-24NOV26-B51.5",
            "count": 10,
            "created_time": "2024-11-26T15:33:33.727312Z",
            "yes_price": 48,
            "no_price": 52,
            "taker_side": "yes"
        },
        {
            "trade_id": "1abfa3c9-ea31-4daf-8002-e796937ffe9b",
            "ticker": "KXHIGHDEN-24NOV26-B51.5",
            "count": 40,
            "created_time": "2024-11-26T15:06:20.400297Z",
            "yes_price": 42,
            "no_price": 58,
            "taker_side": "no"
        },
        {
            "trade_id": "38850527-f554-48bb-a605-13b4de1c1156",
            "ticker": "KXHIGHDEN-24NOV26-B51.5",
            "count": 41,
            "created_time": "2024-11-26T14:51:56.16889Z",
            "yes_price": 47,
            "no_price": 53,
            "taker_side": "yes"
        },
        {
            "trade_id": "ec4ed130-60c0-49b1-8ff3-4bf79287daa8",
            "ticker": "KXHIGHDEN-24NOV26-B51.5",
            "count": 20,
            "created_time": "2024-11-26T14:42:41.222085Z",
            "yes_price": 47,
            "no_price": 53,
            "taker_side": "yes"
        },
        {
            "trade_id": "32c19f3c-86c0-4cc3-8b8b-1d15898a104f",
            "ticker": "KXHIGHDEN-24NOV26-B51.5",
            "count": 10,
            "created_time": "2024-11-26T14:38:46.554352Z",
            "yes_price": 47,
            "no_price": 53,
            "taker_side": "yes"
        },
        {
            "trade_id": "e5cd997f-40ae-4178-ac1b-3306b8434186",
            "ticker": "KXHIGHDEN-24NOV26-B51.5",
            "count": 10,
            "created_time": "2024-11-26T14:36:50.017883Z",
            "yes_price": 47,
            "no_price": 53,
            "taker_side": "yes"
        },
        {
            "trade_id": "d7f3c9dd-f700-42c8-8bb8-dfd94c2df973",
            "ticker": "KXHIGHDEN-24NOV26-B51.5",
            "count": 10,
            "created_time": "2024-11-26T14:28:02.832246Z",
            "yes_price": 48,
            "no_price": 52,
            "taker_side": "no"
        },
        {
            "trade_id": "9709d570-c21a-4896-8019-e9ea2260f3c5",
            "ticker": "KXHIGHDEN-24NOV26-B51.5",
            "count": 10,
            "created_time": "2024-11-26T14:21:47.820135Z",
            "yes_price": 47,
            "no_price": 53,
            "taker_side": "yes"
        },
        {
            "trade_id": "9d717037-0849-4856-ad90-8341ece03e34",
            "ticker": "KXHIGHDEN-24NOV26-B51.5",
            "count": 170,
            "created_time": "2024-11-26T13:53:00.597991Z",
            "yes_price": 43,
            "no_price": 57,
            "taker_side": "no"
        },
        {
            "trade_id": "e38de16f-9a3b-4904-b1d9-ad81c5209747",
            "ticker": "KXHIGHDEN-24NOV26-B51.5",
            "count": 80,
            "created_time": "2024-11-26T13:52:44.701809Z",
            "yes_price": 49,
            "no_price": 51,
            "taker_side": "yes"
        },
        {
            "trade_id": "8016f6fa-0b79-49a5-954f-7e00acce90da",
            "ticker": "KXHIGHDEN-24NOV26-B51.5",
            "count": 20,
            "created_time": "2024-11-26T13:52:44.701809Z",
            "yes_price": 44,
            "no_price": 56,
            "taker_side": "yes"
        },
        {
            "trade_id": "63f94e15-6baa-45c3-a55a-729a3eee4949",
            "ticker": "KXHIGHDEN-24NOV26-B51.5",
            "count": 3,
            "created_time": "2024-11-26T13:46:51.24597Z",
            "yes_price": 49,
            "no_price": 51,
            "taker_side": "yes"
        },
        {
            "trade_id": "16611f6e-42d6-43ca-8aa7-e3267a014b1d",
            "ticker": "KXHIGHDEN-24NOV26-B51.5",
            "count": 6,
            "created_time": "2024-11-26T13:46:51.24597Z",
            "yes_price": 49,
            "no_price": 51,
            "taker_side": "yes"
        },
        {
            "trade_id": "6d6c4c22-cd27-446f-970f-2cf88fc328af",
            "ticker": "KXHIGHDEN-24NOV26-B51.5",
            "count": 50,
            "created_time": "2024-11-26T13:41:58.012343Z",
            "yes_price": 48,
            "no_price": 52,
            "taker_side": "yes"
        },
        {
            "trade_id": "4a5d3877-5b98-4147-8e5f-367ba5674701",
            "ticker": "KXHIGHDEN-24NOV26-B51.5",
            "count": 3,
            "created_time": "2024-11-26T13:38:38.852865Z",
            "yes_price": 48,
            "no_price": 52,
            "taker_side": "yes"
        },
        {
            "trade_id": "b9ab7ead-acf3-47c5-aac9-206306a29741",
            "ticker": "KXHIGHDEN-24NOV26-B51.5",
            "count": 111,
            "created_time": "2024-11-26T13:05:14.977243Z",
            "yes_price": 45,
            "no_price": 55,
            "taker_side": "yes"
        },
        {
            "trade_id": "3062183f-45c5-47a6-a55a-34bcb848d537",
            "ticker": "KXHIGHDEN-24NOV26-B51.5",
            "count": 63,
            "created_time": "2024-11-26T13:05:14.977243Z",
            "yes_price": 47,
            "no_price": 53,
            "taker_side": "yes"
        },
        {
            "trade_id": "24e81344-3296-4bee-8976-3713ba79f26d",
            "ticker": "KXHIGHDEN-24NOV26-B51.5",
            "count": 100,
            "created_time": "2024-11-26T13:05:14.977243Z",
            "yes_price": 46,
            "no_price": 54,
            "taker_side": "yes"
        },
        {
            "trade_id": "0f9afbb1-6933-48d7-863d-b8578d80dc10",
            "ticker": "KXHIGHDEN-24NOV26-B51.5",
            "count": 78,
            "created_time": "2024-11-26T13:00:53.06883Z",
            "yes_price": 45,
            "no_price": 55,
            "taker_side": "no"
        },
        {
            "trade_id": "c7a76320-fe7f-45d2-90c6-58de9f425b93",
            "ticker": "KXHIGHDEN-24NOV26-B51.5",
            "count": 200,
            "created_time": "2024-11-26T13:00:53.030789Z",
            "yes_price": 45,
            "no_price": 55,
            "taker_side": "no"
        },
        {
            "trade_id": "baa30938-b114-4d59-91a2-8378df1d9774",
            "ticker": "KXHIGHDEN-24NOV26-B51.5",
            "count": 100,
            "created_time": "2024-11-26T13:00:52.989158Z",
            "yes_price": 45,
            "no_price": 55,
            "taker_side": "no"
        },
        {
            "trade_id": "b2ecda89-3565-4171-8088-a757845d6b77",
            "ticker": "KXHIGHDEN-24NOV26-B51.5",
            "count": 100,
            "created_time": "2024-11-26T07:59:02.988396Z",
            "yes_price": 34,
            "no_price": 66,
            "taker_side": "yes"
        },
        {
            "trade_id": "080c9796-245a-4837-b7e4-237098868f67",
            "ticker": "KXHIGHDEN-24NOV26-B51.5",
            "count": 39,
            "created_time": "2024-11-26T07:59:02.988396Z",
            "yes_price": 35,
            "no_price": 65,
            "taker_side": "yes"
        },
        {
            "trade_id": "627714d9-b3d4-4523-876e-aebd5a026f66",
            "ticker": "KXHIGHDEN-24NOV26-B51.5",
            "count": 100,
            "created_time": "2024-11-26T07:54:37.681737Z",
            "yes_price": 33,
            "no_price": 67,
            "taker_side": "no"
        },
        {
            "trade_id": "373bdf48-1d35-4b60-88d3-ade4051f0e18",
            "ticker": "KXHIGHDEN-24NOV26-B51.5",
            "count": 10,
            "created_time": "2024-11-26T07:53:59.324814Z",
            "yes_price": 33,
            "no_price": 67,
            "taker_side": "no"
        },
        {
            "trade_id": "6eaf01e5-5d2a-40b5-ac74-dcd4dfd8f4eb",
            "ticker": "KXHIGHDEN-24NOV26-B51.5",
            "count": 100,
            "created_time": "2024-11-26T07:30:46.061001Z",
            "yes_price": 33,
            "no_price": 67,
            "taker_side": "no"
        },
        {
            "trade_id": "9ace00dd-65fb-4ae5-8809-0e7e3fc55fee",
            "ticker": "KXHIGHDEN-24NOV26-B51.5",
            "count": 50,
            "created_time": "2024-11-26T07:30:03.841137Z",
            "yes_price": 33,
            "no_price": 67,
            "taker_side": "yes"
        },
        {
            "trade_id": "99829526-ab18-45d0-99dd-20cddc201975",
            "ticker": "KXHIGHDEN-24NOV26-B51.5",
            "count": 57,
            "created_time": "2024-11-26T07:30:03.841137Z",
            "yes_price": 33,
            "no_price": 67,
            "taker_side": "yes"
        },
        {
            "trade_id": "1974392a-74c0-40ca-a4fa-5ccb3c833cd3",
            "ticker": "KXHIGHDEN-24NOV26-B51.5",
            "count": 43,
            "created_time": "2024-11-26T07:30:03.841137Z",
            "yes_price": 33,
            "no_price": 67,
            "taker_side": "yes"
        },
        {
            "trade_id": "7e794843-7daa-4c72-8ac9-fe311cc7d292",
            "ticker": "KXHIGHDEN-24NOV26-B51.5",
            "count": 20,
            "created_time": "2024-11-26T07:26:14.120864Z",
            "yes_price": 31,
            "no_price": 69,
            "taker_side": "no"
        },
        {
            "trade_id": "2a50053d-c0bc-43e0-913b-49ec277b93c2",
            "ticker": "KXHIGHDEN-24NOV26-B51.5",
            "count": 57,
            "created_time": "2024-11-26T07:26:02.749432Z",
            "yes_price": 33,
            "no_price": 67,
            "taker_side": "yes"
        },
        {
            "trade_id": "2816179f-1018-4a74-88a3-48b4052c3670",
            "ticker": "KXHIGHDEN-24NOV26-B51.5",
            "count": 100,
            "created_time": "2024-11-26T07:06:46.16119Z",
            "yes_price": 30,
            "no_price": 70,
            "taker_side": "no"
        },
        {
            "trade_id": "6ae23c7a-364f-4a0e-bdd0-8a56515dc894",
            "ticker": "KXHIGHDEN-24NOV26-B51.5",
            "count": 67,
            "created_time": "2024-11-26T07:06:46.082491Z",
            "yes_price": 30,
            "no_price": 70,
            "taker_side": "no"
        },
        {
            "trade_id": "0f73aa66-47e4-4c97-9dae-3ed14b84dfe5",
            "ticker": "KXHIGHDEN-24NOV26-B51.5",
            "count": 33,
            "created_time": "2024-11-26T07:06:46.082491Z",
            "yes_price": 31,
            "no_price": 69,
            "taker_side": "no"
        },
        {
            "trade_id": "4b33f9cf-7af3-4ebb-98f2-4ac58f60228f",
            "ticker": "KXHIGHDEN-24NOV26-B51.5",
            "count": 1,
            "created_time": "2024-11-26T06:53:32.311759Z",
            "yes_price": 36,
            "no_price": 64,
            "taker_side": "yes"
        },
        {
            "trade_id": "c6edd44f-08b1-43cd-9871-dc05f4d96f60",
            "ticker": "KXHIGHDEN-24NOV26-B51.5",
            "count": 1,
            "created_time": "2024-11-26T06:52:44.490707Z",
            "yes_price": 35,
            "no_price": 65,
            "taker_side": "no"
        },
        {
            "trade_id": "a1738bd4-c39d-4030-b707-9777a989f9eb",
            "ticker": "KXHIGHDEN-24NOV26-B51.5",
            "count": 18,
            "created_time": "2024-11-26T06:17:03.475726Z",
            "yes_price": 35,
            "no_price": 65,
            "taker_side": "yes"
        },
        {
            "trade_id": "37374ecf-3fb2-45f4-82cd-cc55d7cc49d5",
            "ticker": "KXHIGHDEN-24NOV26-B51.5",
            "count": 9,
            "created_time": "2024-11-26T06:17:03.475726Z",
            "yes_price": 34,
            "no_price": 66,
            "taker_side": "yes"
        },
        {
            "trade_id": "571bf327-7853-4ab6-8e7d-0a5262a03a7a",
            "ticker": "KXHIGHDEN-24NOV26-B51.5",
            "count": 28,
            "created_time": "2024-11-26T06:12:04.165181Z",
            "yes_price": 34,
            "no_price": 66,
            "taker_side": "yes"
        },
        {
            "trade_id": "ed15065b-62fe-495b-a4b2-11b84d167b4d",
            "ticker": "KXHIGHDEN-24NOV26-B51.5",
            "count": 25,
            "created_time": "2024-11-26T06:08:05.805479Z",
            "yes_price": 34,
            "no_price": 66,
            "taker_side": "yes"
        },
        {
            "trade_id": "fa2348ea-d7b1-4188-af84-452690b9160b",
            "ticker": "KXHIGHDEN-24NOV26-B51.5",
            "count": 2,
            "created_time": "2024-11-26T05:36:30.510988Z",
            "yes_price": 34,
            "no_price": 66,
            "taker_side": "yes"
        },
        {
            "trade_id": "42c8ce03-586a-47b0-af11-b2ee4a5fddd8",
            "ticker": "KXHIGHDEN-24NOV26-B51.5",
            "count": 38,
            "created_time": "2024-11-26T05:36:30.510988Z",
            "yes_price": 34,
            "no_price": 66,
            "taker_side": "yes"
        },
        {
            "trade_id": "fc357ff9-d02a-4d88-96ba-7eddfe1665e0",
            "ticker": "KXHIGHDEN-24NOV26-B51.5",
            "count": 70,
            "created_time": "2024-11-26T05:32:34.224058Z",
            "yes_price": 34,
            "no_price": 66,
            "taker_side": "yes"
        },
        {
            "trade_id": "2bfae9ed-19ea-4e2a-a4b8-e693c6cf6c6a",
            "ticker": "KXHIGHDEN-24NOV26-B51.5",
            "count": 75,
            "created_time": "2024-11-26T04:31:01.823652Z",
            "yes_price": 33,
            "no_price": 67,
            "taker_side": "yes"
        },
        {
            "trade_id": "e18a9f6f-205c-478f-93ff-a968810de408",
            "ticker": "KXHIGHDEN-24NOV26-B51.5",
            "count": 8,
            "created_time": "2024-11-26T03:16:45.222443Z",
            "yes_price": 32,
            "no_price": 68,
            "taker_side": "yes"
        },
        {
            "trade_id": "d95ab16e-8dac-4012-a4af-c832804e5fe3",
            "ticker": "KXHIGHDEN-24NOV26-B51.5",
            "count": 6,
            "created_time": "2024-11-26T03:12:02.371585Z",
            "yes_price": 32,
            "no_price": 68,
            "taker_side": "yes"
        },
        {
            "trade_id": "8be4a038-71e8-4755-a8a7-54591fae75a7",
            "ticker": "KXHIGHDEN-24NOV26-B51.5",
            "count": 97,
            "created_time": "2024-11-26T02:13:08.871316Z",
            "yes_price": 29,
            "no_price": 71,
            "taker_side": "no"
        },
        {
            "trade_id": "bb5bc50e-a001-4cd5-b89c-0047bdfba16a",
            "ticker": "KXHIGHDEN-24NOV26-B51.5",
            "count": 10,
            "created_time": "2024-11-26T02:08:29.749256Z",
            "yes_price": 34,
            "no_price": 66,
            "taker_side": "yes"
        },
        {
            "trade_id": "658f962e-131f-4325-bac9-eacb7829b3a5",
            "ticker": "KXHIGHDEN-24NOV26-B51.5",
            "count": 14,
            "created_time": "2024-11-26T01:40:26.981931Z",
            "yes_price": 31,
            "no_price": 69,
            "taker_side": "no"
        },
        {
            "trade_id": "818e1f6a-51b3-40fa-b084-3d4dff1a48ac",
            "ticker": "KXHIGHDEN-24NOV26-B51.5",
            "count": 100,
            "created_time": "2024-11-26T01:19:44.617628Z",
            "yes_price": 35,
            "no_price": 65,
            "taker_side": "yes"
        },
        {
            "trade_id": "190b838f-bf14-4724-b26f-853aba2129ab",
            "ticker": "KXHIGHDEN-24NOV26-B51.5",
            "count": 60,
            "created_time": "2024-11-26T01:19:44.617628Z",
            "yes_price": 35,
            "no_price": 65,
            "taker_side": "yes"
        },
        {
            "trade_id": "62a9ce4c-8645-4090-b0a6-16fb5455571e",
            "ticker": "KXHIGHDEN-24NOV26-B51.5",
            "count": 13,
            "created_time": "2024-11-26T00:49:51.52878Z",
            "yes_price": 35,
            "no_price": 65,
            "taker_side": "yes"
        },
        {
            "trade_id": "11c6aff8-0eec-4b51-b625-bd50e43e9d71",
            "ticker": "KXHIGHDEN-24NOV26-B51.5",
            "count": 10,
            "created_time": "2024-11-25T23:41:17.901161Z",
            "yes_price": 34,
            "no_price": 66,
            "taker_side": "yes"
        },
        {
            "trade_id": "fa06ec61-ba77-4d85-8768-485a188efba6",
            "ticker": "KXHIGHDEN-24NOV26-B51.5",
            "count": 6,
            "created_time": "2024-11-25T22:52:05.711566Z",
            "yes_price": 30,
            "no_price": 70,
            "taker_side": "no"
        },
        {
            "trade_id": "43daf241-a841-445c-b870-55b61f6c56f7",
            "ticker": "KXHIGHDEN-24NOV26-B51.5",
            "count": 8,
            "created_time": "2024-11-25T22:52:05.711566Z",
            "yes_price": 33,
            "no_price": 67,
            "taker_side": "no"
        },
        {
            "trade_id": "90d6d1a8-f12c-4167-bf3a-00a8df7f8187",
            "ticker": "KXHIGHDEN-24NOV26-B51.5",
            "count": 7,
            "created_time": "2024-11-25T22:40:12.729862Z",
            "yes_price": 36,
            "no_price": 64,
            "taker_side": "yes"
        },
        {
            "trade_id": "ddd25008-4590-4bab-b4d0-be02e37472f2",
            "ticker": "KXHIGHDEN-24NOV26-B51.5",
            "count": 7,
            "created_time": "2024-11-25T21:54:08.018502Z",
            "yes_price": 36,
            "no_price": 64,
            "taker_side": "yes"
        },
        {
            "trade_id": "c910afe0-669d-4b7d-9887-889952b0f923",
            "ticker": "KXHIGHDEN-24NOV26-B51.5",
            "count": 16,
            "created_time": "2024-11-25T21:49:12.494291Z",
            "yes_price": 35,
            "no_price": 65,
            "taker_side": "yes"
        },
        {
            "trade_id": "220421c0-3596-4b29-9190-246d391e4aa6",
            "ticker": "KXHIGHDEN-24NOV26-B51.5",
            "count": 2,
            "created_time": "2024-11-25T21:41:58.297782Z",
            "yes_price": 34,
            "no_price": 66,
            "taker_side": "no"
        },
        {
            "trade_id": "386c42c1-93e7-443e-aaee-dec50bd2181f",
            "ticker": "KXHIGHDEN-24NOV26-B51.5",
            "count": 3,
            "created_time": "2024-11-25T21:36:26.48569Z",
            "yes_price": 36,
            "no_price": 64,
            "taker_side": "yes"
        },
        {
            "trade_id": "0e60fc1f-b4cf-4983-a57b-591c998f774d",
            "ticker": "KXHIGHDEN-24NOV26-B51.5",
            "count": 3,
            "created_time": "2024-11-25T21:36:26.48569Z",
            "yes_price": 35,
            "no_price": 65,
            "taker_side": "yes"
        },
        {
            "trade_id": "8d5e0970-a0ad-4b7a-bbf4-84b279c6eb4f",
            "ticker": "KXHIGHDEN-24NOV26-B51.5",
            "count": 8,
            "created_time": "2024-11-25T21:34:33.616568Z",
            "yes_price": 35,
            "no_price": 65,
            "taker_side": "yes"
        },
        {
            "trade_id": "13e9e942-7828-42fd-9743-2abbd67cb841",
            "ticker": "KXHIGHDEN-24NOV26-B51.5",
            "count": 59,
            "created_time": "2024-11-25T20:56:49.647768Z",
            "yes_price": 34,
            "no_price": 66,
            "taker_side": "no"
        },
        {
            "trade_id": "815eabed-9228-43d3-b909-21ba477db9a4",
            "ticker": "KXHIGHDEN-24NOV26-B51.5",
            "count": 37,
            "created_time": "2024-11-25T20:56:20.499534Z",
            "yes_price": 34,
            "no_price": 66,
            "taker_side": "no"
        },
        {
            "trade_id": "49e88fda-a35c-4a1a-973f-8ab2a62c8d51",
            "ticker": "KXHIGHDEN-24NOV26-B51.5",
            "count": 67,
            "created_time": "2024-11-25T20:19:38.386833Z",
            "yes_price": 33,
            "no_price": 67,
            "taker_side": "yes"
        },
        {
            "trade_id": "fbda36d6-2f15-4844-b667-3996ad0088a4",
            "ticker": "KXHIGHDEN-24NOV26-B51.5",
            "count": 2,
            "created_time": "2024-11-25T20:04:53.686861Z",
            "yes_price": 32,
            "no_price": 68,
            "taker_side": "no"
        },
        {
            "trade_id": "8da00cbf-d87a-4815-a102-25a5846381d0",
            "ticker": "KXHIGHDEN-24NOV26-B51.5",
            "count": 28,
            "created_time": "2024-11-25T19:58:16.574495Z",
            "yes_price": 33,
            "no_price": 67,
            "taker_side": "yes"
        },
        {
            "trade_id": "fd942496-140d-4bd8-8edd-7266e95eb689",
            "ticker": "KXHIGHDEN-24NOV26-B51.5",
            "count": 5,
            "created_time": "2024-11-25T18:23:31.509763Z",
            "yes_price": 33,
            "no_price": 67,
            "taker_side": "yes"
        }
    ],
    "KXHIGHDEN-24NOV26-B53.5": [
        {
            "trade_id": "9d0d7d84-4cdc-4c6d-a9eb-4a6d31151980",
            "ticker": "KXHIGHDEN-24NOV26-B53.5",
            "count": 56,
            "created_time": "2024-11-27T03:40:16.348524Z",
            "yes_price": 1,
            "no_price": 99,
            "taker_side": "yes"
        },
        {
            "trade_id": "7db812c6-6aa7-4bba-a3bf-3d4b3af3a1df",
            "ticker": "KXHIGHDEN-24NOV26-B53.5",
            "count": 935,
            "created_time": "2024-11-27T02:35:46.34129Z",
            "yes_price": 1,
            "no_price": 99,
            "taker_side": "yes"
        },
        {
            "trade_id": "529c3e32-d536-4cbd-adcd-266a66252f68",
            "ticker": "KXHIGHDEN-24NOV26-B53.5",
            "count": 1000,
            "created_time": "2024-11-26T23:00:09.366351Z",
            "yes_price": 2,
            "no_price": 98,
            "taker_side": "yes"
        },
        {
            "trade_id": "cd8326a6-525f-4862-add3-31c8f8fe7192",
            "ticker": "KXHIGHDEN-24NOV26-B53.5",
            "count": 200,
            "created_time": "2024-11-26T22:59:45.053104Z",
            "yes_price": 2,
            "no_price": 98,
            "taker_side": "yes"
        },
        {
            "trade_id": "4994971e-bec3-48e8-8091-f0a699f68ff3",
            "ticker": "KXHIGHDEN-24NOV26-B53.5",
            "count": 1000,
            "created_time": "2024-11-26T22:59:24.756162Z",
            "yes_price": 2,
            "no_price": 98,
            "taker_side": "yes"
        },
        {
            "trade_id": "4ced23bb-5b7a-4d24-9268-06ff5ea4c4ef",
            "ticker": "KXHIGHDEN-24NOV26-B53.5",
            "count": 965,
            "created_time": "2024-11-26T22:55:55.469781Z",
            "yes_price": 1,
            "no_price": 99,
            "taker_side": "yes"
        },
        {
            "trade_id": "4ace47a4-0136-4d0a-bb96-963b3d23d80b",
            "ticker": "KXHIGHDEN-24NOV26-B53.5",
            "count": 35,
            "created_time": "2024-11-26T22:50:44.246531Z",
            "yes_price": 1,
            "no_price": 99,
            "taker_side": "no"
        },
        {
            "trade_id": "ab370294-429f-4e1d-9fa5-3d66aacce1b2",
            "ticker": "KXHIGHDEN-24NOV26-B53.5",
            "count": 300,
            "created_time": "2024-11-26T22:15:03.243501Z",
            "yes_price": 2,
            "no_price": 98,
            "taker_side": "yes"
        },
        {
            "trade_id": "f15d6606-df05-47f4-9ee3-ef580da6f6b0",
            "ticker": "KXHIGHDEN-24NOV26-B53.5",
            "count": 1,
            "created_time": "2024-11-26T22:13:11.648153Z",
            "yes_price": 2,
            "no_price": 98,
            "taker_side": "yes"
        },
        {
            "trade_id": "c4594030-ea03-40bd-b6c1-e58a9bbd2532",
            "ticker": "KXHIGHDEN-24NOV26-B53.5",
            "count": 150,
            "created_time": "2024-11-26T22:07:07.121022Z",
            "yes_price": 2,
            "no_price": 98,
            "taker_side": "yes"
        },
        {
            "trade_id": "ed1fb037-9076-4552-8574-d759425fed28",
            "ticker": "KXHIGHDEN-24NOV26-B53.5",
            "count": 42,
            "created_time": "2024-11-26T22:06:40.933255Z",
            "yes_price": 1,
            "no_price": 99,
            "taker_side": "yes"
        },
        {
            "trade_id": "7b7ff4ea-3bdf-421b-8f18-35f4bf4d631b",
            "ticker": "KXHIGHDEN-24NOV26-B53.5",
            "count": 450,
            "created_time": "2024-11-26T22:06:04.568299Z",
            "yes_price": 2,
            "no_price": 98,
            "taker_side": "yes"
        },
        {
            "trade_id": "de405776-7f4e-457c-9758-5dcbe68be721",
            "ticker": "KXHIGHDEN-24NOV26-B53.5",
            "count": 500,
            "created_time": "2024-11-26T22:05:31.557621Z",
            "yes_price": 2,
            "no_price": 98,
            "taker_side": "yes"
        },
        {
            "trade_id": "dddc797e-f671-409d-96de-874e1f343b45",
            "ticker": "KXHIGHDEN-24NOV26-B53.5",
            "count": 1000,
            "created_time": "2024-11-26T20:58:01.158071Z",
            "yes_price": 1,
            "no_price": 99,
            "taker_side": "yes"
        },
        {
            "trade_id": "8e87f87e-833d-426d-8b4f-62fb02937d13",
            "ticker": "KXHIGHDEN-24NOV26-B53.5",
            "count": 2000,
            "created_time": "2024-11-26T20:58:01.158071Z",
            "yes_price": 1,
            "no_price": 99,
            "taker_side": "yes"
        },
        {
            "trade_id": "98f6beb8-ee25-4e41-bf17-66124ac0bad0",
            "ticker": "KXHIGHDEN-24NOV26-B53.5",
            "count": 224,
            "created_time": "2024-11-26T20:34:03.632213Z",
            "yes_price": 1,
            "no_price": 99,
            "taker_side": "yes"
        },
        {
            "trade_id": "fd281cfe-7ccf-4c06-ab16-7d3eba14a8d7",
            "ticker": "KXHIGHDEN-24NOV26-B53.5",
            "count": 502,
            "created_time": "2024-11-26T20:29:08.960582Z",
            "yes_price": 1,
            "no_price": 99,
            "taker_side": "yes"
        },
        {
            "trade_id": "e41d76f2-d464-4244-80ec-8a57966ed145",
            "ticker": "KXHIGHDEN-24NOV26-B53.5",
            "count": 20104,
            "created_time": "2024-11-26T20:29:08.960582Z",
            "yes_price": 1,
            "no_price": 99,
            "taker_side": "yes"
        },
        {
            "trade_id": "466d33c2-c25a-4f23-a0f6-c231ac10dcb8",
            "ticker": "KXHIGHDEN-24NOV26-B53.5",
            "count": 2000,
            "created_time": "2024-11-26T20:29:08.960582Z",
            "yes_price": 1,
            "no_price": 99,
            "taker_side": "yes"
        },
        {
            "trade_id": "414ddf3f-1771-43f1-8032-86f35dd66842",
            "ticker": "KXHIGHDEN-24NOV26-B53.5",
            "count": 1034,
            "created_time": "2024-11-26T20:29:08.960582Z",
            "yes_price": 1,
            "no_price": 99,
            "taker_side": "yes"
        },
        {
            "trade_id": "20f81418-905d-4723-8dfa-5208e062e597",
            "ticker": "KXHIGHDEN-24NOV26-B53.5",
            "count": 824,
            "created_time": "2024-11-26T20:29:08.960582Z",
            "yes_price": 1,
            "no_price": 99,
            "taker_side": "yes"
        },
        {
            "trade_id": "32a0747a-48bd-42f8-a4bf-a65f1ca9e5d3",
            "ticker": "KXHIGHDEN-24NOV26-B53.5",
            "count": 3,
            "created_time": "2024-11-26T20:10:29.988976Z",
            "yes_price": 1,
            "no_price": 99,
            "taker_side": "yes"
        },
        {
            "trade_id": "ef7bc071-11b0-4361-9235-b3c32cebc567",
            "ticker": "KXHIGHDEN-24NOV26-B53.5",
            "count": 23,
            "created_time": "2024-11-26T19:58:37.607084Z",
            "yes_price": 1,
            "no_price": 99,
            "taker_side": "yes"
        },
        {
            "trade_id": "d8747634-ba3f-417d-99f5-085893f98b4c",
            "ticker": "KXHIGHDEN-24NOV26-B53.5",
            "count": 5,
            "created_time": "2024-11-26T19:51:31.49217Z",
            "yes_price": 1,
            "no_price": 99,
            "taker_side": "yes"
        },
        {
            "trade_id": "233ddfae-add0-4e86-804a-0c29ee28be64",
            "ticker": "KXHIGHDEN-24NOV26-B53.5",
            "count": 1870,
            "created_time": "2024-11-26T19:20:19.292931Z",
            "yes_price": 1,
            "no_price": 99,
            "taker_side": "yes"
        },
        {
            "trade_id": "a8044f5e-43b3-439a-b4ca-43e730b63c4d",
            "ticker": "KXHIGHDEN-24NOV26-B53.5",
            "count": 1028,
            "created_time": "2024-11-26T19:08:29.891754Z",
            "yes_price": 1,
            "no_price": 99,
            "taker_side": "yes"
        },
        {
            "trade_id": "78a5dfc6-eb24-4d24-8544-02e249121912",
            "ticker": "KXHIGHDEN-24NOV26-B53.5",
            "count": 935,
            "created_time": "2024-11-26T19:07:05.35441Z",
            "yes_price": 1,
            "no_price": 99,
            "taker_side": "yes"
        },
        {
            "trade_id": "c771e336-d864-48de-bfe5-05db0a6c9d99",
            "ticker": "KXHIGHDEN-24NOV26-B53.5",
            "count": 71,
            "created_time": "2024-11-26T18:56:22.271779Z",
            "yes_price": 1,
            "no_price": 99,
            "taker_side": "yes"
        },
        {
            "trade_id": "88ed7ac7-3c5a-4973-af47-08f1540dbce9",
            "ticker": "KXHIGHDEN-24NOV26-B53.5",
            "count": 150,
            "created_time": "2024-11-26T18:56:22.271779Z",
            "yes_price": 1,
            "no_price": 99,
            "taker_side": "yes"
        },
        {
            "trade_id": "72fbe660-6c61-4000-ab97-81445e0864e0",
            "ticker": "KXHIGHDEN-24NOV26-B53.5",
            "count": 641,
            "created_time": "2024-11-26T18:56:22.271779Z",
            "yes_price": 1,
            "no_price": 99,
            "taker_side": "yes"
        },
        {
            "trade_id": "422814c3-d646-468f-b3f0-ca46eba6813a",
            "ticker": "KXHIGHDEN-24NOV26-B53.5",
            "count": 72,
            "created_time": "2024-11-26T18:56:22.271779Z",
            "yes_price": 1,
            "no_price": 99,
            "taker_side": "yes"
        },
        {
            "trade_id": "5835c65f-ab23-48c9-a9d2-8f03ed7197d8",
            "ticker": "KXHIGHDEN-24NOV26-B53.5",
            "count": 940,
            "created_time": "2024-11-26T18:54:49.798418Z",
            "yes_price": 1,
            "no_price": 99,
            "taker_side": "yes"
        },
        {
            "trade_id": "10566dcc-fa78-4125-ab81-5c8f783320f8",
            "ticker": "KXHIGHDEN-24NOV26-B53.5",
            "count": 928,
            "created_time": "2024-11-26T18:54:49.798418Z",
            "yes_price": 1,
            "no_price": 99,
            "taker_side": "yes"
        },
        {
            "trade_id": "276f6ce2-8389-484e-96fa-a1d938f6251e",
            "ticker": "KXHIGHDEN-24NOV26-B53.5",
            "count": 1870,
            "created_time": "2024-11-26T18:53:32.789828Z",
            "yes_price": 1,
            "no_price": 99,
            "taker_side": "yes"
        },
        {
            "trade_id": "bd330892-5ce1-4b5d-bffc-56a74a3c3708",
            "ticker": "KXHIGHDEN-24NOV26-B53.5",
            "count": 1122,
            "created_time": "2024-11-26T18:49:05.63971Z",
            "yes_price": 1,
            "no_price": 99,
            "taker_side": "yes"
        },
        {
            "trade_id": "cb40d370-c335-48df-99c2-e563447b1892",
