{
    "KXHIGHDEN-24DEC13-T44": [
        {
            "trade_id": "9cdd0d22-734d-4018-88dc-8b848eccea71",
            "ticker": "KXHIGHDEN-24DEC13-T44",
            "count": 23,
            "created_time": "2024-12-14T00:04:21.4659Z",
            "yes_price": 1,
            "no_price": 99,
            "taker_side": "yes"
        },
        {
            "trade_id": "3a01e8c8-006c-45e5-8130-9a624de12163",
            "ticker": "KXHIGHDEN-24DEC13-T44",
            "count": 45,
            "created_time": "2024-12-13T19:26:58.075536Z",
            "yes_price": 1,
            "no_price": 99,
            "taker_side": "yes"
        },
        {
            "trade_id": "33c5aa0d-8538-42b5-a0b3-7d7fb4d9dc77",
            "ticker": "KXHIGHDEN-24DEC13-T44",
            "count": 33,
            "created_time": "2024-12-13T18:15:38.817013Z",
            "yes_price": 1,
            "no_price": 99,
            "taker_side": "yes"
        },
        {
            "trade_id": "83db0a69-b7f7-40ea-9a11-6b176e15b2ce",
            "ticker": "KXHIGHDEN-24DEC13-T44",
            "count": 11,
            "created_time": "2024-12-13T18:10:58.852387Z",
            "yes_price": 1,
            "no_price": 99,
            "taker_side": "yes"
        },
        {
            "trade_id": "7ed273b7-69c8-44d4-b391-ad3be8f1b2dd",
            "ticker": "KXHIGHDEN-24DEC13-T44",
            "count": 108,
            "created_time": "2024-12-13T18:06:35.638739Z",
            "yes_price": 1,
            "no_price": 99,
            "taker_side": "yes"
        },
        {
            "trade_id": "43fee9d0-bad8-463a-9cc7-d7bc7c62917e",
            "ticker": "KXHIGHDEN-24DEC13-T44",
            "count": 150,
            "created_time": "2024-12-13T18:05:43.083071Z",
            "yes_price": 1,
            "no_price": 99,
            "taker_side": "yes"
        },
        {
            "trade_id": "8356055d-687d-4d13-8bab-4b438ea15894",
            "ticker": "KXHIGHDEN-24DEC13-T44",
            "count": 500,
            "created_time": "2024-12-13T18:00:31.675918Z",
            "yes_price": 1,
            "no_price": 99,
            "taker_side": "no"
        },
        {
            "trade_id": "0980a80b-4584-4c60-8b72-2df9c9d7221b",
            "ticker": "KXHIGHDEN-24DEC13-T44",
            "count": 428,
            "created_time": "2024-12-13T17:58:44.291196Z",
            "yes_price": 2,
            "no_price": 98,
            "taker_side": "yes"
        },
        {
            "trade_id": "2033f926-7992-405a-b086-3fb63ccb338d",
            "ticker": "KXHIGHDEN-24DEC13-T44",
            "count": 40,
            "created_time": "2024-12-13T17:56:08.602349Z",
            "yes_price": 1,
            "no_price": 99,
            "taker_side": "no"
        },
        {
            "trade_id": "ca5b9ce8-4268-4bea-8ec6-f75dc6cc6aba",
            "ticker": "KXHIGHDEN-24DEC13-T44",
            "count": 40,
            "created_time": "2024-12-13T17:55:58.319006Z",
            "yes_price": 1,
            "no_price": 99,
            "taker_side": "no"
        },
        {
            "trade_id": "aeb2892a-0348-4339-a3ed-fbbe7015210d",
            "ticker": "KXHIGHDEN-24DEC13-T44",
            "count": 260,
            "created_time": "2024-12-13T17:55:58.319006Z",
            "yes_price": 1,
            "no_price": 99,
            "taker_side": "no"
        },
        {
            "trade_id": "a4a68166-4b34-4e0f-a821-447edd48b618",
            "ticker": "KXHIGHDEN-24DEC13-T44",
            "count": 40,
            "created_time": "2024-12-13T17:55:58.319006Z",
            "yes_price": 1,
            "no_price": 99,
            "taker_side": "no"
        },
        {
            "trade_id": "95974d2a-38b3-4899-8c34-ed70571da3e2",
            "ticker": "KXHIGHDEN-24DEC13-T44",
            "count": 40,
            "created_time": "2024-12-13T17:55:58.319006Z",
            "yes_price": 1,
            "no_price": 99,
            "taker_side": "no"
        },
        {
            "trade_id": "881f3823-a84b-45ef-92f3-a79b6ece598c",
            "ticker": "KXHIGHDEN-24DEC13-T44",
            "count": 40,
            "created_time": "2024-12-13T17:55:58.319006Z",
            "yes_price": 1,
            "no_price": 99,
            "taker_side": "no"
        },
        {
            "trade_id": "6e0c1aec-6038-40d8-9336-bcd63f4ecc8e",
            "ticker": "KXHIGHDEN-24DEC13-T44",
            "count": 40,
            "created_time": "2024-12-13T17:55:58.319006Z",
            "yes_price": 1,
            "no_price": 99,
            "taker_side": "no"
        },
        {
            "trade_id": "64a43569-bf1a-49c3-b8ff-107c5062d35c",
            "ticker": "KXHIGHDEN-24DEC13-T44",
            "count": 40,
            "created_time": "2024-12-13T17:55:58.319006Z",
            "yes_price": 1,
            "no_price": 99,
            "taker_side": "no"
        },
        {
            "trade_id": "51a88e24-41d5-4dd0-b94e-4df7fbaff9a9",
            "ticker": "KXHIGHDEN-24DEC13-T44",
            "count": 40,
            "created_time": "2024-12-13T17:55:58.319006Z",
            "yes_price": 1,
            "no_price": 99,
            "taker_side": "no"
        },
        {
            "trade_id": "47d11767-f34d-4117-8674-e528544c7002",
            "ticker": "KXHIGHDEN-24DEC13-T44",
            "count": 40,
            "created_time": "2024-12-13T17:55:58.319006Z",
            "yes_price": 1,
            "no_price": 99,
            "taker_side": "no"
        },
        {
            "trade_id": "b8446f3e-61f7-4a9f-8f52-ce435832f703",
            "ticker": "KXHIGHDEN-24DEC13-T44",
            "count": 1,
            "created_time": "2024-12-13T17:47:13.197001Z",
            "yes_price": 2,
            "no_price": 98,
            "taker_side": "no"
        },
        {
            "trade_id": "87736fa5-6adc-4f1c-aea0-50c4a7239da3",
            "ticker": "KXHIGHDEN-24DEC13-T44",
            "count": 997,
            "created_time": "2024-12-13T17:46:34.471629Z",
            "yes_price": 3,
            "no_price": 97,
            "taker_side": "no"
        },
        {
            "trade_id": "1fb720a2-0de3-468b-81d7-989168f31036",
            "ticker": "KXHIGHDEN-24DEC13-T44",
            "count": 1000,
            "created_time": "2024-12-13T17:46:02.088422Z",
            "yes_price": 3,
            "no_price": 97,
            "taker_side": "no"
        },
        {
            "trade_id": "695b1327-afe2-4b0a-b055-3798626ae56e",
            "ticker": "KXHIGHDEN-24DEC13-T44",
            "count": 150,
            "created_time": "2024-12-13T17:42:34.847489Z",
            "yes_price": 4,
            "no_price": 96,
            "taker_side": "no"
        },
        {
            "trade_id": "3f11ab56-de71-47c9-8786-a929ff86d5b7",
            "ticker": "KXHIGHDEN-24DEC13-T44",
            "count": 300,
            "created_time": "2024-12-13T17:42:34.847489Z",
            "yes_price": 3,
            "no_price": 97,
            "taker_side": "no"
        },
        {
            "trade_id": "eaf2bd2c-74b3-46fb-8d5c-5f8808dfcf67",
            "ticker": "KXHIGHDEN-24DEC13-T44",
            "count": 4,
            "created_time": "2024-12-13T17:30:54.90003Z",
            "yes_price": 5,
            "no_price": 95,
            "taker_side": "no"
        },
        {
            "trade_id": "0616302b-d021-4b0e-84f9-db5079748d50",
            "ticker": "KXHIGHDEN-24DEC13-T44",
            "count": 246,
            "created_time": "2024-12-13T17:30:54.90003Z",
            "yes_price": 5,
            "no_price": 95,
            "taker_side": "no"
        },
        {
            "trade_id": "a82515b3-c32d-4e12-8ee5-4b00d8e990bd",
            "ticker": "KXHIGHDEN-24DEC13-T44",
            "count": 500,
            "created_time": "2024-12-13T17:29:46.541335Z",
            "yes_price": 10,
            "no_price": 90,
            "taker_side": "no"
        },
        {
            "trade_id": "f4228a90-62db-4f87-bd11-8a6b09b9dbc5",
            "ticker": "KXHIGHDEN-24DEC13-T44",
            "count": 42,
            "created_time": "2024-12-13T17:29:22.048506Z",
            "yes_price": 5,
            "no_price": 95,
            "taker_side": "no"
        },
        {
            "trade_id": "efa59401-d5f4-44ec-b890-db9170e47a60",
            "ticker": "KXHIGHDEN-24DEC13-T44",
            "count": 151,
            "created_time": "2024-12-13T17:29:22.048506Z",
            "yes_price": 6,
            "no_price": 94,
            "taker_side": "no"
        },
        {
            "trade_id": "ac04fa30-0089-4a39-b2bd-7a4762efd641",
            "ticker": "KXHIGHDEN-24DEC13-T44",
            "count": 500,
            "created_time": "2024-12-13T17:29:22.048506Z",
            "yes_price": 8,
            "no_price": 92,
            "taker_side": "no"
        },
        {
            "trade_id": "a5e4cb5d-ed7a-41b4-968b-fe3b0761eed6",
            "ticker": "KXHIGHDEN-24DEC13-T44",
            "count": 47,
            "created_time": "2024-12-13T17:29:22.048506Z",
            "yes_price": 9,
            "no_price": 91,
            "taker_side": "no"
        },
        {
            "trade_id": "95e2d3ef-409e-426b-8f16-2cbae88a9abd",
            "ticker": "KXHIGHDEN-24DEC13-T44",
            "count": 151,
            "created_time": "2024-12-13T17:29:06.453052Z",
            "yes_price": 8,
            "no_price": 92,
            "taker_side": "yes"
        },
        {
            "trade_id": "412b2598-be64-48f5-8013-5a4fb3336b51",
            "ticker": "KXHIGHDEN-24DEC13-T44",
            "count": 500,
            "created_time": "2024-12-13T17:29:06.453052Z",
            "yes_price": 8,
            "no_price": 92,
            "taker_side": "yes"
        },
        {
            "trade_id": "0dce8d53-5493-4417-bb91-921be33017cb",
            "ticker": "KXHIGHDEN-24DEC13-T44",
            "count": 287,
            "created_time": "2024-12-13T17:29:06.453052Z",
            "yes_price": 10,
            "no_price": 90,
            "taker_side": "yes"
        },
        {
            "trade_id": "cb545655-6394-4c7c-a4ef-0a4f632c682d",
            "ticker": "KXHIGHDEN-24DEC13-T44",
            "count": 500,
            "created_time": "2024-12-13T17:28:03.86842Z",
            "yes_price": 7,
            "no_price": 93,
            "taker_side": "no"
        },
        {
            "trade_id": "0bfbea95-ebab-4e9b-8cec-98c989306f5b",
            "ticker": "KXHIGHDEN-24DEC13-T44",
            "count": 213,
            "created_time": "2024-12-13T17:27:42.619785Z",
            "yes_price": 10,
            "no_price": 90,
            "taker_side": "no"
        },
        {
            "trade_id": "1fe906af-a1ef-49ab-8688-c54b95a655dd",
            "ticker": "KXHIGHDEN-24DEC13-T44",
            "count": 287,
            "created_time": "2024-12-13T17:27:35.320928Z",
            "yes_price": 10,
            "no_price": 90,
            "taker_side": "no"
        },
        {
            "trade_id": "22d55f3e-6727-47da-9fd3-c780ad3e00ba",
            "ticker": "KXHIGHDEN-24DEC13-T44",
            "count": 500,
            "created_time": "2024-12-13T17:26:01.255751Z",
            "yes_price": 5,
            "no_price": 95,
            "taker_side": "no"
        },
        {
            "trade_id": "9f1eed9f-2f47-43d9-9b00-aa13fb8e3417",
            "ticker": "KXHIGHDEN-24DEC13-T44",
            "count": 1,
            "created_time": "2024-12-13T17:23:39.229455Z",
            "yes_price": 6,
            "no_price": 94,
            "taker_side": "no"
        },
        {
            "trade_id": "fa44366f-ec7d-4bd1-9126-131f01418b41",
            "ticker": "KXHIGHDEN-24DEC13-T44",
            "count": 212,
            "created_time": "2024-12-13T17:22:48.739057Z",
            "yes_price": 9,
            "no_price": 91,
            "taker_side": "no"
        },
        {
            "trade_id": "f8ba3b83-2bca-4603-8a09-118adb9510ae",
            "ticker": "KXHIGHDEN-24DEC13-T44",
            "count": 101,
            "created_time": "2024-12-13T17:22:48.739057Z",
            "yes_price": 7,
            "no_price": 93,
            "taker_side": "no"
        },
        {
            "trade_id": "b01f7df1-7bcd-49dd-86e5-cca0e33adaf8",
            "ticker": "KXHIGHDEN-24DEC13-T44",
            "count": 900,
            "created_time": "2024-12-13T17:22:48.739057Z",
            "yes_price": 7,
            "no_price": 93,
            "taker_side": "no"
        },
        {
            "trade_id": "3d17e378-4a2a-41dc-addc-293e4d518edf",
            "ticker": "KXHIGHDEN-24DEC13-T44",
            "count": 500,
            "created_time": "2024-12-13T17:22:48.739057Z",
            "yes_price": 9,
            "no_price": 91,
            "taker_side": "no"
        },
        {
            "trade_id": "9e03740f-ee63-4d6a-ab6d-a7e34e5278b0",
            "ticker": "KXHIGHDEN-24DEC13-T44",
            "count": 9,
            "created_time": "2024-12-13T17:22:24.170488Z",
            "yes_price": 9,
            "no_price": 91,
            "taker_side": "no"
        },
        {
            "trade_id": "e95ca80e-1af9-4d8a-98f8-bc79ec4b4534",
            "ticker": "KXHIGHDEN-24DEC13-T44",
            "count": 151,
            "created_time": "2024-12-13T17:20:35.407086Z",
            "yes_price": 11,
            "no_price": 89,
            "taker_side": "no"
        },
        {
            "trade_id": "d03a53a2-9284-4c42-bd16-ceacf53edf64",
            "ticker": "KXHIGHDEN-24DEC13-T44",
            "count": 173,
            "created_time": "2024-12-13T17:20:35.407086Z",
            "yes_price": 12,
            "no_price": 88,
            "taker_side": "no"
        },
        {
            "trade_id": "7a7b9d8d-696a-46f9-9912-9dfee59c0339",
            "ticker": "KXHIGHDEN-24DEC13-T44",
            "count": 199,
            "created_time": "2024-12-13T17:20:35.407086Z",
            "yes_price": 9,
            "no_price": 91,
            "taker_side": "no"
        },
        {
            "trade_id": "3f39e0f4-cfaa-4e4a-b583-656ba74f7fa9",
            "ticker": "KXHIGHDEN-24DEC13-T44",
            "count": 977,
            "created_time": "2024-12-13T17:20:35.407086Z",
            "yes_price": 11,
            "no_price": 89,
            "taker_side": "no"
        },
        {
            "trade_id": "3dc725f1-1122-48ba-a2cb-52c9b40b4364",
            "ticker": "KXHIGHDEN-24DEC13-T44",
            "count": 151,
            "created_time": "2024-12-13T17:20:25.027132Z",
            "yes_price": 12,
            "no_price": 88,
            "taker_side": "no"
        },
        {
            "trade_id": "2e77c371-282b-415f-aa56-a33df7204a53",
            "ticker": "KXHIGHDEN-24DEC13-T44",
            "count": 150,
            "created_time": "2024-12-13T17:20:01.625711Z",
            "yes_price": 12,
            "no_price": 88,
            "taker_side": "no"
        },
        {
            "trade_id": "a8dcb60c-c732-44c6-a3b3-6d239ce14976",
            "ticker": "KXHIGHDEN-24DEC13-T44",
            "count": 1,
            "created_time": "2024-12-13T17:20:01.049087Z",
            "yes_price": 12,
            "no_price": 88,
            "taker_side": "no"
        },
        {
            "trade_id": "982f0ea9-612b-4ab3-b2dd-2cefca593258",
            "ticker": "KXHIGHDEN-24DEC13-T44",
            "count": 25,
            "created_time": "2024-12-13T17:19:40.847675Z",
            "yes_price": 12,
            "no_price": 88,
            "taker_side": "no"
        },
        {
            "trade_id": "3b9f99af-c11e-4ff4-ab20-6868643d229c",
            "ticker": "KXHIGHDEN-24DEC13-T44",
            "count": 235,
            "created_time": "2024-12-13T17:19:40.847675Z",
            "yes_price": 12,
            "no_price": 88,
            "taker_side": "no"
        },
        {
            "trade_id": "ae1110de-3cc3-49c0-975c-b265a4ba07c6",
            "ticker": "KXHIGHDEN-24DEC13-T44",
            "count": 1,
            "created_time": "2024-12-13T17:10:50.513187Z",
            "yes_price": 15,
            "no_price": 85,
            "taker_side": "no"
        },
        {
            "trade_id": "6c05ff55-e4cd-4c06-97fd-4395ead95ad2",
            "ticker": "KXHIGHDEN-24DEC13-T44",
            "count": 10,
            "created_time": "2024-12-13T17:10:50.513187Z",
            "yes_price": 16,
            "no_price": 84,
            "taker_side": "no"
        },
        {
            "trade_id": "e2516b49-bfa0-45e3-82a6-ea4dec069316",
            "ticker": "KXHIGHDEN-24DEC13-T44",
            "count": 100,
            "created_time": "2024-12-13T17:06:36.77206Z",
            "yes_price": 12,
            "no_price": 88,
            "taker_side": "no"
        },
        {
            "trade_id": "f8da1459-0d41-4f4e-bdb4-eb849d88fce6",
            "ticker": "KXHIGHDEN-24DEC13-T44",
            "count": 435,
            "created_time": "2024-12-13T17:04:55.34127Z",
            "yes_price": 12,
            "no_price": 88,
            "taker_side": "no"
        },
        {
            "trade_id": "3747925b-513f-4fb9-a0e6-3917d17a09d4",
            "ticker": "KXHIGHDEN-24DEC13-T44",
            "count": 65,
            "created_time": "2024-12-13T17:04:55.34127Z",
            "yes_price": 12,
            "no_price": 88,
            "taker_side": "no"
        },
        {
            "trade_id": "d8c5b9c5-402f-47d6-baa4-6ea1cbc97c73",
            "ticker": "KXHIGHDEN-24DEC13-T44",
            "count": 185,
            "created_time": "2024-12-13T17:02:52.900082Z",
            "yes_price": 12,
            "no_price": 88,
            "taker_side": "no"
        },
        {
            "trade_id": "89b4cd81-5bc5-48b0-90b8-cea0b0a8364d",
            "ticker": "KXHIGHDEN-24DEC13-T44",
            "count": 65,
            "created_time": "2024-12-13T17:02:52.900082Z",
            "yes_price": 12,
            "no_price": 88,
            "taker_side": "no"
        },
        {
            "trade_id": "b85bd24a-9067-4084-9f5c-062fb6717424",
            "ticker": "KXHIGHDEN-24DEC13-T44",
            "count": 11,
            "created_time": "2024-12-13T17:01:57.056913Z",
            "yes_price": 13,
            "no_price": 87,
            "taker_side": "no"
        },
        {
            "trade_id": "a7ff74d6-4226-4391-a850-09b48fb519ac",
            "ticker": "KXHIGHDEN-24DEC13-T44",
            "count": 185,
            "created_time": "2024-12-13T17:00:27.305372Z",
            "yes_price": 12,
            "no_price": 88,
            "taker_side": "no"
        },
        {
            "trade_id": "77e07b40-aaaf-48b8-9803-06debf82d2f9",
            "ticker": "KXHIGHDEN-24DEC13-T44",
            "count": 315,
            "created_time": "2024-12-13T17:00:27.305372Z",
            "yes_price": 12,
            "no_price": 88,
            "taker_side": "no"
        },
        {
            "trade_id": "ded6c1c6-689e-4d39-84b7-c050ec440f63",
            "ticker": "KXHIGHDEN-24DEC13-T44",
            "count": 13,
            "created_time": "2024-12-13T16:59:52.45357Z",
            "yes_price": 16,
            "no_price": 84,
            "taker_side": "yes"
        },
        {
            "trade_id": "9e78909f-b61d-48c7-ac3c-43c09b85687c",
            "ticker": "KXHIGHDEN-24DEC13-T44",
            "count": 13,
            "created_time": "2024-12-13T16:59:52.45357Z",
            "yes_price": 16,
            "no_price": 84,
            "taker_side": "yes"
        },
        {
            "trade_id": "a645d417-7889-4655-9088-66147b774442",
            "ticker": "KXHIGHDEN-24DEC13-T44",
            "count": 85,
            "created_time": "2024-12-13T16:58:45.500865Z",
            "yes_price": 12,
            "no_price": 88,
            "taker_side": "no"
        },
        {
            "trade_id": "575201d5-4b9a-4e8c-897f-66791f84384c",
            "ticker": "KXHIGHDEN-24DEC13-T44",
            "count": 415,
            "created_time": "2024-12-13T16:58:45.500865Z",
            "yes_price": 12,
            "no_price": 88,
            "taker_side": "no"
        },
        {
            "trade_id": "bc33540d-3520-43cb-8886-0ead1dfb522d",
            "ticker": "KXHIGHDEN-24DEC13-T44",
            "count": 320,
            "created_time": "2024-12-13T16:47:28.382883Z",
            "yes_price": 12,
            "no_price": 88,
            "taker_side": "no"
        },
        {
            "trade_id": "855632f5-2b92-4627-8506-985d2b278a2b",
            "ticker": "KXHIGHDEN-24DEC13-T44",
            "count": 50,
            "created_time": "2024-12-13T16:42:19.547035Z",
            "yes_price": 12,
            "no_price": 88,
            "taker_side": "no"
        },
        {
            "trade_id": "ee0fc3f9-cf22-43a7-b21f-93d5951f9e3d",
            "ticker": "KXHIGHDEN-24DEC13-T44",
            "count": 45,
            "created_time": "2024-12-13T16:42:10.620936Z",
            "yes_price": 12,
            "no_price": 88,
            "taker_side": "no"
        },
        {
            "trade_id": "e5072a15-3d4b-4808-b27c-6bfa037f97d9",
            "ticker": "KXHIGHDEN-24DEC13-T44",
            "count": 1000,
            "created_time": "2024-12-13T16:35:06.752281Z",
            "yes_price": 13,
            "no_price": 87,
            "taker_side": "no"
        },
        {
            "trade_id": "97f4da0b-76ee-44df-a5f8-d21562dff09d",
            "ticker": "KXHIGHDEN-24DEC13-T44",
            "count": 487,
            "created_time": "2024-12-13T16:34:58.399837Z",
            "yes_price": 15,
            "no_price": 85,
            "taker_side": "no"
        },
        {
            "trade_id": "c1874cc5-8d6a-484e-b908-2e1b7fa05509",
            "ticker": "KXHIGHDEN-24DEC13-T44",
            "count": 13,
            "created_time": "2024-12-13T16:34:16.17503Z",
            "yes_price": 15,
            "no_price": 85,
            "taker_side": "yes"
        },
        {
            "trade_id": "fb53f91d-8119-4350-b22e-d3b508726916",
            "ticker": "KXHIGHDEN-24DEC13-T44",
            "count": 13,
            "created_time": "2024-12-13T16:34:01.682235Z",
            "yes_price": 14,
            "no_price": 86,
            "taker_side": "yes"
        },
        {
            "trade_id": "4dfd5c89-86b2-4e67-a9b4-4bf5478fc51d",
            "ticker": "KXHIGHDEN-24DEC13-T44",
            "count": 1,
            "created_time": "2024-12-13T16:33:11.340734Z",
            "yes_price": 11,
            "no_price": 89,
            "taker_side": "no"
        },
        {
            "trade_id": "bda42aa5-8142-41b0-888b-0261212dce68",
            "ticker": "KXHIGHDEN-24DEC13-T44",
            "count": 22,
            "created_time": "2024-12-13T16:31:38.050447Z",
            "yes_price": 11,
            "no_price": 89,
            "taker_side": "no"
        },
        {
            "trade_id": "e9dc3b02-bd5a-4c34-874e-8bd85b7a4f0b",
            "ticker": "KXHIGHDEN-24DEC13-T44",
            "count": 13,
            "created_time": "2024-12-13T16:30:53.172773Z",
            "yes_price": 12,
            "no_price": 88,
            "taker_side": "yes"
        },
        {
            "trade_id": "dbbfa56f-c490-4cfa-8fd3-6c702cd54408",
            "ticker": "KXHIGHDEN-24DEC13-T44",
            "count": 5,
            "created_time": "2024-12-13T16:30:53.172773Z",
            "yes_price": 15,
            "no_price": 85,
            "taker_side": "yes"
        },
        {
            "trade_id": "8f5c5845-761d-46bc-9e0a-23f8696d2544",
            "ticker": "KXHIGHDEN-24DEC13-T44",
            "count": 12,
            "created_time": "2024-12-13T16:30:53.172773Z",
            "yes_price": 12,
            "no_price": 88,
            "taker_side": "yes"
        },
        {
            "trade_id": "88ee1d10-6278-4c8c-b378-f67a7ea16374",
            "ticker": "KXHIGHDEN-24DEC13-T44",
            "count": 23,
            "created_time": "2024-12-13T16:30:53.172773Z",
            "yes_price": 17,
            "no_price": 83,
            "taker_side": "yes"
        },
        {
            "trade_id": "759de8f3-d716-4589-ac4c-19aea42c1e28",
            "ticker": "KXHIGHDEN-24DEC13-T44",
            "count": 240,
            "created_time": "2024-12-13T16:29:37.811383Z",
            "yes_price": 10,
            "no_price": 90,
            "taker_side": "yes"
        },
        {
            "trade_id": "1e8a9ba5-a276-4498-ad7a-6d2b6a8776b3",
            "ticker": "KXHIGHDEN-24DEC13-T44",
            "count": 500,
            "created_time": "2024-12-13T16:29:37.811383Z",
            "yes_price": 11,
            "no_price": 89,
            "taker_side": "yes"
        },
        {
            "trade_id": "af3d666b-3a1c-4bcf-ac97-6c14414c5ce9",
            "ticker": "KXHIGHDEN-24DEC13-T44",
            "count": 100,
            "created_time": "2024-12-13T16:29:35.319326Z",
            "yes_price": 9,
            "no_price": 91,
            "taker_side": "no"
        },
        {
            "trade_id": "ff95070e-3258-4b77-9214-4c42519ffc68",
            "ticker": "KXHIGHDEN-24DEC13-T44",
            "count": 240,
            "created_time": "2024-12-13T16:29:26.865302Z",
            "yes_price": 9,
            "no_price": 91,
            "taker_side": "yes"
        },
        {
            "trade_id": "de9cba70-f037-4aba-9b07-e8a9d2527c95",
            "ticker": "KXHIGHDEN-24DEC13-T44",
            "count": 60,
            "created_time": "2024-12-13T16:29:26.865302Z",
            "yes_price": 8,
            "no_price": 92,
            "taker_side": "yes"
        },
        {
            "trade_id": "72559b18-7cd9-40d0-a186-dfd9731d41a3",
            "ticker": "KXHIGHDEN-24DEC13-T44",
            "count": 180,
            "created_time": "2024-12-13T16:29:26.865302Z",
            "yes_price": 8,
            "no_price": 92,
            "taker_side": "yes"
        },
        {
            "trade_id": "b82b41ec-703d-4be3-b245-50d9da588c4f",
            "ticker": "KXHIGHDEN-24DEC13-T44",
            "count": 60,
            "created_time": "2024-12-13T16:27:54.195921Z",
            "yes_price": 8,
            "no_price": 92,
            "taker_side": "no"
        },
        {
            "trade_id": "d74a23db-9dfc-4ed4-96ec-97b012057b8f",
            "ticker": "KXHIGHDEN-24DEC13-T44",
            "count": 192,
            "created_time": "2024-12-13T16:27:54.112099Z",
            "yes_price": 8,
            "no_price": 92,
            "taker_side": "no"
        },
        {
            "trade_id": "a877bd7c-c4db-4d00-984a-d029ea1bf310",
            "ticker": "KXHIGHDEN-24DEC13-T44",
            "count": 48,
            "created_time": "2024-12-13T16:27:54.112099Z",
            "yes_price": 8,
            "no_price": 92,
            "taker_side": "no"
        },
        {
            "trade_id": "bf299d34-d880-4273-b28e-0c656472caed",
            "ticker": "KXHIGHDEN-24DEC13-T44",
            "count": 240,
            "created_time": "2024-12-13T16:27:48.416231Z",
            "yes_price": 9,
            "no_price": 91,
            "taker_side": "no"
        },
        {
            "trade_id": "d436d70c-647e-4d01-8f7b-a9e87ca75d10",
            "ticker": "KXHIGHDEN-24DEC13-T44",
            "count": 240,
            "created_time": "2024-12-13T16:27:48.35832Z",
            "yes_price": 9,
            "no_price": 91,
            "taker_side": "no"
        },
        {
            "trade_id": "6975c98b-9cf3-428a-aad3-71252af937ce",
            "ticker": "KXHIGHDEN-24DEC13-T44",
            "count": 240,
            "created_time": "2024-12-13T16:27:48.285055Z",
            "yes_price": 9,
            "no_price": 91,
            "taker_side": "no"
        },
        {
            "trade_id": "627e037a-cf7d-4893-8db0-c87027722def",
            "ticker": "KXHIGHDEN-24DEC13-T44",
            "count": 80,
            "created_time": "2024-12-13T16:25:12.842926Z",
            "yes_price": 9,
            "no_price": 91,
            "taker_side": "yes"
        },
        {
            "trade_id": "063eba94-fe64-4f1e-ba3b-41cd45f3b838",
            "ticker": "KXHIGHDEN-24DEC13-T44",
            "count": 160,
            "created_time": "2024-12-13T16:25:04.992403Z",
            "yes_price": 9,
            "no_price": 91,
            "taker_side": "no"
        },
        {
            "trade_id": "63dc9621-ef2f-47ba-a3aa-8058098aa463",
            "ticker": "KXHIGHDEN-24DEC13-T44",
            "count": 100,
            "created_time": "2024-12-13T16:25:04.896015Z",
            "yes_price": 9,
            "no_price": 91,
            "taker_side": "no"
        },
        {
            "trade_id": "ea5dbb38-3cd2-4c6f-bd23-66e0c5659537",
            "ticker": "KXHIGHDEN-24DEC13-T44",
            "count": 240,
            "created_time": "2024-12-13T16:25:01.176632Z",
            "yes_price": 9,
            "no_price": 91,
            "taker_side": "yes"
        },
        {
            "trade_id": "0d7431eb-ce0c-4870-8c46-c8ac33b88707",
            "ticker": "KXHIGHDEN-24DEC13-T44",
            "count": 240,
            "created_time": "2024-12-13T16:24:55.453768Z",
            "yes_price": 8,
            "no_price": 92,
            "taker_side": "no"
        },
        {
            "trade_id": "7ae579da-f181-446a-a0d2-fc52cc5256b0",
            "ticker": "KXHIGHDEN-24DEC13-T44",
            "count": 240,
            "created_time": "2024-12-13T16:24:55.379769Z",
            "yes_price": 8,
            "no_price": 92,
            "taker_side": "no"
        },
        {
            "trade_id": "e6bdf69b-d8b2-4591-9b4b-54bf658576e6",
            "ticker": "KXHIGHDEN-24DEC13-T44",
            "count": 20,
            "created_time": "2024-12-13T16:24:44.376036Z",
            "yes_price": 9,
            "no_price": 91,
            "taker_side": "no"
        },
        {
            "trade_id": "cf1e21db-ceee-4ace-a80d-3b4b91fc961c",
            "ticker": "KXHIGHDEN-24DEC13-T44",
            "count": 220,
            "created_time": "2024-12-13T16:24:44.376036Z",
            "yes_price": 8,
            "no_price": 92,
            "taker_side": "no"
        },
        {
            "trade_id": "85f6ca28-4743-40f8-a1a8-d63a781f86b4",
            "ticker": "KXHIGHDEN-24DEC13-T44",
            "count": 240,
            "created_time": "2024-12-13T16:24:44.296563Z",
            "yes_price": 9,
            "no_price": 91,
            "taker_side": "no"
        },
        {
            "trade_id": "3a1a182b-5930-4191-853f-e2a0c8728830",
            "ticker": "KXHIGHDEN-24DEC13-T44",
            "count": 240,
            "created_time": "2024-12-13T16:24:44.226632Z",
            "yes_price": 9,
            "no_price": 91,
            "taker_side": "no"
        },
        {
            "trade_id": "374ace3d-eb71-4265-8992-57a7fd1931a9",
            "ticker": "KXHIGHDEN-24DEC13-T44",
            "count": 240,
            "created_time": "2024-12-13T16:19:34.034012Z",
            "yes_price": 12,
            "no_price": 88,
            "taker_side": "yes"
        },
        {
            "trade_id": "11b3efb0-b850-4c75-b2a8-238ea2a89ffb",
            "ticker": "KXHIGHDEN-24DEC13-T44",
            "count": 240,
            "created_time": "2024-12-13T16:19:34.034012Z",
            "yes_price": 13,
            "no_price": 87,
            "taker_side": "yes"
        },
        {
            "trade_id": "048a9406-a9b8-4ccb-b98f-611992977ce7",
            "ticker": "KXHIGHDEN-24DEC13-T44",
            "count": 240,
            "created_time": "2024-12-13T16:19:34.034012Z",
            "yes_price": 11,
            "no_price": 89,
            "taker_side": "yes"
        },
        {
            "trade_id": "85da4800-590f-4a3e-a04f-ea430daae20c",
            "ticker": "KXHIGHDEN-24DEC13-T44",
            "count": 108,
            "created_time": "2024-12-13T16:19:24.245868Z",
            "yes_price": 8,
            "no_price": 92,
            "taker_side": "yes"
        },
        {
            "trade_id": "7519cebf-c4f8-4a2c-a63e-4d5a05df3800",
            "ticker": "KXHIGHDEN-24DEC13-T44",
            "count": 100,
            "created_time": "2024-12-13T16:19:21.614418Z",
            "yes_price": 7,
            "no_price": 93,
            "taker_side": "no"
        },
        {
            "trade_id": "ba5496c3-93d5-42e1-a065-05c91ada0943",
            "ticker": "KXHIGHDEN-24DEC13-T44",
            "count": 240,
            "created_time": "2024-12-13T16:19:04.135267Z",
            "yes_price": 9,
            "no_price": 91,
            "taker_side": "yes"
        },
        {
            "trade_id": "5d8f3922-5e2c-4988-9a1a-83b669465a08",
            "ticker": "KXHIGHDEN-24DEC13-T44",
            "count": 240,
            "created_time": "2024-12-13T16:19:04.135267Z",
            "yes_price": 8,
            "no_price": 92,
            "taker_side": "yes"
        },
        {
            "trade_id": "5c5b2324-a9e4-4475-aba9-198970419248",
            "ticker": "KXHIGHDEN-24DEC13-T44",
            "count": 240,
            "created_time": "2024-12-13T16:19:04.135267Z",
            "yes_price": 10,
            "no_price": 90,
            "taker_side": "yes"
        },
        {
            "trade_id": "35dbf846-22ce-4c49-8ba1-648e7955d6b0",
            "ticker": "KXHIGHDEN-24DEC13-T44",
            "count": 240,
            "created_time": "2024-12-13T16:18:47.481958Z",
            "yes_price": 5,
            "no_price": 95,
            "taker_side": "no"
        },
        {
            "trade_id": "067be0a5-27eb-4bb7-ad14-73737011eb89",
            "ticker": "KXHIGHDEN-24DEC13-T44",
            "count": 171,
            "created_time": "2024-12-13T16:18:47.418247Z",
            "yes_price": 6,
            "no_price": 94,
            "taker_side": "no"
        },
        {
            "trade_id": "f6675144-f460-43ca-91b7-919704c61374",
            "ticker": "KXHIGHDEN-24DEC13-T44",
            "count": 140,
            "created_time": "2024-12-13T16:18:47.350967Z",
            "yes_price": 6,
            "no_price": 94,
            "taker_side": "no"
        },
        {
            "trade_id": "e23cedf3-36f6-417c-a9ec-30a5494980c5",
            "ticker": "KXHIGHDEN-24DEC13-T44",
            "count": 100,
            "created_time": "2024-12-13T16:18:47.350967Z",
            "yes_price": 7,
            "no_price": 93,
            "taker_side": "no"
        },
        {
            "trade_id": "7cac744c-1b5b-4be8-b95d-289016d2c9fb",
            "ticker": "KXHIGHDEN-24DEC13-T44",
            "count": 240,
            "created_time": "2024-12-13T16:18:43.03903Z",
            "yes_price": 7,
            "no_price": 93,
            "taker_side": "no"
        },
        {
            "trade_id": "a25cc256-017b-4089-9f14-4ee66f905731",
            "ticker": "KXHIGHDEN-24DEC13-T44",
            "count": 180,
            "created_time": "2024-12-13T16:18:42.986058Z",
            "yes_price": 7,
            "no_price": 93,
            "taker_side": "no"
        },
        {
            "trade_id": "0774f346-3393-46bb-907d-f6709ded7b63",
            "ticker": "KXHIGHDEN-24DEC13-T44",
            "count": 60,
            "created_time": "2024-12-13T16:18:42.986058Z",
            "yes_price": 8,
            "no_price": 92,
            "taker_side": "no"
        },
        {
            "trade_id": "74b9683d-4f3b-4b72-84f0-8f425f5df51e",
            "ticker": "KXHIGHDEN-24DEC13-T44",
            "count": 240,
            "created_time": "2024-12-13T16:18:42.924551Z",
            "yes_price": 8,
            "no_price": 92,
            "taker_side": "no"
        },
        {
            "trade_id": "bee7f401-eae0-4fd3-bb0f-5d9c7e296da9",
            "ticker": "KXHIGHDEN-24DEC13-T44",
            "count": 240,
            "created_time": "2024-12-13T16:18:13.588637Z",
            "yes_price": 9,
            "no_price": 91,
            "taker_side": "yes"
        },
        {
            "trade_id": "8a4c675c-a5c4-44f5-9c07-59b01bd28659",
            "ticker": "KXHIGHDEN-24DEC13-T44",
            "count": 240,
            "created_time": "2024-12-13T16:18:13.588637Z",
            "yes_price": 11,
            "no_price": 89,
            "taker_side": "yes"
        },
        {
            "trade_id": "3d03b002-5d26-49f5-973b-672929d6cc2c",
            "ticker": "KXHIGHDEN-24DEC13-T44",
            "count": 240,
            "created_time": "2024-12-13T16:18:13.588637Z",
            "yes_price": 10,
            "no_price": 90,
            "taker_side": "yes"
        },
        {
            "trade_id": "2abf1246-3b2d-45ba-9273-73fe447dcb8d",
            "ticker": "KXHIGHDEN-24DEC13-T44",
            "count": 12,
            "created_time": "2024-12-13T16:18:13.588637Z",
            "yes_price": 11,
            "no_price": 89,
            "taker_side": "yes"
        },
        {
            "trade_id": "7964f0c8-2804-4886-8f48-aa86ad1a1229",
            "ticker": "KXHIGHDEN-24DEC13-T44",
            "count": 100,
            "created_time": "2024-12-13T16:17:39.680023Z",
            "yes_price": 8,
            "no_price": 92,
            "taker_side": "no"
        },
        {
            "trade_id": "6f12ce97-afae-438c-aebf-f8923f56c528",
            "ticker": "KXHIGHDEN-24DEC13-T44",
            "count": 100,
            "created_time": "2024-12-13T16:17:08.415027Z",
            "yes_price": 8,
            "no_price": 92,
            "taker_side": "yes"
        },
        {
            "trade_id": "59267f5f-7336-447f-b2f8-05f6a34b7338",
            "ticker": "KXHIGHDEN-24DEC13-T44",
            "count": 240,
            "created_time": "2024-12-13T16:16:55.205457Z",
            "yes_price": 7,
            "no_price": 93,
            "taker_side": "no"
        },
        {
            "trade_id": "fa8d4cd6-c681-4e3c-82f7-7acafb575269",
            "ticker": "KXHIGHDEN-24DEC13-T44",
            "count": 240,
            "created_time": "2024-12-13T16:16:44.588355Z",
            "yes_price": 7,
            "no_price": 93,
            "taker_side": "yes"
        },
        {
            "trade_id": "fdc5873d-33f6-4ec0-b748-e1fa542326bd",
            "ticker": "KXHIGHDEN-24DEC13-T44",
            "count": 189,
            "created_time": "2024-12-13T16:16:05.733058Z",
            "yes_price": 6,
            "no_price": 94,
            "taker_side": "no"
        },
        {
            "trade_id": "2a7bd8ef-06e8-495a-8981-528b048f6aec",
            "ticker": "KXHIGHDEN-24DEC13-T44",
            "count": 11,
            "created_time": "2024-12-13T16:16:05.733058Z",
            "yes_price": 6,
            "no_price": 94,
            "taker_side": "no"
        },
        {
            "trade_id": "2bcfbbc8-8ed6-4cdf-8613-fa50f3270821",
            "ticker": "KXHIGHDEN-24DEC13-T44",
            "count": 240,
            "created_time": "2024-12-13T16:15:51.12628Z",
            "yes_price": 6,
            "no_price": 94,
            "taker_side": "no"
        },
        {
            "trade_id": "f5b98937-a384-44d4-b54d-8176ed36c139",
            "ticker": "KXHIGHDEN-24DEC13-T44",
            "count": 220,
            "created_time": "2024-12-13T16:15:51.067218Z",
            "yes_price": 7,
            "no_price": 93,
            "taker_side": "no"
        },
        {
            "trade_id": "6ef46368-fa52-438c-a5bc-c0816b298eee",
            "ticker": "KXHIGHDEN-24DEC13-T44",
            "count": 20,
            "created_time": "2024-12-13T16:15:51.067218Z",
            "yes_price": 6,
            "no_price": 94,
            "taker_side": "no"
        },
        {
            "trade_id": "77334bde-ef96-4232-be65-f0c7767016c4",
            "ticker": "KXHIGHDEN-24DEC13-T44",
            "count": 240,
            "created_time": "2024-12-13T16:15:50.999912Z",
            "yes_price": 7,
            "no_price": 93,
            "taker_side": "no"
        },
        {
            "trade_id": "8b687999-065b-4513-8eab-134a3c21a624",
            "ticker": "KXHIGHDEN-24DEC13-T44",
            "count": 100,
            "created_time": "2024-12-13T16:15:36.566186Z",
            "yes_price": 7,
            "no_price": 93,
            "taker_side": "no"
        },
        {
            "trade_id": "1fb0de0b-b6e5-4cf2-b36d-e4412ae84384",
            "ticker": "KXHIGHDEN-24DEC13-T44",
            "count": 240,
            "created_time": "2024-12-13T16:12:55.23301Z",
            "yes_price": 7,
            "no_price": 93,
            "taker_side": "no"
        },
        {
            "trade_id": "f5e9f48b-5146-4cb7-af33-79ef37ee50b0",
            "ticker": "KXHIGHDEN-24DEC13-T44",
            "count": 200,
            "created_time": "2024-12-13T16:12:55.134834Z",
            "yes_price": 7,
            "no_price": 93,
            "taker_side": "no"
        },
        {
            "trade_id": "f7220276-b4b5-4fed-913d-514efdca2b70",
            "ticker": "KXHIGHDEN-24DEC13-T44",
            "count": 170,
            "created_time": "2024-12-13T16:12:43.515864Z",
            "yes_price": 7,
            "no_price": 93,
            "taker_side": "no"
        },
        {
            "trade_id": "e59651ce-d20c-44ce-b5a4-3f3b015d0ca1",
            "ticker": "KXHIGHDEN-24DEC13-T44",
            "count": 70,
            "created_time": "2024-12-13T16:12:43.515864Z",
            "yes_price": 6,
            "no_price": 94,
            "taker_side": "no"
        },
        {
            "trade_id": "be6f16e9-213b-40f1-8e88-f1611a2ddbf8",
            "ticker": "KXHIGHDEN-24DEC13-T44",
            "count": 240,
            "created_time": "2024-12-13T16:12:43.465526Z",
            "yes_price": 7,
            "no_price": 93,
            "taker_side": "no"
        },
        {
            "trade_id": "7a8746f7-f845-4e21-923e-0d03cc2a07b5",
            "ticker": "KXHIGHDEN-24DEC13-T44",
            "count": 240,
            "created_time": "2024-12-13T16:12:43.405167Z",
            "yes_price": 7,
            "no_price": 93,
            "taker_side": "no"
        },
        {
            "trade_id": "d8687aff-000a-4b93-96bd-5df1331bdf5d",
            "ticker": "KXHIGHDEN-24DEC13-T44",
            "count": 40,
            "created_time": "2024-12-13T16:11:17.239729Z",
            "yes_price": 8,
            "no_price": 92,
            "taker_side": "yes"
        },
        {
            "trade_id": "064954ee-8127-495c-8a9d-192169e4a171",
            "ticker": "KXHIGHDEN-24DEC13-T44",
            "count": 200,
            "created_time": "2024-12-13T16:11:17.239729Z",
            "yes_price": 8,
            "no_price": 92,
            "taker_side": "yes"
        },
        {
            "trade_id": "05f5e0e0-22b1-4ee8-a943-04e55dba6c61",
            "ticker": "KXHIGHDEN-24DEC13-T44",
            "count": 100,
            "created_time": "2024-12-13T16:10:05.69914Z",
            "yes_price": 7,
            "no_price": 93,
            "taker_side": "no"
        },
        {
            "trade_id": "1e412f0b-e86b-4c78-a6f5-1f3c08be5d5d",
            "ticker": "KXHIGHDEN-24DEC13-T44",
            "count": 40,
            "created_time": "2024-12-13T16:09:56.676011Z",
            "yes_price": 8,
            "no_price": 92,
            "taker_side": "no"
        },
        {
            "trade_id": "8b0f7da7-817d-4ddb-a0d4-3aa76f899266",
            "ticker": "KXHIGHDEN-24DEC13-T44",
            "count": 240,
            "created_time": "2024-12-13T16:09:56.595275Z",
            "yes_price": 8,
            "no_price": 92,
            "taker_side": "no"
        },
        {
            "trade_id": "593f6e78-eedc-499b-b3b3-29eef49f1ec4",
            "ticker": "KXHIGHDEN-24DEC13-T44",
            "count": 240,
            "created_time": "2024-12-13T16:09:46.315278Z",
            "yes_price": 8,
            "no_price": 92,
            "taker_side": "no"
        },
        {
            "trade_id": "70ad249f-276e-4a01-bc66-475dab99c874",
            "ticker": "KXHIGHDEN-24DEC13-T44",
            "count": 240,
            "created_time": "2024-12-13T16:09:46.255317Z",
            "yes_price": 8,
            "no_price": 92,
            "taker_side": "no"
        },
        {
            "trade_id": "bfaf5b39-25d0-4b88-ba94-6bd902c3f9e9",
            "ticker": "KXHIGHDEN-24DEC13-T44",
            "count": 240,
            "created_time": "2024-12-13T16:09:46.193275Z",
            "yes_price": 8,
            "no_price": 92,
            "taker_side": "no"
        },
        {
            "trade_id": "169217ad-eb79-4504-931f-7e3aaafad4e3",
            "ticker": "KXHIGHDEN-24DEC13-T44",
            "count": 250,
            "created_time": "2024-12-13T16:08:26.421937Z",
            "yes_price": 7,
            "no_price": 93,
            "taker_side": "no"
        },
        {
            "trade_id": "fb343b67-9735-4da9-9027-e7c5146b04fe",
            "ticker": "KXHIGHDEN-24DEC13-T44",
            "count": 240,
            "created_time": "2024-12-13T16:07:30.31382Z",
            "yes_price": 9,
            "no_price": 91,
            "taker_side": "yes"
        },
        {
            "trade_id": "8a3c346d-a299-4ca4-bd56-957227f13518",
            "ticker": "KXHIGHDEN-24DEC13-T44",
            "count": 100,
            "created_time": "2024-12-13T16:07:30.31382Z",
            "yes_price": 8,
            "no_price": 92,
            "taker_side": "yes"
        },
        {
            "trade_id": "bb612c82-788d-4b1b-97f2-841ea4cea94b",
            "ticker": "KXHIGHDEN-24DEC13-T44",
            "count": 100,
            "created_time": "2024-12-13T16:07:04.394538Z",
            "yes_price": 6,
            "no_price": 94,
            "taker_side": "no"
        },
        {
            "trade_id": "996e60a7-6355-41cd-9389-9ac3aff0ca75",
            "ticker": "KXHIGHDEN-24DEC13-T44",
            "count": 162,
            "created_time": "2024-12-13T16:06:59.169801Z",
            "yes_price": 6,
            "no_price": 94,
            "taker_side": "no"
        },
        {
            "trade_id": "8c84273a-f91f-4830-bcdc-7cc514bee5a8",
            "ticker": "KXHIGHDEN-24DEC13-T44",
            "count": 59,
            "created_time": "2024-12-13T16:06:59.169801Z",
            "yes_price": 6,
            "no_price": 94,
            "taker_side": "no"
        },
        {
            "trade_id": "633dc58c-791b-4cb6-b35f-f338e8231f15",
            "ticker": "KXHIGHDEN-24DEC13-T44",
            "count": 19,
            "created_time": "2024-12-13T16:06:59.169801Z",
            "yes_price": 7,
            "no_price": 93,
            "taker_side": "no"
        },
        {
            "trade_id": "cf8b3788-9b0a-4083-a190-206d03c791fd",
            "ticker": "KXHIGHDEN-24DEC13-T44",
            "count": 240,
            "created_time": "2024-12-13T16:06:59.098548Z",
            "yes_price": 6,
            "no_price": 94,
            "taker_side": "no"
        },
        {
            "trade_id": "8735a024-526d-4db9-9207-8ee54bd96846",
            "ticker": "KXHIGHDEN-24DEC13-T44",
            "count": 59,
            "created_time": "2024-12-13T16:06:59.027387Z",
            "yes_price": 6,
            "no_price": 94,
            "taker_side": "no"
        },
        {
            "trade_id": "55180066-5c4d-4e49-9786-3ebae8dccfa0",
            "ticker": "KXHIGHDEN-24DEC13-T44",
            "count": 118,
            "created_time": "2024-12-13T16:06:59.027387Z",
            "yes_price": 6,
            "no_price": 94,
            "taker_side": "no"
        },
        {
            "trade_id": "38c8f8ea-1ec1-4c66-9f21-6ac65bf77ae4",
            "ticker": "KXHIGHDEN-24DEC13-T44",
            "count": 23,
            "created_time": "2024-12-13T16:06:59.027387Z",
            "yes_price": 7,
            "no_price": 93,
            "taker_side": "no"
        },
        {
            "trade_id": "c6da816f-3e74-49f6-a604-c34e4ccc6f7c",
            "ticker": "KXHIGHDEN-24DEC13-T44",
            "count": 227,
            "created_time": "2024-12-13T16:06:54.616544Z",
            "yes_price": 7,
            "no_price": 93,
            "taker_side": "no"
        },
        {
            "trade_id": "9c9714c4-9142-44eb-875e-419a954fd007",
            "ticker": "KXHIGHDEN-24DEC13-T44",
            "count": 13,
            "created_time": "2024-12-13T16:06:54.616544Z",
            "yes_price": 7,
            "no_price": 93,
            "taker_side": "no"
        },
        {
            "trade_id": "9cfd2710-d0e5-4aae-918f-a3565dfde155",
            "ticker": "KXHIGHDEN-24DEC13-T44",
            "count": 240,
            "created_time": "2024-12-13T16:06:54.549745Z",
            "yes_price": 7,
            "no_price": 93,
            "taker_side": "no"
        },
        {
            "trade_id": "9ddd308f-a867-4e06-bcf1-67fced4b48c9",
            "ticker": "KXHIGHDEN-24DEC13-T44",
            "count": 240,
            "created_time": "2024-12-13T16:06:54.476314Z",
            "yes_price": 7,
            "no_price": 93,
            "taker_side": "no"
        },
        {
            "trade_id": "f5743a97-4ca8-4830-a9b1-3416eb743dd1",
            "ticker": "KXHIGHDEN-24DEC13-T44",
            "count": 53,
            "created_time": "2024-12-13T16:06:38.986766Z",
            "yes_price": 7,
            "no_price": 93,
            "taker_side": "no"
        },
        {
            "trade_id": "736b258d-b389-449d-8cbb-2772c80d9a80",
            "ticker": "KXHIGHDEN-24DEC13-T44",
            "count": 146,
            "created_time": "2024-12-13T16:06:11.531178Z",
            "yes_price": 8,
            "no_price": 92,
            "taker_side": "yes"
        },
        {
            "trade_id": "4ca914ff-9d07-40dd-8d66-5c07923aeb24",
            "ticker": "KXHIGHDEN-24DEC13-T44",
            "count": 214,
            "created_time": "2024-12-13T16:05:04.29603Z",
            "yes_price": 7,
            "no_price": 93,
            "taker_side": "no"
        },
        {
            "trade_id": "832e0170-04e0-4155-b239-c41b940a598e",
            "ticker": "KXHIGHDEN-24DEC13-T44",
            "count": 240,
            "created_time": "2024-12-13T16:04:56.486712Z",
            "yes_price": 7,
            "no_price": 93,
            "taker_side": "yes"
        },
        {
            "trade_id": "467b3559-8acc-463f-afba-653822f6b108",
            "ticker": "KXHIGHDEN-24DEC13-T44",
            "count": 66,
            "created_time": "2024-12-13T16:03:54.175038Z",
            "yes_price": 7,
            "no_price": 93,
            "taker_side": "no"
        },
        {
            "trade_id": "4181868f-4ce5-4c67-8a1f-45139ef6cae1",
            "ticker": "KXHIGHDEN-24DEC13-T44",
            "count": 34,
            "created_time": "2024-12-13T16:03:54.175038Z",
            "yes_price": 6,
            "no_price": 94,
            "taker_side": "no"
        },
        {
            "trade_id": "682a8d8f-fd39-413f-96e4-5841837a663b",
            "ticker": "KXHIGHDEN-24DEC13-T44",
            "count": 214,
            "created_time": "2024-12-13T16:03:53.381365Z",
            "yes_price": 7,
            "no_price": 93,
            "taker_side": "no"
        },
        {
            "trade_id": "b1eb1b62-4884-43ca-a5a4-e6311e2ddcf6",
            "ticker": "KXHIGHDEN-24DEC13-T44",
            "count": 240,
            "created_time": "2024-12-13T16:03:43.465571Z",
            "yes_price": 7,
            "no_price": 93,
            "taker_side": "no"
        },
        {
            "trade_id": "bf62b128-1031-47e3-8b68-c7cd67059b16",
            "ticker": "KXHIGHDEN-24DEC13-T44",
            "count": 240,
            "created_time": "2024-12-13T16:03:43.408692Z",
            "yes_price": 7,
            "no_price": 93,
            "taker_side": "no"
        },
        {
            "trade_id": "3ad1b4fe-a9c6-4f5f-82a8-fecb12506559",
            "ticker": "KXHIGHDEN-24DEC13-T44",
            "count": 240,
            "created_time": "2024-12-13T16:03:43.337221Z",
            "yes_price": 7,
            "no_price": 93,
            "taker_side": "no"
        },
        {
            "trade_id": "87df094a-b7fa-4dca-a495-a6812ce33473",
            "ticker": "KXHIGHDEN-24DEC13-T44",
            "count": 240,
            "created_time": "2024-12-13T16:01:57.936241Z",
            "yes_price": 8,
            "no_price": 92,
            "taker_side": "yes"
        },
        {
            "trade_id": "678b803e-ff7d-4785-a086-06451db06422",
            "ticker": "KXHIGHDEN-24DEC13-T44",
            "count": 240,
            "created_time": "2024-12-13T16:01:57.936241Z",
            "yes_price": 7,
            "no_price": 93,
            "taker_side": "yes"
        },
        {
            "trade_id": "d816abcc-9b3a-4d4f-ad8d-8b3360c103f0",
            "ticker": "KXHIGHDEN-24DEC13-T44",
            "count": 180,
            "created_time": "2024-12-13T16:01:05.682821Z",
            "yes_price": 6,
            "no_price": 94,
            "taker_side": "no"
        },
        {
            "trade_id": "a4c87a47-7d9c-43eb-ad97-29a12e8a87e7",
            "ticker": "KXHIGHDEN-24DEC13-T44",
            "count": 60,
            "created_time": "2024-12-13T16:01:05.682821Z",
            "yes_price": 7,
            "no_price": 93,
            "taker_side": "no"
        },
        {
            "trade_id": "1ad33095-a468-4e83-877a-d6a8eb7850f1",
            "ticker": "KXHIGHDEN-24DEC13-T44",
            "count": 227,
            "created_time": "2024-12-13T16:01:00.871727Z",
            "yes_price": 6,
            "no_price": 94,
            "taker_side": "yes"
        },
        {
            "trade_id": "45a607de-3c99-4278-81ad-f96218fed14d",
            "ticker": "KXHIGHDEN-24DEC13-T44",
            "count": 13,
            "created_time": "2024-12-13T16:00:53.845934Z",
            "yes_price": 6,
            "no_price": 94,
            "taker_side": "yes"
        },
        {
            "trade_id": "1b14ef3e-dfe5-41a8-a891-8da3e99c57ee",
            "ticker": "KXHIGHDEN-24DEC13-T44",
            "count": 240,
            "created_time": "2024-12-13T16:00:53.789748Z",
            "yes_price": 5,
            "no_price": 95,
            "taker_side": "no"
        },
        {
            "trade_id": "56b38b18-b9b7-415e-8c73-7477012a039e",
            "ticker": "KXHIGHDEN-24DEC13-T44",
            "count": 240,
            "created_time": "2024-12-13T16:00:53.693249Z",
            "yes_price": 5,
            "no_price": 95,
            "taker_side": "no"
        },
        {
            "trade_id": "5487c220-c3eb-4a13-83ea-61717d8b3f07",
            "ticker": "KXHIGHDEN-24DEC13-T44",
            "count": 52,
            "created_time": "2024-12-13T15:59:52.4814Z",
            "yes_price": 5,
            "no_price": 95,
            "taker_side": "no"
        },
        {
            "trade_id": "9a57d647-2316-4c61-99a7-cfcf4369a6c6",
            "ticker": "KXHIGHDEN-24DEC13-T44",
            "count": 200,
            "created_time": "2024-12-13T15:58:04.940166Z",
            "yes_price": 5,
            "no_price": 95,
            "taker_side": "no"
        },
        {
            "trade_id": "aa049bd3-0a73-4996-9e70-8c81b7ea6ebc",
            "ticker": "KXHIGHDEN-24DEC13-T44",
            "count": 200,
            "created_time": "2024-12-13T15:57:59.083621Z",
            "yes_price": 5,
            "no_price": 95,
            "taker_side": "yes"
        },
        {
            "trade_id": "4e53edeb-b002-431f-89cb-72d208cb2e45",
            "ticker": "KXHIGHDEN-24DEC13-T44",
            "count": 40,
            "created_time": "2024-12-13T15:57:59.083621Z",
            "yes_price": 5,
            "no_price": 95,
            "taker_side": "yes"
        },
        {
            "trade_id": "9fcc677f-d958-4f8f-a76b-d438231c90e9",
            "ticker": "KXHIGHDEN-24DEC13-T44",
            "count": 104,
            "created_time": "2024-12-13T15:57:52.06836Z",
            "yes_price": 4,
            "no_price": 96,
            "taker_side": "no"
        },
        {
            "trade_id": "9e372244-dc69-4af4-8d76-1381b8350e3f",
            "ticker": "KXHIGHDEN-24DEC13-T44",
            "count": 240,
            "created_time": "2024-12-13T15:57:48.395875Z",
            "yes_price": 4,
            "no_price": 96,
            "taker_side": "no"
        },
        {
            "trade_id": "2be84491-ec18-4b06-b536-ef0bc815f7dd",
            "ticker": "KXHIGHDEN-24DEC13-T44",
            "count": 240,
            "created_time": "2024-12-13T15:56:30.785099Z",
            "yes_price": 5,
            "no_price": 95,
            "taker_side": "yes"
        },
        {
            "trade_id": "da50bd56-d016-4a36-ba02-0896d0ea1b67",
            "ticker": "KXHIGHDEN-24DEC13-T44",
            "count": 187,
            "created_time": "2024-12-13T15:55:44.322758Z",
            "yes_price": 4,
            "no_price": 96,
            "taker_side": "yes"
        },
        {
            "trade_id": "c988b2cb-527f-4c39-842d-a1bbdf5ca796",
            "ticker": "KXHIGHDEN-24DEC13-T44",
            "count": 40,
            "created_time": "2024-12-13T15:55:44.322758Z",
            "yes_price": 4,
            "no_price": 96,
            "taker_side": "yes"
        },
        {
            "trade_id": "873eb59e-387c-4745-8aee-56b5206bb0fc",
            "ticker": "KXHIGHDEN-24DEC13-T44",
            "count": 13,
            "created_time": "2024-12-13T15:55:44.322758Z",
            "yes_price": 4,
            "no_price": 96,
            "taker_side": "yes"
        },
        {
            "trade_id": "35d2b26d-fb51-4f74-bc25-1cd337fe88f3",
            "ticker": "KXHIGHDEN-24DEC13-T44",
            "count": 53,
            "created_time": "2024-12-13T15:33:46.918752Z",
            "yes_price": 4,
            "no_price": 96,
            "taker_side": "yes"
        },
        {
            "trade_id": "a7f09c1a-000c-4e86-957b-6d6c18fdd31c",
            "ticker": "KXHIGHDEN-24DEC13-T44",
            "count": 63,
            "created_time": "2024-12-13T15:09:45.026461Z",
            "yes_price": 3,
            "no_price": 97,
            "taker_side": "yes"
        },
        {
            "trade_id": "72e01ef9-9bc7-4a31-a538-505303d86fa7",
            "ticker": "KXHIGHDEN-24DEC13-T44",
            "count": 186,
            "created_time": "2024-12-13T15:09:45.026461Z",
            "yes_price": 4,
            "no_price": 96,
            "taker_side": "yes"
        },
        {
            "trade_id": "91b728d5-dbfd-4791-93ad-65f4706e2b17",
            "ticker": "KXHIGHDEN-24DEC13-T44",
            "count": 250,
            "created_time": "2024-12-13T14:29:18.691659Z",
            "yes_price": 1,
            "no_price": 99,
            "taker_side": "no"
        },
        {
            "trade_id": "311c234f-49a9-4dc4-a883-ecd1c3f3113c",
            "ticker": "KXHIGHDEN-24DEC13-T44",
            "count": 1750,
            "created_time": "2024-12-13T14:16:23.503535Z",
            "yes_price": 1,
            "no_price": 99,
            "taker_side": "no"
        },
        {
            "trade_id": "80d5cca7-2892-4682-9532-e1cd24c71789",
            "ticker": "KXHIGHDEN-24DEC13-T44",
            "count": 250,
            "created_time": "2024-12-13T14:11:51.0418Z",
            "yes_price": 2,
            "no_price": 98,
            "taker_side": "yes"
        },
        {
            "trade_id": "7dca369b-f8ea-48a8-aafa-b63c956270de",
            "ticker": "KXHIGHDEN-24DEC13-T44",
            "count": 40,
            "created_time": "2024-12-13T07:37:01.139252Z",
            "yes_price": 1,
            "no_price": 99,
            "taker_side": "no"
        }
    ],
    "KXHIGHDEN-24DEC13-B44.5": [
        {
            "trade_id": "579371e3-4b33-4b30-beb9-c621c7925d56",
            "ticker": "KXHIGHDEN-24DEC13-B44.5",
            "count": 289,
            "created_time": "2024-12-13T20:13:38.917547Z",
            "yes_price": 1,
            "no_price": 99,
            "taker_side": "yes"
        },
        {
            "trade_id": "3f4628d4-4635-4420-a3fb-27a3a2f4f716",
            "ticker": "KXHIGHDEN-24DEC13-B44.5",
            "count": 117,
            "created_time": "2024-12-13T20:13:38.917547Z",
            "yes_price": 1,
            "no_price": 99,
            "taker_side": "yes"
        },
        {
            "trade_id": "74afc9b1-e67e-4043-8d4c-fe4193a81d2d",
            "ticker": "KXHIGHDEN-24DEC13-B44.5",
            "count": 55,
            "created_time": "2024-12-13T18:10:14.339448Z",
            "yes_price": 1,
            "no_price": 99,
            "taker_side": "no"
        },
        {
            "trade_id": "38149a24-95cb-4607-9833-2e2f2f1fabfe",
            "ticker": "KXHIGHDEN-24DEC13-B44.5",
            "count": 143,
            "created_time": "2024-12-13T18:08:14.782717Z",
            "yes_price": 4,
            "no_price": 96,
            "taker_side": "yes"
        },
        {
            "trade_id": "8e7d4588-27c9-4a74-994d-1696d98085fe",
            "ticker": "KXHIGHDEN-24DEC13-B44.5",
            "count": 342,
            "created_time": "2024-12-13T18:07:37.451874Z",
            "yes_price": 1,
            "no_price": 99,
            "taker_side": "no"
        },
        {
            "trade_id": "d13c4f1e-02b3-4c80-8028-5fb239aabf5e",
            "ticker": "KXHIGHDEN-24DEC13-B44.5",
            "count": 15,
            "created_time": "2024-12-13T17:49:12.400064Z",
            "yes_price": 1,
            "no_price": 99,
            "taker_side": "no"
        },
        {
            "trade_id": "421f6e34-61af-46fc-b00b-59addf59d7e9",
            "ticker": "KXHIGHDEN-24DEC13-B44.5",
            "count": 17,
            "created_time": "2024-12-13T17:49:12.400064Z",
            "yes_price": 2,
            "no_price": 98,
            "taker_side": "no"
        },
        {
            "trade_id": "9d95d133-696e-43b6-8f53-c9e4985b30fd",
            "ticker": "KXHIGHDEN-24DEC13-B44.5",
            "count": 2323,
            "created_time": "2024-12-13T17:43:27.673164Z",
            "yes_price": 3,
            "no_price": 97,
            "taker_side": "yes"
        },
        {
            "trade_id": "0d0eafe5-de16-41dd-807a-26fa9f6a5c10",
            "ticker": "KXHIGHDEN-24DEC13-B44.5",
            "count": 200,
            "created_time": "2024-12-13T17:41:53.029795Z",
            "yes_price": 1,
            "no_price": 99,
            "taker_side": "no"
        },
        {
            "trade_id": "7e0de0e4-5e88-40b3-a110-c56c30e6b5e7",
            "ticker": "KXHIGHDEN-24DEC13-B44.5",
            "count": 1000,
            "created_time": "2024-12-13T17:37:44.648223Z",
            "yes_price": 4,
            "no_price": 96,
            "taker_side": "no"
        },
        {
            "trade_id": "4634c8c3-8725-4971-99cc-e48947066c93",
            "ticker": "KXHIGHDEN-24DEC13-B44.5",
            "count": 151,
            "created_time": "2024-12-13T17:37:44.648223Z",
            "yes_price": 5,
            "no_price": 95,
            "taker_side": "no"
        },
        {
            "trade_id": "030d3562-f69c-4e17-a118-6761b652d9db",
            "ticker": "KXHIGHDEN-24DEC13-B44.5",
            "count": 551,
            "created_time": "2024-12-13T17:35:34.76756Z",
            "yes_price": 5,
            "no_price": 95,
            "taker_side": "no"
        },
        {
            "trade_id": "665f605d-9c07-4b38-8724-f6dcad112eab",
            "ticker": "KXHIGHDEN-24DEC13-B44.5",
            "count": 43,
            "created_time": "2024-12-13T17:33:37.036224Z",
            "yes_price": 6,
            "no_price": 94,
            "taker_side": "no"
        },
        {
            "trade_id": "f2770e14-2e57-42ff-8d8c-9f5b081b720c",
            "ticker": "KXHIGHDEN-24DEC13-B44.5",
            "count": 449,
            "created_time": "2024-12-13T17:32:36.465273Z",
            "yes_price": 5,
            "no_price": 95,
            "taker_side": "no"
        },
        {
            "trade_id": "0bebf3aa-59f0-44d8-905a-2ab3eea610cc",
            "ticker": "KXHIGHDEN-24DEC13-B44.5",
            "count": 151,
            "created_time": "2024-12-13T17:32:36.465273Z",
            "yes_price": 6,
            "no_price": 94,
            "taker_side": "no"
        },
        {
            "trade_id": "f842da4f-8247-4aae-9d9b-8be3588e4a5d",
            "ticker": "KXHIGHDEN-24DEC13-B44.5",
            "count": 200,
            "created_time": "2024-12-13T17:32:08.414608Z",
            "yes_price": 8,
            "no_price": 92,
            "taker_side": "no"
        },
        {
            "trade_id": "c08906b5-81ab-4d55-8ae8-4deb981852f5",
            "ticker": "KXHIGHDEN-24DEC13-B44.5",
            "count": 50,
            "created_time": "2024-12-13T17:32:08.414608Z",
            "yes_price": 7,
            "no_price": 93,
            "taker_side": "no"
        },
        {
            "trade_id": "22372d7e-c201-47b5-a364-e57c61f68fa6",
            "ticker": "KXHIGHDEN-24DEC13-B44.5",
            "count": 1898,
            "created_time": "2024-12-13T17:30:04.548462Z",
            "yes_price": 7,
            "no_price": 93,
            "taker_side": "yes"
        },
        {
            "trade_id": "efca2e7b-83b8-4957-af24-a9c6dca09ef6",
            "ticker": "KXHIGHDEN-24DEC13-B44.5",
            "count": 151,
            "created_time": "2024-12-13T17:27:31.888633Z",
            "yes_price": 9,
            "no_price": 91,
            "taker_side": "no"
        },
        {
            "trade_id": "cf2f0cdd-afea-4657-85c9-b1c33e001613",
            "ticker": "KXHIGHDEN-24DEC13-B44.5",
            "count": 250,
            "created_time": "2024-12-13T17:27:31.888633Z",
            "yes_price": 7,
            "no_price": 93,
            "taker_side": "no"
        },
        {
            "trade_id": "66667db1-81ca-46e8-aea3-f4dab8433da4",
            "ticker": "KXHIGHDEN-24DEC13-B44.5",
            "count": 500,
            "created_time": "2024-12-13T17:27:31.888633Z",
            "yes_price": 6,
            "no_price": 94,
            "taker_side": "no"
        },
        {
            "trade_id": "57733f0c-13ed-4a94-92ff-8a90976972ec",
            "ticker": "KXHIGHDEN-24DEC13-B44.5",
            "count": 500,
            "created_time": "2024-12-13T17:27:31.888633Z",
            "yes_price": 9,
            "no_price": 91,
            "taker_side": "no"
        },
        {
            "trade_id": "3cb7bd4d-764c-450a-8ba1-52e9549b9342",
            "ticker": "KXHIGHDEN-24DEC13-B44.5",
            "count": 131,
            "created_time": "2024-12-13T17:27:31.888633Z",
            "yes_price": 9,
            "no_price": 91,
            "taker_side": "no"
        },
        {
            "trade_id": "244ca5d4-948d-4b2c-b584-b3fa3861d1e1",
            "ticker": "KXHIGHDEN-24DEC13-B44.5",
            "count": 500,
            "created_time": "2024-12-13T17:27:31.888633Z",
            "yes_price": 8,
            "no_price": 92,
            "taker_side": "no"
        },
        {
            "trade_id": "0bfe0d2a-a4b4-4fc3-9e06-279372471846",
            "ticker": "KXHIGHDEN-24DEC13-B44.5",
            "count": 500,
            "created_time": "2024-12-13T17:27:31.888633Z",
            "yes_price": 7,
            "no_price": 93,
            "taker_side": "no"
        },
        {
            "trade_id": "05f317d2-0bfa-45a5-b23d-71d7e401dfce",
            "ticker": "KXHIGHDEN-24DEC13-B44.5",
            "count": 500,
            "created_time": "2024-12-13T17:27:31.888633Z",
            "yes_price": 10,
            "no_price": 90,
            "taker_side": "no"
        },
        {
            "trade_id": "a83d064d-bd04-4cca-a3c8-afd30011c85c",
            "ticker": "KXHIGHDEN-24DEC13-B44.5",
            "count": 118,
            "created_time": "2024-12-13T17:26:40.912363Z",
            "yes_price": 11,
            "no_price": 89,
            "taker_side": "yes"
        },
        {
            "trade_id": "1b5a68e9-9393-466b-930b-cb9b6ef114d7",
            "ticker": "KXHIGHDEN-24DEC13-B44.5",
            "count": 151,
            "created_time": "2024-12-13T17:26:40.912363Z",
            "yes_price": 12,
            "no_price": 88,
            "taker_side": "yes"
        },
        {
            "trade_id": "04e82424-cf6a-493c-a392-1402f991233d",
            "ticker": "KXHIGHDEN-24DEC13-B44.5",
            "count": 300,
            "created_time": "2024-12-13T17:26:40.912363Z",
            "yes_price": 12,
            "no_price": 88,
            "taker_side": "yes"
        },
        {
            "trade_id": "34d812b9-9e24-4288-84b3-c7ba3e5fab2e",
            "ticker": "KXHIGHDEN-24DEC13-B44.5",
            "count": 10,
            "created_time": "2024-12-13T17:24:47.707306Z",
            "yes_price": 9,
            "no_price": 91,
            "taker_side": "no"
        },
        {
            "trade_id": "7b315fab-4d2c-4ed8-bbe6-145b4d1e8d74",
            "ticker": "KXHIGHDEN-24DEC13-B44.5",
            "count": 9,
            "created_time": "2024-12-13T17:22:24.166824Z",
            "yes_price": 9,
            "no_price": 91,
            "taker_side": "no"
        },
        {
            "trade_id": "20dd1645-494a-4f01-9e71-49ab25d2488a",
            "ticker": "KXHIGHDEN-24DEC13-B44.5",
            "count": 82,
            "created_time": "2024-12-13T17:21:52.708653Z",
            "yes_price": 10,
            "no_price": 90,
            "taker_side": "no"
        },
        {
            "trade_id": "4f64431f-9202-4fc6-9cf9-9dc2cc45fc6d",
            "ticker": "KXHIGHDEN-24DEC13-B44.5",
            "count": 151,
            "created_time": "2024-12-13T17:20:25.038018Z",
            "yes_price": 10,
            "no_price": 90,
            "taker_side": "no"
        },
        {
            "trade_id": "e93da700-cab4-4079-92f8-8800613cc2d9",
            "ticker": "KXHIGHDEN-24DEC13-B44.5",
            "count": 150,
            "created_time": "2024-12-13T17:20:01.621328Z",
            "yes_price": 10,
            "no_price": 90,
            "taker_side": "no"
        },
        {
            "trade_id": "69847209-7347-42cb-8eef-a0471c2f7949",
            "ticker": "KXHIGHDEN-24DEC13-B44.5",
            "count": 1,
            "created_time": "2024-12-13T17:20:01.060283Z",
            "yes_price": 10,
            "no_price": 90,
            "taker_side": "no"
        },
        {
            "trade_id": "fb296589-8c90-49c8-8093-9ad80127584c",
            "ticker": "KXHIGHDEN-24DEC13-B44.5",
            "count": 200,
            "created_time": "2024-12-13T17:16:32.514771Z",
            "yes_price": 10,
            "no_price": 90,
            "taker_side": "no"
        },
        {
            "trade_id": "f427c901-0556-4869-9458-08658e3c8d85",
            "ticker": "KXHIGHDEN-24DEC13-B44.5",
            "count": 116,
            "created_time": "2024-12-13T17:16:32.514771Z",
            "yes_price": 10,
            "no_price": 90,
            "taker_side": "no"
        },
        {
            "trade_id": "f10abf70-c8a4-4f17-829b-cf621b3108c8",
            "ticker": "KXHIGHDEN-24DEC13-B44.5",
            "count": 184,
            "created_time": "2024-12-13T17:16:32.514771Z",
            "yes_price": 10,
            "no_price": 90,
            "taker_side": "no"
        },
        {
            "trade_id": "91cfd7b8-f1fb-405d-a772-dde1ce55494e",
            "ticker": "KXHIGHDEN-24DEC13-B44.5",
            "count": 100,
            "created_time": "2024-12-13T17:06:36.757776Z",
            "yes_price": 10,
            "no_price": 90,
            "taker_side": "no"
        },
        {
            "trade_id": "fc133672-af03-4d70-84d0-dcaa4d945abf",
            "ticker": "KXHIGHDEN-24DEC13-B44.5",
            "count": 216,
            "created_time": "2024-12-13T17:05:01.128345Z",
            "yes_price": 10,
            "no_price": 90,
            "taker_side": "no"
        },
        {
            "trade_id": "3ab3b6b3-5517-4b25-ae6a-069e6f70362c",
            "ticker": "KXHIGHDEN-24DEC13-B44.5",
            "count": 184,
            "created_time": "2024-12-13T17:05:01.128345Z",
            "yes_price": 10,
            "no_price": 90,
            "taker_side": "no"
        },
        {
            "trade_id": "26d5ca7c-3325-447d-8d2d-bc977bc4fbae",
            "ticker": "KXHIGHDEN-24DEC13-B44.5",
            "count": 100,
            "created_time": "2024-12-13T17:05:01.128345Z",
            "yes_price": 11,
            "no_price": 89,
            "taker_side": "no"
        },
        {
            "trade_id": "bfd4c1e8-8bfe-4c11-b097-eff12abe5372",
            "ticker": "KXHIGHDEN-24DEC13-B44.5",
            "count": 7,
            "created_time": "2024-12-13T17:04:11.042707Z",
            "yes_price": 13,
            "no_price": 87,
            "taker_side": "yes"
        },
        {
            "trade_id": "984c8f50-d26f-4fd9-a0cb-01ac0a4e9c49",
            "ticker": "KXHIGHDEN-24DEC13-B44.5",
            "count": 316,
            "created_time": "2024-12-13T17:00:02.747168Z",
            "yes_price": 10,
            "no_price": 90,
            "taker_side": "no"
        },
        {
            "trade_id": "5930c14c-c7b8-47bf-acd0-399e188f4ccf",
            "ticker": "KXHIGHDEN-24DEC13-B44.5",
            "count": 184,
            "created_time": "2024-12-13T17:00:02.747168Z",
            "yes_price": 10,
            "no_price": 90,
            "taker_side": "no"
        },
        {
            "trade_id": "09e4ea88-49d5-496b-b0e6-ef6163580803",
            "ticker": "KXHIGHDEN-24DEC13-B44.5",
            "count": 316,
            "created_time": "2024-12-13T16:57:52.250085Z",
            "yes_price": 10,
            "no_price": 90,
            "taker_side": "no"
        },
        {
            "trade_id": "d2961747-eef6-47c8-8f5c-9f769f2d4889",
            "ticker": "KXHIGHDEN-24DEC13-B44.5",
            "count": 16,
            "created_time": "2024-12-13T16:50:07.376524Z",
            "yes_price": 12,
            "no_price": 88,
            "taker_side": "yes"
        },
        {
            "trade_id": "aae5df9b-eb5a-4747-8d43-1d282c44a14e",
            "ticker": "KXHIGHDEN-24DEC13-B44.5",
            "count": 16,
            "created_time": "2024-12-13T16:50:07.376524Z",
            "yes_price": 12,
            "no_price": 88,
            "taker_side": "yes"
        },
        {
            "trade_id": "691fdee7-68aa-45e1-a33a-5ea93c183e38",
            "ticker": "KXHIGHDEN-24DEC13-B44.5",
            "count": 4,
            "created_time": "2024-12-13T16:50:07.376524Z",
            "yes_price": 19,
            "no_price": 81,
            "taker_side": "yes"
        },
        {
            "trade_id": "908a91b1-e6cb-45c7-958f-fdfe6c94b4c7",
            "ticker": "KXHIGHDEN-24DEC13-B44.5",
            "count": 1,
            "created_time": "2024-12-13T16:33:11.36418Z",
            "yes_price": 18,
            "no_price": 82,
            "taker_side": "no"
        },
        {
            "trade_id": "71f4e1af-f4f5-474a-ae10-814980e4093a",
            "ticker": "KXHIGHDEN-24DEC13-B44.5",
            "count": 16,
            "created_time": "2024-12-13T16:33:11.189463Z",
            "yes_price": 12,
            "no_price": 88,
            "taker_side": "yes"
        },
        {
            "trade_id": "7e0326ef-22ac-48e9-8533-1e2165268917",
            "ticker": "KXHIGHDEN-24DEC13-B44.5",
            "count": 390,
            "created_time": "2024-12-13T16:21:13.447798Z",
            "yes_price": 12,
            "no_price": 88,
            "taker_side": "no"
        },
        {
            "trade_id": "31c150d5-a369-49c5-a2a6-d561ab3ffc81",
            "ticker": "KXHIGHDEN-24DEC13-B44.5",
            "count": 143,
            "created_time": "2024-12-13T16:21:13.447798Z",
            "yes_price": 13,
            "no_price": 87,
            "taker_side": "no"
        },
        {
            "trade_id": "44f5a696-9462-49f3-abd3-da649f82b06e",
            "ticker": "KXHIGHDEN-24DEC13-B44.5",
            "count": 17,
            "created_time": "2024-12-13T16:21:05.457532Z",
            "yes_price": 13,
            "no_price": 87,
            "taker_side": "no"
        },
        {
            "trade_id": "cebd658d-22f3-483d-acdc-597200710747",
            "ticker": "KXHIGHDEN-24DEC13-B44.5",
            "count": 100,
            "created_time": "2024-12-13T16:19:14.423846Z",
            "yes_price": 14,
            "no_price": 86,
            "taker_side": "no"
        },
        {
            "trade_id": "4fa614c9-4057-4da8-8e05-6620644b2697",
            "ticker": "KXHIGHDEN-24DEC13-B44.5",
            "count": 100,
            "created_time": "2024-12-13T16:18:43.185057Z",
            "yes_price": 12,
            "no_price": 88,
            "taker_side": "no"
        },
        {
            "trade_id": "eff5fc84-6ce6-4df8-92bb-36da3d2ad7da",
            "ticker": "KXHIGHDEN-24DEC13-B44.5",
            "count": 80,
            "created_time": "2024-12-13T16:18:31.368674Z",
            "yes_price": 15,
            "no_price": 85,
            "taker_side": "yes"
        },
        {
            "trade_id": "81172a91-d705-417e-9a73-a0cbe86080a5",
            "ticker": "KXHIGHDEN-24DEC13-B44.5",
            "count": 80,
            "created_time": "2024-12-13T16:18:31.368674Z",
            "yes_price": 14,
            "no_price": 86,
            "taker_side": "yes"
        },
        {
            "trade_id": "7f3bb658-e834-4c06-a2cf-ecd6a0d660da",
            "ticker": "KXHIGHDEN-24DEC13-B44.5",
            "count": 700,
            "created_time": "2024-12-13T16:18:31.368674Z",
            "yes_price": 15,
            "no_price": 85,
            "taker_side": "yes"
        },
        {
            "trade_id": "3771aa44-93e8-45f5-ac92-8526362da230",
            "ticker": "KXHIGHDEN-24DEC13-B44.5",
            "count": 5,
            "created_time": "2024-12-13T16:18:31.368674Z",
            "yes_price": 15,
            "no_price": 85,
            "taker_side": "yes"
        },
        {
            "trade_id": "0563ee01-d4fb-4431-89cc-58ed87e410b5",
            "ticker": "KXHIGHDEN-24DEC13-B44.5",
            "count": 10,
            "created_time": "2024-12-13T16:18:31.368674Z",
            "yes_price": 14,
            "no_price": 86,
            "taker_side": "yes"
        },
        {
            "trade_id": "62b9891d-4ac9-46df-b981-97cbe7493afa",
            "ticker": "KXHIGHDEN-24DEC13-B44.5",
            "count": 200,
            "created_time": "2024-12-13T16:18:15.174033Z",
            "yes_price": 12,
            "no_price": 88,
            "taker_side": "yes"
        },
        {
            "trade_id": "39258c73-bdf2-4b7e-a863-55f4c0cd08fd",
            "ticker": "KXHIGHDEN-24DEC13-B44.5",
            "count": 100,
            "created_time": "2024-12-13T16:17:39.675728Z",
            "yes_price": 11,
            "no_price": 89,
            "taker_side": "no"
        },
        {
            "trade_id": "f7c46f72-5021-44c7-8eb0-b578463498fd",
            "ticker": "KXHIGHDEN-24DEC13-B44.5",
            "count": 100,
            "created_time": "2024-12-13T16:17:17.408951Z",
            "yes_price": 11,
            "no_price": 89,
            "taker_side": "yes"
        },
        {
            "trade_id": "7c5b86be-5a22-4c31-9ce5-5c473a9bac84",
            "ticker": "KXHIGHDEN-24DEC13-B44.5",
            "count": 100,
            "created_time": "2024-12-13T16:17:17.408951Z",
            "yes_price": 11,
            "no_price": 89,
            "taker_side": "yes"
        },
        {
            "trade_id": "5b6c0d7d-8b7b-4143-a8db-48ba238c6b63",
            "ticker": "KXHIGHDEN-24DEC13-B44.5",
            "count": 16,
            "created_time": "2024-12-13T16:17:17.408951Z",
            "yes_price": 11,
            "no_price": 89,
            "taker_side": "yes"
        },
        {
            "trade_id": "010b1fd7-ff7e-4127-bee4-ef5be72bdab9",
            "ticker": "KXHIGHDEN-24DEC13-B44.5",
            "count": 16,
            "created_time": "2024-12-13T16:17:17.408951Z",
            "yes_price": 11,
            "no_price": 89,
            "taker_side": "yes"
        },
        {
            "trade_id": "ea6f018d-0dd4-40ac-942e-0a8f5319fb50",
            "ticker": "KXHIGHDEN-24DEC13-B44.5",
            "count": 100,
            "created_time": "2024-12-13T16:07:34.778043Z",
            "yes_price": 9,
            "no_price": 91,
            "taker_side": "yes"
        },
        {
            "trade_id": "d9fe3dcf-a057-4783-acb8-d973e041b2a9",
            "ticker": "KXHIGHDEN-24DEC13-B44.5",
            "count": 240,
            "created_time": "2024-12-13T16:07:34.778043Z",
            "yes_price": 10,
            "no_price": 90,
            "taker_side": "yes"
        },
        {
            "trade_id": "a14fadb3-03a3-447f-a6c3-1ee88902708b",
            "ticker": "KXHIGHDEN-24DEC13-B44.5",
            "count": 240,
            "created_time": "2024-12-13T16:02:01.028589Z",
            "yes_price": 8,
            "no_price": 92,
            "taker_side": "yes"
        },
        {
            "trade_id": "3f6c08c7-f8d7-4624-b2e1-599fd3913be4",
            "ticker": "KXHIGHDEN-24DEC13-B44.5",
            "count": 240,
            "created_time": "2024-12-13T16:02:01.028589Z",
            "yes_price": 9,
            "no_price": 91,
            "taker_side": "yes"
        },
        {
            "trade_id": "5075e092-7eb7-4445-ab86-1ad85bff3ffb",
            "ticker": "KXHIGHDEN-24DEC13-B44.5",
            "count": 100,
            "created_time": "2024-12-13T16:01:55.563368Z",
            "yes_price": 7,
            "no_price": 93,
            "taker_side": "no"
        },
        {
            "trade_id": "b438fc2a-4bae-4789-b4ab-4de4d0bfd0e4",
            "ticker": "KXHIGHDEN-24DEC13-B44.5",
            "count": 240,
            "created_time": "2024-12-13T16:01:40.198224Z",
            "yes_price": 7,
            "no_price": 93,
            "taker_side": "yes"
        },
        {
            "trade_id": "5700f82c-740f-4898-bd4e-0b94c8dc6e43",
            "ticker": "KXHIGHDEN-24DEC13-B44.5",
            "count": 100,
            "created_time": "2024-12-13T16:01:20.787373Z",
            "yes_price": 6,
            "no_price": 94,
            "taker_side": "yes"
        },
        {
            "trade_id": "a5aa9544-826d-4352-9751-8fad3ddc4428",
            "ticker": "KXHIGHDEN-24DEC13-B44.5",
            "count": 104,
            "created_time": "2024-12-13T15:57:52.073347Z",
            "yes_price": 5,
            "no_price": 95,
            "taker_side": "no"
        },
        {
            "trade_id": "ea0eef8e-ea5d-4906-ae39-7dfa12ccf78c",
            "ticker": "KXHIGHDEN-24DEC13-B44.5",
            "count": 60,
            "created_time": "2024-12-13T15:56:47.794987Z",
            "yes_price": 7,
            "no_price": 93,
            "taker_side": "yes"
        },
        {
            "trade_id": "7c9af008-b13f-498a-aaf4-a4b210728e8b",
            "ticker": "KXHIGHDEN-24DEC13-B44.5",
            "count": 354,
            "created_time": "2024-12-13T15:55:34.03321Z",
            "yes_price": 5,
            "no_price": 95,
            "taker_side": "no"
        },
        {
            "trade_id": "2525bf28-cd4c-41b4-a02e-b5cf7ca69436",
            "ticker": "KXHIGHDEN-24DEC13-B44.5",
            "count": 20,
            "created_time": "2024-12-13T15:55:23.041504Z",
            "yes_price": 6,
            "no_price": 94,
            "taker_side": "no"
        },
        {
            "trade_id": "5de6b8c1-cb89-40a7-8ce9-f273377697ef",
            "ticker": "KXHIGHDEN-24DEC13-B44.5",
            "count": 240,
            "created_time": "2024-12-13T15:55:14.601052Z",
            "yes_price": 6,
            "no_price": 94,
            "taker_side": "no"
        },
        {
            "trade_id": "973aca13-58f8-4674-a2b8-9658934ba9d3",
            "ticker": "KXHIGHDEN-24DEC13-B44.5",
            "count": 240,
            "created_time": "2024-12-13T15:55:12.154456Z",
            "yes_price": 6,
            "no_price": 94,
            "taker_side": "yes"
        },
        {
            "trade_id": "8f2fe52e-b929-4ab2-8b8e-6e7298f1e394",
            "ticker": "KXHIGHDEN-24DEC13-B44.5",
            "count": 200,
            "created_time": "2024-12-13T15:54:51.379518Z",
            "yes_price": 5,
            "no_price": 95,
            "taker_side": "no"
        },
        {
            "trade_id": "70a5cf39-db78-4004-a703-105b42cbc851",
            "ticker": "KXHIGHDEN-24DEC13-B44.5",
            "count": 200,
            "created_time": "2024-12-13T15:54:31.884521Z",
            "yes_price": 6,
            "no_price": 94,
            "taker_side": "yes"
        },
        {
            "trade_id": "e898a152-85a7-4b91-a448-b6abb24a527b",
            "ticker": "KXHIGHDEN-24DEC13-B44.5",
            "count": 100,
            "created_time": "2024-12-13T15:54:13.323231Z",
            "yes_price": 6,
            "no_price": 94,
            "taker_side": "yes"
        },
        {
            "trade_id": "3cdf0444-fe17-4b4c-b6fb-b613d791b420",
            "ticker": "KXHIGHDEN-24DEC13-B44.5",
            "count": 140,
            "created_time": "2024-12-13T15:54:13.323231Z",
            "yes_price": 6,
            "no_price": 94,
            "taker_side": "yes"
        },
        {
            "trade_id": "dc834039-e270-49cd-a261-27c3f4b432d3",
            "ticker": "KXHIGHDEN-24DEC13-B44.5",
            "count": 40,
            "created_time": "2024-12-13T15:53:46.35298Z",
            "yes_price": 5,
            "no_price": 95,
            "taker_side": "yes"
        },
        {
            "trade_id": "971ff86e-ecc0-4d66-add0-868cce1beb22",
            "ticker": "KXHIGHDEN-24DEC13-B44.5",
            "count": 100,
            "created_time": "2024-12-13T15:53:46.35298Z",
            "yes_price": 5,
            "no_price": 95,
            "taker_side": "yes"
        },
        {
            "trade_id": "304343bb-a17d-4b6f-933f-18f1ed340336",
            "ticker": "KXHIGHDEN-24DEC13-B44.5",
            "count": 100,
            "created_time": "2024-12-13T15:53:46.35298Z",
            "yes_price": 5,
            "no_price": 95,
            "taker_side": "yes"
        },
        {
            "trade_id": "607d71bc-038d-467c-88c8-1869f6e5ccb7",
            "ticker": "KXHIGHDEN-24DEC13-B44.5",
            "count": 101,
            "created_time": "2024-12-13T15:48:38.603223Z",
            "yes_price": 2,
            "no_price": 98,
            "taker_side": "no"
        },
        {
            "trade_id": "ac8d1006-ab08-45db-bc9d-a717a2f1d918",
            "ticker": "KXHIGHDEN-24DEC13-B44.5",
            "count": 273,
            "created_time": "2024-12-13T15:46:42.976591Z",
            "yes_price": 2,
            "no_price": 98,
            "taker_side": "no"
        },
        {
            "trade_id": "81351a16-85e2-4615-8b81-a8ebd6285731",
            "ticker": "KXHIGHDEN-24DEC13-B44.5",
            "count": 44,
            "created_time": "2024-12-13T15:45:03.821441Z",
            "yes_price": 1,
            "no_price": 99,
            "taker_side": "no"
        },
        {
            "trade_id": "1fb9f4a8-473b-4c33-a7a1-df298bd8e981",
            "ticker": "KXHIGHDEN-24DEC13-B44.5",
            "count": 8,
            "created_time": "2024-12-13T15:36:43.553369Z",
            "yes_price": 1,
            "no_price": 99,
            "taker_side": "no"
        },
        {
            "trade_id": "d46dacbf-7dac-4bed-a6ae-cc3a73cf718c",
            "ticker": "KXHIGHDEN-24DEC13-B44.5",
            "count": 100,
            "created_time": "2024-12-13T15:35:12.257277Z",
            "yes_price": 5,
            "no_price": 95,
            "taker_side": "yes"
        },
        {
            "trade_id": "76e63aef-1107-4a6b-a752-4fc89a495e11",
            "ticker": "KXHIGHDEN-24DEC13-B44.5",
            "count": 110,
            "created_time": "2024-12-13T15:26:15.418024Z",
            "yes_price": 1,
            "no_price": 99,
            "taker_side": "no"
        },
        {
            "trade_id": "87360983-787e-4b74-9956-8fadd1b837f0",
            "ticker": "KXHIGHDEN-24DEC13-B44.5",
            "count": 18,
            "created_time": "2024-12-13T15:17:34.379029Z",
            "yes_price": 1,
            "no_price": 99,
            "taker_side": "no"
        },
        {
            "trade_id": "bd62d557-d696-41c3-933c-0176c64e05cd",
            "ticker": "KXHIGHDEN-24DEC13-B44.5",
            "count": 100,
            "created_time": "2024-12-13T15:09:50.381681Z",
            "yes_price": 6,
            "no_price": 94,
            "taker_side": "yes"
        },
        {
            "trade_id": "771ceb79-e7a4-4ab6-a681-1177dfe984dc",
            "ticker": "KXHIGHDEN-24DEC13-B44.5",
            "count": 12,
            "created_time": "2024-12-13T15:09:50.381681Z",
            "yes_price": 7,
            "no_price": 93,
            "taker_side": "yes"
        },
        {
            "trade_id": "1f8f3712-e72e-4536-89de-9f57af007c6b",
            "ticker": "KXHIGHDEN-24DEC13-B44.5",
            "count": 50,
            "created_time": "2024-12-13T15:09:50.381681Z",
            "yes_price": 5,
            "no_price": 95,
            "taker_side": "yes"
        },
        {
            "trade_id": "cd6fbe34-4929-4b22-8025-b451fa635b1e",
            "ticker": "KXHIGHDEN-24DEC13-B44.5",
            "count": 63,
            "created_time": "2024-12-13T15:09:45.46018Z",
            "yes_price": 1,
            "no_price": 99,
            "taker_side": "no"
        },
        {
            "trade_id": "500f91b1-4f02-4f58-8b21-e25ba7aff495",
            "ticker": "KXHIGHDEN-24DEC13-B44.5",
            "count": 37,
            "created_time": "2024-12-13T15:01:19.050449Z",
            "yes_price": 1,
            "no_price": 99,
            "taker_side": "no"
        },
        {
            "trade_id": "13015860-015f-4005-8f9f-bbdc52aac856",
            "ticker": "KXHIGHDEN-24DEC13-B44.5",
            "count": 63,
            "created_time": "2024-12-13T14:59:04.228942Z",
            "yes_price": 1,
            "no_price": 99,
            "taker_side": "no"
        },
        {
            "trade_id": "1d3e5141-35ae-4321-879e-6aff18f6d7df",
            "ticker": "KXHIGHDEN-24DEC13-B44.5",
            "count": 1000,
            "created_time": "2024-12-13T14:57:42.605494Z",
            "yes_price": 1,
            "no_price": 99,
            "taker_side": "no"
        },
        {
            "trade_id": "774b1df5-dd9e-4497-8cc6-5eb871c25a60",
            "ticker": "KXHIGHDEN-24DEC13-B44.5",
            "count": 1,
            "created_time": "2024-12-13T14:47:15.330555Z",
            "yes_price": 2,
            "no_price": 98,
            "taker_side": "no"
        },
        {
            "trade_id": "dfd0d9ba-1e3b-4537-8c74-584bd79ae2af",
            "ticker": "KXHIGHDEN-24DEC13-B44.5",
            "count": 203,
            "created_time": "2024-12-13T14:43:32.945269Z",
            "yes_price": 2,
            "no_price": 98,
            "taker_side": "no"
        },
        {
            "trade_id": "cedabf9a-3112-4cf4-a32e-b1f74dec6fd7",
            "ticker": "KXHIGHDEN-24DEC13-B44.5",
            "count": 87,
            "created_time": "2024-12-13T14:30:35.189145Z",
            "yes_price": 1,
            "no_price": 99,
            "taker_side": "yes"
        },
        {
            "trade_id": "0fdccb3d-1761-43a8-8b42-2f8602acc9f3",
            "ticker": "KXHIGHDEN-24DEC13-B44.5",
            "count": 373,
            "created_time": "2024-12-13T14:30:34.013441Z",
            "yes_price": 1,
            "no_price": 99,
            "taker_side": "yes"
        },
        {
            "trade_id": "bf4f2e55-7ffc-43b2-a759-7bfe70febb0b",
            "ticker": "KXHIGHDEN-24DEC13-B44.5",
            "count": 540,
            "created_time": "2024-12-13T14:30:30.94912Z",
            "yes_price": 1,
            "no_price": 99,
            "taker_side": "no"
        },
        {
            "trade_id": "9176bb41-7323-458c-a7a3-7d285aa7f0ee",
            "ticker": "KXHIGHDEN-24DEC13-B44.5",
            "count": 960,
            "created_time": "2024-12-13T14:30:17.511805Z",
            "yes_price": 1,
            "no_price": 99,
            "taker_side": "no"
        },
        {
            "trade_id": "3e56ff7f-7eed-440e-845f-a3af9913e000",
            "ticker": "KXHIGHDEN-24DEC13-B44.5",
            "count": 40,
            "created_time": "2024-12-13T14:30:17.511805Z",
            "yes_price": 1,
            "no_price": 99,
            "taker_side": "no"
        },
        {
            "trade_id": "a4c6a4c3-f4b4-40f7-95d8-671fab9c576b",
            "ticker": "KXHIGHDEN-24DEC13-B44.5",
            "count": 480,
            "created_time": "2024-12-13T14:30:06.004923Z",
            "yes_price": 2,
            "no_price": 98,
            "taker_side": "no"
        },
        {
            "trade_id": "68586f2e-80af-4f3e-95e6-b7a0688a1b61",
            "ticker": "KXHIGHDEN-24DEC13-B44.5",
            "count": 500,
            "created_time": "2024-12-13T14:30:06.004923Z",
            "yes_price": 2,
            "no_price": 98,
            "taker_side": "no"
        },
        {
            "trade_id": "c3c8c504-18e6-4fec-84b0-3bec6bdac66a",
            "ticker": "KXHIGHDEN-24DEC13-B44.5",
            "count": 500,
            "created_time": "2024-12-13T14:29:53.225827Z",
            "yes_price": 3,
            "no_price": 97,
            "taker_side": "no"
        },
        {
            "trade_id": "132d74b4-76bb-4838-a1ed-425abbf4e057",
            "ticker": "KXHIGHDEN-24DEC13-B44.5",
            "count": 353,
            "created_time": "2024-12-13T14:29:53.225827Z",
            "yes_price": 3,
            "no_price": 97,
            "taker_side": "no"
        },
        {
            "trade_id": "c8ffe748-127f-4b25-ba1f-84791d14f21d",
            "ticker": "KXHIGHDEN-24DEC13-B44.5",
            "count": 250,
            "created_time": "2024-12-13T14:17:10.626765Z",
            "yes_price": 4,
            "no_price": 96,
            "taker_side": "no"
        },
        {
            "trade_id": "a3863bf6-cc5e-4d41-a5eb-972867e06c39",
            "ticker": "KXHIGHDEN-24DEC13-B44.5",
            "count": 647,
            "created_time": "2024-12-13T14:17:10.626765Z",
            "yes_price": 3,
            "no_price": 97,
            "taker_side": "no"
        },
        {
            "trade_id": "1c388134-7ad5-4523-ad58-b4cd8f8a9455",
            "ticker": "KXHIGHDEN-24DEC13-B44.5",
            "count": 250,
            "created_time": "2024-12-13T14:11:35.678205Z",
            "yes_price": 5,
            "no_price": 95,
            "taker_side": "yes"
        },
        {
            "trade_id": "0de6b399-5a9f-4a60-8be1-9fae49f7d4ef",
            "ticker": "KXHIGHDEN-24DEC13-B44.5",
            "count": 18,
            "created_time": "2024-12-13T13:59:12.437073Z",
            "yes_price": 5,
            "no_price": 95,
            "taker_side": "yes"
        },
        {
            "trade_id": "f22fbdb0-8fc6-4ba4-9515-403a2397a650",
            "ticker": "KXHIGHDEN-24DEC13-B44.5",
            "count": 20,
            "created_time": "2024-12-13T13:55:46.860647Z",
            "yes_price": 2,
            "no_price": 98,
            "taker_side": "no"
        },
        {
            "trade_id": "e8331db9-c894-4c4e-9516-fbe10c88adff",
            "ticker": "KXHIGHDEN-24DEC13-B44.5",
            "count": 23,
            "created_time": "2024-12-13T13:47:51.058579Z",
            "yes_price": 1,
            "no_price": 99,
            "taker_side": "no"
        },
        {
            "trade_id": "a284c48c-fa47-48b4-a152-28b63f072860",
            "ticker": "KXHIGHDEN-24DEC13-B44.5",
            "count": 40,
            "created_time": "2024-12-13T13:47:51.058579Z",
            "yes_price": 1,
            "no_price": 99,
            "taker_side": "no"
        },
        {
            "trade_id": "7efe3197-66fb-4eca-a0b3-9cb2bcf6e868",
            "ticker": "KXHIGHDEN-24DEC13-B44.5",
            "count": 40,
            "created_time": "2024-12-13T13:47:51.058579Z",
            "yes_price": 2,
            "no_price": 98,
            "taker_side": "no"
        },
        {
            "trade_id": "54a84431-c0f1-4917-9853-dae64889d0ec",
            "ticker": "KXHIGHDEN-24DEC13-B44.5",
            "count": 40,
            "created_time": "2024-12-13T13:47:51.058579Z",
            "yes_price": 2,
            "no_price": 98,
            "taker_side": "no"
        },
        {
            "trade_id": "256dd1ea-9296-41f8-9bb8-435b53f66125",
            "ticker": "KXHIGHDEN-24DEC13-B44.5",
            "count": 20,
            "created_time": "2024-12-13T13:47:51.058579Z",
            "yes_price": 2,
            "no_price": 98,
            "taker_side": "no"
        },
        {
            "trade_id": "1c903acb-d393-494f-bea1-42010238e86a",
            "ticker": "KXHIGHDEN-24DEC13-B44.5",
            "count": 40,
            "created_time": "2024-12-13T13:47:51.058579Z",
            "yes_price": 2,
            "no_price": 98,
            "taker_side": "no"
        },
        {
            "trade_id": "13fb0733-bf71-42e2-9697-5d9ceb98dcc1",
            "ticker": "KXHIGHDEN-24DEC13-B44.5",
            "count": 20,
            "created_time": "2024-12-13T13:16:19.54017Z",
            "yes_price": 2,
            "no_price": 98,
            "taker_side": "no"
        },
        {
            "trade_id": "2f0bfa5b-d15f-4eda-9c92-7d96a9421069",
            "ticker": "KXHIGHDEN-24DEC13-B44.5",
            "count": 4,
            "created_time": "2024-12-13T13:13:36.400993Z",
            "yes_price": 4,
            "no_price": 96,
            "taker_side": "no"
        },
        {
            "trade_id": "5886957a-6dac-4e61-aacf-b98a8b7637a7",
            "ticker": "KXHIGHDEN-24DEC13-B44.5",
            "count": 105,
            "created_time": "2024-12-13T13:01:35.092374Z",
            "yes_price": 5,
            "no_price": 95,
            "taker_side": "no"
        },
        {
            "trade_id": "99164d15-c4c0-4979-8aec-5399d2122dd0",
            "ticker": "KXHIGHDEN-24DEC13-B44.5",
            "count": 209,
            "created_time": "2024-12-13T13:01:23.245542Z",
            "yes_price": 5,
            "no_price": 95,
            "taker_side": "no"
        },
        {
            "trade_id": "32ef56a8-91d6-48ec-b548-9f3e637ed340",
            "ticker": "KXHIGHDEN-24DEC13-B44.5",
            "count": 37,
            "created_time": "2024-12-13T13:01:00.956966Z",
            "yes_price": 6,
            "no_price": 94,
            "taker_side": "no"
        },
        {
            "trade_id": "902d22e9-9c1a-4255-9179-ffa996c81e2a",
            "ticker": "KXHIGHDEN-24DEC13-B44.5",
            "count": 240,
            "created_time": "2024-12-13T07:53:06.596929Z",
            "yes_price": 8,
            "no_price": 92,
            "taker_side": "yes"
        },
        {
            "trade_id": "40c8e758-f106-45df-90a4-6f2c7bb74d22",
            "ticker": "KXHIGHDEN-24DEC13-B44.5",
            "count": 200,
            "created_time": "2024-12-13T07:53:06.596929Z",
            "yes_price": 7,
            "no_price": 93,
            "taker_side": "yes"
        },
        {
            "trade_id": "735234b3-51ca-4ee1-9ec1-a755f1d10fdd",
            "ticker": "KXHIGHDEN-24DEC13-B44.5",
            "count": 100,
            "created_time": "2024-12-13T07:37:29.733453Z",
            "yes_price": 8,
            "no_price": 92,
            "taker_side": "yes"
        },
        {
            "trade_id": "5b661c86-9e4c-4ffb-bbfd-baa43c076e1a",
            "ticker": "KXHIGHDEN-24DEC13-B44.5",
            "count": 100,
            "created_time": "2024-12-13T07:37:29.733453Z",
