{
    "KXHIGHDEN-24DEC25-T48": [
        {
            "trade_id": "c8ef42b5-a078-494e-b1c5-e686ab660373",
            "ticker": "KXHIGHDEN-24DEC25-T48",
            "count": 200,
            "created_time": "2024-12-25T22:47:24.849453Z",
            "yes_price": 1,
            "no_price": 99,
            "taker_side": "yes"
        },
        {
            "trade_id": "1f443ec9-47b9-41d4-8b6f-3c48c2c16ea7",
            "ticker": "KXHIGHDEN-24DEC25-T48",
            "count": 1000,
            "created_time": "2024-12-25T22:13:01.749266Z",
            "yes_price": 1,
            "no_price": 99,
            "taker_side": "yes"
        },
        {
            "trade_id": "b2ded334-9d0a-4a3c-bc40-23513798b296",
            "ticker": "KXHIGHDEN-24DEC25-T48",
            "count": 39,
            "created_time": "2024-12-25T20:46:17.718392Z",
            "yes_price": 1,
            "no_price": 99,
            "taker_side": "yes"
        },
        {
            "trade_id": "c1f9ccc4-5011-4a41-856e-fa4e1f30d1f6",
            "ticker": "KXHIGHDEN-24DEC25-T48",
            "count": 187,
            "created_time": "2024-12-25T20:45:04.00869Z",
            "yes_price": 1,
            "no_price": 99,
            "taker_side": "yes"
        },
        {
            "trade_id": "1f86f3ed-e1f0-4b20-bf05-786cad9307ad",
            "ticker": "KXHIGHDEN-24DEC25-T48",
            "count": 161,
            "created_time": "2024-12-25T20:38:28.617885Z",
            "yes_price": 1,
            "no_price": 99,
            "taker_side": "yes"
        },
        {
            "trade_id": "1834345a-fbbd-4594-95cb-36d3f978d714",
            "ticker": "KXHIGHDEN-24DEC25-T48",
            "count": 399,
            "created_time": "2024-12-25T20:38:28.617885Z",
            "yes_price": 1,
            "no_price": 99,
            "taker_side": "yes"
        },
        {
            "trade_id": "f6b7e6b3-010b-4a21-af28-6d7338e143f2",
            "ticker": "KXHIGHDEN-24DEC25-T48",
            "count": 23,
            "created_time": "2024-12-25T20:18:16.231339Z",
            "yes_price": 1,
            "no_price": 99,
            "taker_side": "yes"
        },
        {
            "trade_id": "ce953f89-b110-4470-9a12-346514d7d798",
            "ticker": "KXHIGHDEN-24DEC25-T48",
            "count": 10,
            "created_time": "2024-12-25T19:35:08.622195Z",
            "yes_price": 1,
            "no_price": 99,
            "taker_side": "yes"
        },
        {
            "trade_id": "a06edb2f-6ac6-4704-9faa-5514e429da24",
            "ticker": "KXHIGHDEN-24DEC25-T48",
            "count": 13,
            "created_time": "2024-12-25T19:34:34.693878Z",
            "yes_price": 1,
            "no_price": 99,
            "taker_side": "yes"
        },
        {
            "trade_id": "4856e5fd-9b13-4224-984c-5eab0b76df8e",
            "ticker": "KXHIGHDEN-24DEC25-T48",
            "count": 58,
            "created_time": "2024-12-25T19:24:28.380387Z",
            "yes_price": 1,
            "no_price": 99,
            "taker_side": "yes"
        },
        {
            "trade_id": "66de4b30-4ddf-4b7f-92f6-e4f80631798d",
            "ticker": "KXHIGHDEN-24DEC25-T48",
            "count": 53,
            "created_time": "2024-12-25T19:07:34.460478Z",
            "yes_price": 1,
            "no_price": 99,
            "taker_side": "yes"
        },
        {
            "trade_id": "b2cb8927-9d0e-4c3f-975d-edf4dfbb6a23",
            "ticker": "KXHIGHDEN-24DEC25-T48",
            "count": 1200,
            "created_time": "2024-12-25T18:58:59.754061Z",
            "yes_price": 1,
            "no_price": 99,
            "taker_side": "yes"
        },
        {
            "trade_id": "a2ab8438-262a-4199-8116-b5c1a7fc48d5",
            "ticker": "KXHIGHDEN-24DEC25-T48",
            "count": 1200,
            "created_time": "2024-12-25T18:46:06.886578Z",
            "yes_price": 1,
            "no_price": 99,
            "taker_side": "yes"
        },
        {
            "trade_id": "6ed2f60a-e1dd-4783-8654-d5e08e1c835f",
            "ticker": "KXHIGHDEN-24DEC25-T48",
            "count": 5,
            "created_time": "2024-12-25T18:41:02.652537Z",
            "yes_price": 1,
            "no_price": 99,
            "taker_side": "yes"
        },
        {
            "trade_id": "1826eda3-d425-45f2-9c47-531224d002c6",
            "ticker": "KXHIGHDEN-24DEC25-T48",
            "count": 200,
            "created_time": "2024-12-25T18:34:00.449897Z",
            "yes_price": 1,
            "no_price": 99,
            "taker_side": "yes"
        },
        {
            "trade_id": "0f88cdb0-389c-430c-a13e-1642bea50514",
            "ticker": "KXHIGHDEN-24DEC25-T48",
            "count": 30,
            "created_time": "2024-12-25T18:33:55.147795Z",
            "yes_price": 1,
            "no_price": 99,
            "taker_side": "yes"
        },
        {
            "trade_id": "bf10a226-c235-4a0c-91aa-1e460d7759e3",
            "ticker": "KXHIGHDEN-24DEC25-T48",
            "count": 152,
            "created_time": "2024-12-25T18:32:12.638707Z",
            "yes_price": 1,
            "no_price": 99,
            "taker_side": "yes"
        },
        {
            "trade_id": "defe1c70-f802-4f6a-a7aa-b3dec30c8c85",
            "ticker": "KXHIGHDEN-24DEC25-T48",
            "count": 40,
            "created_time": "2024-12-25T18:32:08.19494Z",
            "yes_price": 1,
            "no_price": 99,
            "taker_side": "no"
        },
        {
            "trade_id": "dad46d32-f1fb-409a-8cf0-9e556b6486a0",
            "ticker": "KXHIGHDEN-24DEC25-T48",
            "count": 9,
            "created_time": "2024-12-25T18:32:08.19494Z",
            "yes_price": 1,
            "no_price": 99,
            "taker_side": "no"
        },
        {
            "trade_id": "d74b93dc-d318-400f-ac90-3290ac266a3b",
            "ticker": "KXHIGHDEN-24DEC25-T48",
            "count": 150,
            "created_time": "2024-12-25T18:32:08.19494Z",
            "yes_price": 2,
            "no_price": 98,
            "taker_side": "no"
        },
        {
            "trade_id": "90952efa-cd93-483c-b064-f7b9e8348609",
            "ticker": "KXHIGHDEN-24DEC25-T48",
            "count": 40,
            "created_time": "2024-12-25T18:32:08.19494Z",
            "yes_price": 1,
            "no_price": 99,
            "taker_side": "no"
        },
        {
            "trade_id": "8c95adad-c0e1-407e-810c-2076731572eb",
            "ticker": "KXHIGHDEN-24DEC25-T48",
            "count": 40,
            "created_time": "2024-12-25T18:32:08.19494Z",
            "yes_price": 1,
            "no_price": 99,
            "taker_side": "no"
        },
        {
            "trade_id": "8524f772-ad42-42bb-8a10-511088cecacc",
            "ticker": "KXHIGHDEN-24DEC25-T48",
            "count": 120,
            "created_time": "2024-12-25T18:32:08.19494Z",
            "yes_price": 1,
            "no_price": 99,
            "taker_side": "no"
        },
        {
            "trade_id": "7df1bfba-704d-42e6-a7b0-050f2ef3ea62",
            "ticker": "KXHIGHDEN-24DEC25-T48",
            "count": 347,
            "created_time": "2024-12-25T18:32:08.19494Z",
            "yes_price": 2,
            "no_price": 98,
            "taker_side": "no"
        },
        {
            "trade_id": "79048b69-0280-47b7-8829-f165b300ddee",
            "ticker": "KXHIGHDEN-24DEC25-T48",
            "count": 13,
            "created_time": "2024-12-25T18:32:08.19494Z",
            "yes_price": 4,
            "no_price": 96,
            "taker_side": "no"
        },
        {
            "trade_id": "7221faf2-2f2d-4faa-94cd-c85fa4a28d78",
            "ticker": "KXHIGHDEN-24DEC25-T48",
            "count": 40,
            "created_time": "2024-12-25T18:32:08.19494Z",
            "yes_price": 1,
            "no_price": 99,
            "taker_side": "no"
        },
        {
            "trade_id": "668eea0e-d05e-4950-826a-35e5fee7f992",
            "ticker": "KXHIGHDEN-24DEC25-T48",
            "count": 150,
            "created_time": "2024-12-25T18:32:08.19494Z",
            "yes_price": 3,
            "no_price": 97,
            "taker_side": "no"
        },
        {
            "trade_id": "45096fe1-17d2-4819-843a-9a063cd5a7c6",
            "ticker": "KXHIGHDEN-24DEC25-T48",
            "count": 120,
            "created_time": "2024-12-25T18:32:08.19494Z",
            "yes_price": 1,
            "no_price": 99,
            "taker_side": "no"
        },
        {
            "trade_id": "3a39044a-97bf-4977-9d68-2a594d79e283",
            "ticker": "KXHIGHDEN-24DEC25-T48",
            "count": 211,
            "created_time": "2024-12-25T18:32:08.19494Z",
            "yes_price": 5,
            "no_price": 95,
            "taker_side": "no"
        },
        {
            "trade_id": "275706a5-d8cd-4cd0-bd82-ceebbb2c6cc1",
            "ticker": "KXHIGHDEN-24DEC25-T48",
            "count": 120,
            "created_time": "2024-12-25T18:32:08.19494Z",
            "yes_price": 1,
            "no_price": 99,
            "taker_side": "no"
        },
        {
            "trade_id": "deaf7cfc-ef57-4a24-86ff-e883f188b053",
            "ticker": "KXHIGHDEN-24DEC25-T48",
            "count": 7,
            "created_time": "2024-12-25T18:31:26.594876Z",
            "yes_price": 5,
            "no_price": 95,
            "taker_side": "yes"
        },
        {
            "trade_id": "a6f1f82c-a65b-4635-ac35-69a196937144",
            "ticker": "KXHIGHDEN-24DEC25-T48",
            "count": 5,
            "created_time": "2024-12-25T18:30:03.21517Z",
            "yes_price": 5,
            "no_price": 95,
            "taker_side": "yes"
        },
        {
            "trade_id": "2bd1e1fe-cb50-4834-a8b5-cb8343544a64",
            "ticker": "KXHIGHDEN-24DEC25-T48",
            "count": 5,
            "created_time": "2024-12-25T18:29:14.147058Z",
            "yes_price": 5,
            "no_price": 95,
            "taker_side": "yes"
        },
        {
            "trade_id": "fb47f01c-77c5-4795-b893-c40fc62dbbd4",
            "ticker": "KXHIGHDEN-24DEC25-T48",
            "count": 146,
            "created_time": "2024-12-25T18:26:36.207032Z",
            "yes_price": 5,
            "no_price": 95,
            "taker_side": "yes"
        },
        {
            "trade_id": "8680b04f-f722-49c9-a1e4-9f96aefe515b",
            "ticker": "KXHIGHDEN-24DEC25-T48",
            "count": 9,
            "created_time": "2024-12-25T18:26:36.207032Z",
            "yes_price": 5,
            "no_price": 95,
            "taker_side": "yes"
        },
        {
            "trade_id": "cc899e70-8733-4e8c-b7fe-9b1929371949",
            "ticker": "KXHIGHDEN-24DEC25-T48",
            "count": 156,
            "created_time": "2024-12-25T18:23:52.599876Z",
            "yes_price": 7,
            "no_price": 93,
            "taker_side": "yes"
        },
        {
            "trade_id": "9a63a2d6-fb35-4f8f-96ca-03bb6422bb5c",
            "ticker": "KXHIGHDEN-24DEC25-T48",
            "count": 9,
            "created_time": "2024-12-25T18:23:36.374465Z",
            "yes_price": 7,
            "no_price": 93,
            "taker_side": "yes"
        },
        {
            "trade_id": "d6e9a1f7-f972-49f7-80a6-14a1a7d212cb",
            "ticker": "KXHIGHDEN-24DEC25-T48",
            "count": 76,
            "created_time": "2024-12-25T18:16:42.411865Z",
            "yes_price": 3,
            "no_price": 97,
            "taker_side": "yes"
        },
        {
            "trade_id": "39f97cd1-db8d-4d1f-ada1-4ecde1701748",
            "ticker": "KXHIGHDEN-24DEC25-T48",
            "count": 16,
            "created_time": "2024-12-25T18:16:42.411865Z",
            "yes_price": 3,
            "no_price": 97,
            "taker_side": "yes"
        },
        {
            "trade_id": "33adb7cf-9e6a-4d05-b660-7cfd981439f3",
            "ticker": "KXHIGHDEN-24DEC25-T48",
            "count": 150,
            "created_time": "2024-12-25T18:16:42.411865Z",
            "yes_price": 3,
            "no_price": 97,
            "taker_side": "yes"
        },
        {
            "trade_id": "334155f1-7e34-4c57-8161-8358a0810ead",
            "ticker": "KXHIGHDEN-24DEC25-T48",
            "count": 74,
            "created_time": "2024-12-25T18:14:58.336919Z",
            "yes_price": 3,
            "no_price": 97,
            "taker_side": "yes"
        },
        {
            "trade_id": "4e91378e-f01a-4643-844b-185123019db9",
            "ticker": "KXHIGHDEN-24DEC25-T48",
            "count": 31,
            "created_time": "2024-12-25T18:13:35.545772Z",
            "yes_price": 4,
            "no_price": 96,
            "taker_side": "yes"
        },
        {
            "trade_id": "30eb5b73-3d12-4ad9-9ae1-285351937382",
            "ticker": "KXHIGHDEN-24DEC25-T48",
            "count": 17,
            "created_time": "2024-12-25T18:13:35.545772Z",
            "yes_price": 3,
            "no_price": 97,
            "taker_side": "yes"
        },
        {
            "trade_id": "b2909485-4abc-4d63-a0c0-763ea4e95525",
            "ticker": "KXHIGHDEN-24DEC25-T48",
            "count": 50,
            "created_time": "2024-12-25T18:11:54.055504Z",
            "yes_price": 2,
            "no_price": 98,
            "taker_side": "no"
        },
        {
            "trade_id": "cdb73acd-255f-48ca-8ce7-a03332dab479",
            "ticker": "KXHIGHDEN-24DEC25-T48",
            "count": 40,
            "created_time": "2024-12-25T18:10:50.308529Z",
            "yes_price": 3,
            "no_price": 97,
            "taker_side": "no"
        },
        {
            "trade_id": "4c5671d0-2511-4582-acb3-86aa3c735ee0",
            "ticker": "KXHIGHDEN-24DEC25-T48",
            "count": 40,
            "created_time": "2024-12-25T18:10:50.308529Z",
            "yes_price": 3,
            "no_price": 97,
            "taker_side": "no"
        },
        {
            "trade_id": "367d971b-f856-4033-b199-32f760c687cc",
            "ticker": "KXHIGHDEN-24DEC25-T48",
            "count": 195,
            "created_time": "2024-12-25T18:09:38.624582Z",
            "yes_price": 4,
            "no_price": 96,
            "taker_side": "no"
        },
        {
            "trade_id": "0b50971e-3b37-48a2-824d-ef9346f6c25a",
            "ticker": "KXHIGHDEN-24DEC25-T48",
            "count": 105,
            "created_time": "2024-12-25T18:09:38.624582Z",
            "yes_price": 5,
            "no_price": 95,
            "taker_side": "no"
        },
        {
            "trade_id": "0c58a446-7331-411a-b59a-326e055bbfdb",
            "ticker": "KXHIGHDEN-24DEC25-T48",
            "count": 40,
            "created_time": "2024-12-25T18:05:26.109991Z",
            "yes_price": 5,
            "no_price": 95,
            "taker_side": "no"
        },
        {
            "trade_id": "c3728be8-38d3-4747-a8c4-d383e7f8eb7a",
            "ticker": "KXHIGHDEN-24DEC25-T48",
            "count": 145,
            "created_time": "2024-12-25T17:59:19.067606Z",
            "yes_price": 5,
            "no_price": 95,
            "taker_side": "no"
        },
        {
            "trade_id": "d80169c8-1866-4c82-909e-b6bd8898d45d",
            "ticker": "KXHIGHDEN-24DEC25-T48",
            "count": 60,
            "created_time": "2024-12-25T17:59:09.992347Z",
            "yes_price": 5,
            "no_price": 95,
            "taker_side": "no"
        },
        {
            "trade_id": "4d32a8fc-58d0-41cd-9ece-ac3f83154875",
            "ticker": "KXHIGHDEN-24DEC25-T48",
            "count": 32,
            "created_time": "2024-12-25T17:59:09.992347Z",
            "yes_price": 5,
            "no_price": 95,
            "taker_side": "no"
        },
        {
            "trade_id": "19830874-2087-4eef-ab4e-fb87b3aeb24d",
            "ticker": "KXHIGHDEN-24DEC25-T48",
            "count": 8,
            "created_time": "2024-12-25T17:59:09.992347Z",
            "yes_price": 5,
            "no_price": 95,
            "taker_side": "no"
        },
        {
            "trade_id": "589c1491-5089-43d0-a242-504e0169b053",
            "ticker": "KXHIGHDEN-24DEC25-T48",
            "count": 89,
            "created_time": "2024-12-25T17:56:57.863516Z",
            "yes_price": 4,
            "no_price": 96,
            "taker_side": "no"
        },
        {
            "trade_id": "9fa5af18-9ee1-4cfe-990b-7ffa123c1d1a",
            "ticker": "KXHIGHDEN-24DEC25-T48",
            "count": 300,
            "created_time": "2024-12-25T17:55:58.0848Z",
            "yes_price": 3,
            "no_price": 97,
            "taker_side": "no"
        },
        {
            "trade_id": "83c4ca85-c3e2-4216-8f50-4f2d9c1049d6",
            "ticker": "KXHIGHDEN-24DEC25-T48",
            "count": 31,
            "created_time": "2024-12-25T17:49:28.355505Z",
            "yes_price": 14,
            "no_price": 86,
            "taker_side": "yes"
        },
        {
            "trade_id": "3987dd65-0348-412f-a2b1-a5b1883dc984",
            "ticker": "KXHIGHDEN-24DEC25-T48",
            "count": 58,
            "created_time": "2024-12-25T17:49:28.355505Z",
            "yes_price": 14,
            "no_price": 86,
            "taker_side": "yes"
        },
        {
            "trade_id": "e4b42ac6-4614-444a-a748-498ca5e193a2",
            "ticker": "KXHIGHDEN-24DEC25-T48",
            "count": 20,
            "created_time": "2024-12-25T17:47:14.8025Z",
            "yes_price": 15,
            "no_price": 85,
            "taker_side": "yes"
        },
        {
            "trade_id": "dbc01b41-8e8f-4ebd-86ee-64f8dcdf1fe7",
            "ticker": "KXHIGHDEN-24DEC25-T48",
            "count": 6,
            "created_time": "2024-12-25T17:47:09.871478Z",
            "yes_price": 6,
            "no_price": 94,
            "taker_side": "no"
        },
        {
            "trade_id": "b368f50a-0613-4476-9c34-61b125ada9bd",
            "ticker": "KXHIGHDEN-24DEC25-T48",
            "count": 40,
            "created_time": "2024-12-25T17:47:09.871478Z",
            "yes_price": 4,
            "no_price": 96,
            "taker_side": "no"
        },
        {
            "trade_id": "93442e02-f73a-4cda-b1af-80c50ffde01a",
            "ticker": "KXHIGHDEN-24DEC25-T48",
            "count": 6,
            "created_time": "2024-12-25T17:47:09.871478Z",
            "yes_price": 6,
            "no_price": 94,
            "taker_side": "no"
        },
        {
            "trade_id": "8bf4bd62-9151-4cd8-9f23-64ee242fb2b4",
            "ticker": "KXHIGHDEN-24DEC25-T48",
            "count": 155,
            "created_time": "2024-12-25T17:47:09.871478Z",
            "yes_price": 3,
            "no_price": 97,
            "taker_side": "no"
        },
        {
            "trade_id": "788751d7-62c1-428f-8e48-24f6fcf58453",
            "ticker": "KXHIGHDEN-24DEC25-T48",
            "count": 40,
            "created_time": "2024-12-25T17:47:09.871478Z",
            "yes_price": 5,
            "no_price": 95,
            "taker_side": "no"
        },
        {
            "trade_id": "6ad057ef-64b0-4123-b691-1bda9fe5a9a4",
            "ticker": "KXHIGHDEN-24DEC25-T48",
            "count": 300,
            "created_time": "2024-12-25T17:47:09.871478Z",
            "yes_price": 4,
            "no_price": 96,
            "taker_side": "no"
        },
        {
            "trade_id": "4a06f088-c31b-4d06-98e1-64eeb2949d2f",
            "ticker": "KXHIGHDEN-24DEC25-T48",
            "count": 40,
            "created_time": "2024-12-25T17:47:09.871478Z",
            "yes_price": 5,
            "no_price": 95,
            "taker_side": "no"
        },
        {
            "trade_id": "34fb2135-245c-4d96-988c-59437dcced7e",
            "ticker": "KXHIGHDEN-24DEC25-T48",
            "count": 40,
            "created_time": "2024-12-25T17:47:09.871478Z",
            "yes_price": 3,
            "no_price": 97,
            "taker_side": "no"
        },
        {
            "trade_id": "331e08c7-6824-4d5f-96d6-cd114d4388be",
            "ticker": "KXHIGHDEN-24DEC25-T48",
            "count": 154,
            "created_time": "2024-12-25T17:47:09.871478Z",
            "yes_price": 6,
            "no_price": 94,
            "taker_side": "no"
        },
        {
            "trade_id": "2196d404-b218-4e89-b232-3a2d6812fa28",
            "ticker": "KXHIGHDEN-24DEC25-T48",
            "count": 40,
            "created_time": "2024-12-25T17:47:09.871478Z",
            "yes_price": 3,
            "no_price": 97,
            "taker_side": "no"
        },
        {
            "trade_id": "198d37d7-4246-472c-8f13-bdc73b8feb36",
            "ticker": "KXHIGHDEN-24DEC25-T48",
            "count": 49,
            "created_time": "2024-12-25T17:47:09.871478Z",
            "yes_price": 5,
            "no_price": 95,
            "taker_side": "no"
        },
        {
            "trade_id": "0f0831f5-37d1-4d08-ba08-cea1dbf3d055",
            "ticker": "KXHIGHDEN-24DEC25-T48",
            "count": 30,
            "created_time": "2024-12-25T17:47:09.871478Z",
            "yes_price": 8,
            "no_price": 92,
            "taker_side": "no"
        },
        {
            "trade_id": "065d193e-f545-40cd-ab88-466e4064d3c6",
            "ticker": "KXHIGHDEN-24DEC25-T48",
            "count": 40,
            "created_time": "2024-12-25T17:47:09.871478Z",
            "yes_price": 5,
            "no_price": 95,
            "taker_side": "no"
        },
        {
            "trade_id": "62f087e5-fcb8-4dce-ad16-4a9cfa753a66",
            "ticker": "KXHIGHDEN-24DEC25-T48",
            "count": 94,
            "created_time": "2024-12-25T17:36:18.201265Z",
            "yes_price": 6,
            "no_price": 94,
            "taker_side": "no"
        },
        {
            "trade_id": "25ad2e21-b30a-4856-bcf1-6a98f0789121",
            "ticker": "KXHIGHDEN-24DEC25-T48",
            "count": 12,
            "created_time": "2024-12-25T17:36:18.201265Z",
            "yes_price": 7,
            "no_price": 93,
            "taker_side": "no"
        },
        {
            "trade_id": "bbdb2132-ac6e-4c1c-9894-298959b941e1",
            "ticker": "KXHIGHDEN-24DEC25-T48",
            "count": 82,
            "created_time": "2024-12-25T17:30:40.506635Z",
            "yes_price": 14,
            "no_price": 86,
            "taker_side": "yes"
        },
        {
            "trade_id": "9d671ed4-b180-4880-9222-5fc4e26823ff",
            "ticker": "KXHIGHDEN-24DEC25-T48",
            "count": 49,
            "created_time": "2024-12-25T17:30:40.506635Z",
            "yes_price": 15,
            "no_price": 85,
            "taker_side": "yes"
        },
        {
            "trade_id": "8a070471-9188-48b4-87dc-024713133f01",
            "ticker": "KXHIGHDEN-24DEC25-T48",
            "count": 21,
            "created_time": "2024-12-25T17:30:40.506635Z",
            "yes_price": 14,
            "no_price": 86,
            "taker_side": "yes"
        },
        {
            "trade_id": "78791966-8a76-477e-bd6c-fab9788dd03f",
            "ticker": "KXHIGHDEN-24DEC25-T48",
            "count": 90,
            "created_time": "2024-12-25T17:29:46.224881Z",
            "yes_price": 19,
            "no_price": 81,
            "taker_side": "yes"
        },
        {
            "trade_id": "58b00085-8533-42a5-8352-b3469c57abb6",
            "ticker": "KXHIGHDEN-24DEC25-T48",
            "count": 17,
            "created_time": "2024-12-25T17:29:46.224881Z",
            "yes_price": 16,
            "no_price": 84,
            "taker_side": "yes"
        },
        {
            "trade_id": "502d6ae1-c51a-4b05-9d03-442fef63a8a3",
            "ticker": "KXHIGHDEN-24DEC25-T48",
            "count": 25,
            "created_time": "2024-12-25T17:29:46.224881Z",
            "yes_price": 15,
            "no_price": 85,
            "taker_side": "yes"
        },
        {
            "trade_id": "f6e76543-5336-415b-85c5-89c0a834f24e",
            "ticker": "KXHIGHDEN-24DEC25-T48",
            "count": 200,
            "created_time": "2024-12-25T17:21:28.388059Z",
            "yes_price": 10,
            "no_price": 90,
            "taker_side": "yes"
        },
        {
            "trade_id": "8f1898ab-52da-4919-a4be-464bb902a66a",
            "ticker": "KXHIGHDEN-24DEC25-T48",
            "count": 5,
            "created_time": "2024-12-25T17:20:58.769381Z",
            "yes_price": 9,
            "no_price": 91,
            "taker_side": "yes"
        },
        {
            "trade_id": "c86aa049-859f-4d4d-a3ec-f64745004450",
            "ticker": "KXHIGHDEN-24DEC25-T48",
            "count": 8,
            "created_time": "2024-12-25T17:16:22.620174Z",
            "yes_price": 10,
            "no_price": 90,
            "taker_side": "no"
        },
        {
            "trade_id": "c1843e05-99c6-41b4-a148-9c35100b7455",
            "ticker": "KXHIGHDEN-24DEC25-T48",
            "count": 158,
            "created_time": "2024-12-25T17:16:22.620174Z",
            "yes_price": 9,
            "no_price": 91,
            "taker_side": "no"
        },
        {
            "trade_id": "40f00a26-463d-4878-a961-7cfce180d709",
            "ticker": "KXHIGHDEN-24DEC25-T48",
            "count": 376,
            "created_time": "2024-12-25T17:16:22.620174Z",
            "yes_price": 8,
            "no_price": 92,
            "taker_side": "no"
        },
        {
            "trade_id": "2d11b47d-239b-4ab3-9832-ac8f86f2a277",
            "ticker": "KXHIGHDEN-24DEC25-T48",
            "count": 107,
            "created_time": "2024-12-25T17:16:22.620174Z",
            "yes_price": 8,
            "no_price": 92,
            "taker_side": "no"
        },
        {
            "trade_id": "a96e08bb-2b08-419e-8989-3636899b3939",
            "ticker": "KXHIGHDEN-24DEC25-T48",
            "count": 7,
            "created_time": "2024-12-25T17:14:39.194512Z",
            "yes_price": 14,
            "no_price": 86,
            "taker_side": "no"
        },
        {
            "trade_id": "904446d2-db66-4e7a-8086-9101f6e84289",
            "ticker": "KXHIGHDEN-24DEC25-T48",
            "count": 53,
            "created_time": "2024-12-25T17:14:39.194512Z",
            "yes_price": 13,
            "no_price": 87,
            "taker_side": "no"
        },
        {
            "trade_id": "353585f8-7b8f-43d8-9270-4f0f903aab27",
            "ticker": "KXHIGHDEN-24DEC25-T48",
            "count": 80,
            "created_time": "2024-12-25T17:14:39.194512Z",
            "yes_price": 14,
            "no_price": 86,
            "taker_side": "no"
        },
        {
            "trade_id": "2931593c-41b9-4e7f-a828-3dfa7188ca8c",
            "ticker": "KXHIGHDEN-24DEC25-T48",
            "count": 200,
            "created_time": "2024-12-25T17:14:39.194512Z",
            "yes_price": 12,
            "no_price": 88,
            "taker_side": "no"
        },
        {
            "trade_id": "21038f4f-5e68-484a-aa6b-f064398570ad",
            "ticker": "KXHIGHDEN-24DEC25-T48",
            "count": 293,
            "created_time": "2024-12-25T17:14:39.194512Z",
            "yes_price": 8,
            "no_price": 92,
            "taker_side": "no"
        },
        {
            "trade_id": "07a2ac8e-355c-4b8c-8d3f-0d3db26a57f3",
            "ticker": "KXHIGHDEN-24DEC25-T48",
            "count": 67,
            "created_time": "2024-12-25T17:14:39.194512Z",
            "yes_price": 14,
            "no_price": 86,
            "taker_side": "no"
        },
        {
            "trade_id": "364bd05c-f82e-49ce-b49e-290b0cba84c6",
            "ticker": "KXHIGHDEN-24DEC25-T48",
            "count": 30,
            "created_time": "2024-12-25T17:13:38.175609Z",
            "yes_price": 14,
            "no_price": 86,
            "taker_side": "no"
        },
        {
            "trade_id": "0d39c61f-ae4d-4adf-829a-2bd14a462e42",
            "ticker": "KXHIGHDEN-24DEC25-T48",
            "count": 41,
            "created_time": "2024-12-25T17:13:05.407135Z",
            "yes_price": 14,
            "no_price": 86,
            "taker_side": "no"
        },
        {
            "trade_id": "e67257b6-1246-4b72-8fa1-d676fe100972",
            "ticker": "KXHIGHDEN-24DEC25-T48",
            "count": 20,
            "created_time": "2024-12-25T17:10:04.830896Z",
            "yes_price": 12,
            "no_price": 88,
            "taker_side": "no"
        },
        {
            "trade_id": "d354d2fc-7ed0-41aa-83bb-20659cb8e562",
            "ticker": "KXHIGHDEN-24DEC25-T48",
            "count": 18,
            "created_time": "2024-12-25T17:07:44.004852Z",
            "yes_price": 14,
            "no_price": 86,
            "taker_side": "yes"
        },
        {
            "trade_id": "85413351-4b84-430b-94ae-be32582808ea",
            "ticker": "KXHIGHDEN-24DEC25-T48",
            "count": 49,
            "created_time": "2024-12-25T17:07:44.004852Z",
            "yes_price": 14,
            "no_price": 86,
            "taker_side": "yes"
        },
        {
            "trade_id": "d96540cb-a272-4aad-8e64-8db20ec71cca",
            "ticker": "KXHIGHDEN-24DEC25-T48",
            "count": 8,
            "created_time": "2024-12-25T17:07:42.526752Z",
            "yes_price": 13,
            "no_price": 87,
            "taker_side": "yes"
        },
        {
            "trade_id": "c8a2c390-1ba7-4792-86f9-980030062376",
            "ticker": "KXHIGHDEN-24DEC25-T48",
            "count": 8,
            "created_time": "2024-12-25T16:59:16.978595Z",
            "yes_price": 14,
            "no_price": 86,
            "taker_side": "no"
        },
        {
            "trade_id": "a1120d43-7358-4245-a59c-2c80794ad0c3",
            "ticker": "KXHIGHDEN-24DEC25-T48",
            "count": 40,
            "created_time": "2024-12-25T16:59:16.978595Z",
            "yes_price": 14,
            "no_price": 86,
            "taker_side": "no"
        },
        {
            "trade_id": "99691af0-8815-4cb4-bf77-27bced11d352",
            "ticker": "KXHIGHDEN-24DEC25-T48",
            "count": 40,
            "created_time": "2024-12-25T16:59:16.978595Z",
            "yes_price": 14,
            "no_price": 86,
            "taker_side": "no"
        },
        {
            "trade_id": "7e0bf16b-fd01-427c-a057-ccd194c86ee8",
            "ticker": "KXHIGHDEN-24DEC25-T48",
            "count": 40,
            "created_time": "2024-12-25T16:59:16.978595Z",
            "yes_price": 14,
            "no_price": 86,
            "taker_side": "no"
        },
        {
            "trade_id": "2c2684fc-f44f-46df-83ac-5a3ad752599c",
            "ticker": "KXHIGHDEN-24DEC25-T48",
            "count": 14,
            "created_time": "2024-12-25T16:59:16.978595Z",
            "yes_price": 14,
            "no_price": 86,
            "taker_side": "no"
        },
        {
            "trade_id": "04963ea7-9858-4ed3-a0c3-2b598767ccb9",
            "ticker": "KXHIGHDEN-24DEC25-T48",
            "count": 40,
            "created_time": "2024-12-25T16:59:16.978595Z",
            "yes_price": 14,
            "no_price": 86,
            "taker_side": "no"
        },
        {
            "trade_id": "c7a0b0b2-3fe6-46c6-b16d-6797b668296e",
            "ticker": "KXHIGHDEN-24DEC25-T48",
            "count": 9,
            "created_time": "2024-12-25T16:57:01.424343Z",
            "yes_price": 15,
            "no_price": 85,
            "taker_side": "no"
        },
        {
            "trade_id": "7f592b17-fd63-4095-afe1-800b039f5d74",
            "ticker": "KXHIGHDEN-24DEC25-T48",
            "count": 9,
            "created_time": "2024-12-25T16:56:37.648056Z",
            "yes_price": 18,
            "no_price": 82,
            "taker_side": "no"
        },
        {
            "trade_id": "2de80ec6-4a92-4820-a391-914f0d8f001e",
            "ticker": "KXHIGHDEN-24DEC25-T48",
            "count": 141,
            "created_time": "2024-12-25T16:56:37.648056Z",
            "yes_price": 17,
            "no_price": 83,
            "taker_side": "no"
        },
        {
            "trade_id": "04432dd8-1105-409c-aaab-63562782bba9",
            "ticker": "KXHIGHDEN-24DEC25-T48",
            "count": 50,
            "created_time": "2024-12-25T16:56:37.648056Z",
            "yes_price": 17,
            "no_price": 83,
            "taker_side": "no"
        },
        {
            "trade_id": "7a2ed743-4b47-45b6-8802-0498bcd643e7",
            "ticker": "KXHIGHDEN-24DEC25-T48",
            "count": 30,
            "created_time": "2024-12-25T16:56:07.303326Z",
            "yes_price": 18,
            "no_price": 82,
            "taker_side": "no"
        },
        {
            "trade_id": "e4e6a010-61ed-4c3e-8e20-9953eaedf4e0",
            "ticker": "KXHIGHDEN-24DEC25-T48",
            "count": 40,
            "created_time": "2024-12-25T16:51:32.410526Z",
            "yes_price": 18,
            "no_price": 82,
            "taker_side": "no"
        },
        {
            "trade_id": "d69f9a74-3110-4e98-907f-3dcf191b23a7",
            "ticker": "KXHIGHDEN-24DEC25-T48",
            "count": 52,
            "created_time": "2024-12-25T16:49:37.877981Z",
            "yes_price": 20,
            "no_price": 80,
            "taker_side": "no"
        },
        {
            "trade_id": "bf2ae15b-02a2-420e-a51d-5adce212d5f9",
            "ticker": "KXHIGHDEN-24DEC25-T48",
            "count": 8,
            "created_time": "2024-12-25T16:49:37.877981Z",
            "yes_price": 20,
            "no_price": 80,
            "taker_side": "no"
        },
        {
            "trade_id": "a62b10ee-05f0-420c-b046-3fc16fc032e6",
            "ticker": "KXHIGHDEN-24DEC25-T48",
            "count": 6,
            "created_time": "2024-12-25T16:48:20.639386Z",
            "yes_price": 19,
            "no_price": 81,
            "taker_side": "no"
        },
        {
            "trade_id": "073cff26-6771-4153-b40b-25af5a3ad53d",
            "ticker": "KXHIGHDEN-24DEC25-T48",
            "count": 74,
            "created_time": "2024-12-25T16:48:20.639386Z",
            "yes_price": 19,
            "no_price": 81,
            "taker_side": "no"
        },
        {
            "trade_id": "496a864e-8e17-45f8-b1dc-3cef9d2d1869",
            "ticker": "KXHIGHDEN-24DEC25-T48",
            "count": 100,
            "created_time": "2024-12-25T16:43:51.58525Z",
            "yes_price": 18,
            "no_price": 82,
            "taker_side": "no"
        },
        {
            "trade_id": "fedfee5c-3d08-4bdf-9072-b482fabbfe09",
            "ticker": "KXHIGHDEN-24DEC25-T48",
            "count": 5,
            "created_time": "2024-12-25T16:40:35.254159Z",
            "yes_price": 18,
            "no_price": 82,
            "taker_side": "no"
        },
        {
            "trade_id": "6af138b8-7209-4327-8cef-ddfe082f09d2",
            "ticker": "KXHIGHDEN-24DEC25-T48",
            "count": 100,
            "created_time": "2024-12-25T16:40:35.254159Z",
            "yes_price": 18,
            "no_price": 82,
            "taker_side": "no"
        },
        {
            "trade_id": "17bbef20-2be6-446b-91e6-2b100d5b8264",
            "ticker": "KXHIGHDEN-24DEC25-T48",
            "count": 45,
            "created_time": "2024-12-25T16:40:35.254159Z",
            "yes_price": 18,
            "no_price": 82,
            "taker_side": "no"
        },
        {
            "trade_id": "fea02550-f5ad-43d0-9025-8350b88c53da",
            "ticker": "KXHIGHDEN-24DEC25-T48",
            "count": 26,
            "created_time": "2024-12-25T16:39:05.961196Z",
            "yes_price": 23,
            "no_price": 77,
            "taker_side": "yes"
        },
        {
            "trade_id": "55d8efb8-9f2b-4309-8b2d-9d6b88b77a47",
            "ticker": "KXHIGHDEN-24DEC25-T48",
            "count": 41,
            "created_time": "2024-12-25T16:39:05.961196Z",
            "yes_price": 24,
            "no_price": 76,
            "taker_side": "yes"
        },
        {
            "trade_id": "51ea0787-b106-48af-8efd-e68881d33e09",
            "ticker": "KXHIGHDEN-24DEC25-T48",
            "count": 33,
            "created_time": "2024-12-25T16:39:05.961196Z",
            "yes_price": 23,
            "no_price": 77,
            "taker_side": "yes"
        },
        {
            "trade_id": "9b402797-5a5a-4190-ac03-be0c35eacde1",
            "ticker": "KXHIGHDEN-24DEC25-T48",
            "count": 600,
            "created_time": "2024-12-25T16:23:15.187489Z",
            "yes_price": 20,
            "no_price": 80,
            "taker_side": "yes"
        },
        {
            "trade_id": "ec0b662f-c72f-47e2-a5ba-141a0376ef59",
            "ticker": "KXHIGHDEN-24DEC25-T48",
            "count": 74,
            "created_time": "2024-12-25T16:06:41.112259Z",
            "yes_price": 18,
            "no_price": 82,
            "taker_side": "no"
        },
        {
            "trade_id": "57d7eb8c-7aa5-4634-bb70-0dd2fa9747b4",
            "ticker": "KXHIGHDEN-24DEC25-T48",
            "count": 157,
            "created_time": "2024-12-25T16:06:41.112259Z",
            "yes_price": 18,
            "no_price": 82,
            "taker_side": "no"
        },
        {
            "trade_id": "84a0ce84-5001-4b75-9f55-6a97527ea438",
            "ticker": "KXHIGHDEN-24DEC25-T48",
            "count": 100,
            "created_time": "2024-12-25T16:06:14.889382Z",
            "yes_price": 26,
            "no_price": 74,
            "taker_side": "no"
        },
        {
            "trade_id": "cf5bcc00-f076-4f58-b015-78eef0ce0891",
            "ticker": "KXHIGHDEN-24DEC25-T48",
            "count": 38,
            "created_time": "2024-12-25T16:06:14.805237Z",
            "yes_price": 25,
            "no_price": 75,
            "taker_side": "yes"
        },
        {
            "trade_id": "426a4e9b-e57c-4939-a74e-93999e78aad6",
            "ticker": "KXHIGHDEN-24DEC25-T48",
            "count": 327,
            "created_time": "2024-12-25T16:06:14.805237Z",
            "yes_price": 25,
            "no_price": 75,
            "taker_side": "yes"
        },
        {
            "trade_id": "001471a8-bbc0-4255-a11d-9626e3e712ca",
            "ticker": "KXHIGHDEN-24DEC25-T48",
            "count": 386,
            "created_time": "2024-12-25T16:05:00.438242Z",
            "yes_price": 22,
            "no_price": 78,
            "taker_side": "yes"
        },
        {
            "trade_id": "6d6f1a5d-d3b2-4304-8c8e-46ed3f7b1fb4",
            "ticker": "KXHIGHDEN-24DEC25-T48",
            "count": 38,
            "created_time": "2024-12-25T16:02:41.417904Z",
            "yes_price": 18,
            "no_price": 82,
            "taker_side": "no"
        },
        {
            "trade_id": "63f4e1c2-0be3-4e23-8b57-7f9f80e8aa8f",
            "ticker": "KXHIGHDEN-24DEC25-T48",
            "count": 38,
            "created_time": "2024-12-25T16:02:41.408947Z",
            "yes_price": 25,
            "no_price": 75,
            "taker_side": "no"
        },
        {
            "trade_id": "a550a418-f16d-4536-89a6-cf02d3344762",
            "ticker": "KXHIGHDEN-24DEC25-T48",
            "count": 2,
            "created_time": "2024-12-25T16:02:14.092936Z",
            "yes_price": 25,
            "no_price": 75,
            "taker_side": "no"
        },
        {
            "trade_id": "dad5bcf1-a6c2-4f2e-a5b5-e18580841467",
            "ticker": "KXHIGHDEN-24DEC25-T48",
            "count": 20,
            "created_time": "2024-12-25T15:56:11.415077Z",
            "yes_price": 28,
            "no_price": 72,
            "taker_side": "no"
        },
        {
            "trade_id": "77cea567-fbad-4ae0-88bf-bf0dead87c6e",
            "ticker": "KXHIGHDEN-24DEC25-T48",
            "count": 100,
            "created_time": "2024-12-25T15:56:11.415077Z",
            "yes_price": 27,
            "no_price": 73,
            "taker_side": "no"
        },
        {
            "trade_id": "2025db1f-3ea1-40c3-bfeb-61e50f930566",
            "ticker": "KXHIGHDEN-24DEC25-T48",
            "count": 10,
            "created_time": "2024-12-25T15:53:08.331843Z",
            "yes_price": 28,
            "no_price": 72,
            "taker_side": "no"
        },
        {
            "trade_id": "c3e93de6-2bea-4245-a51e-b85da0c27400",
            "ticker": "KXHIGHDEN-24DEC25-T48",
            "count": 1,
            "created_time": "2024-12-25T15:28:15.995378Z",
            "yes_price": 35,
            "no_price": 65,
            "taker_side": "yes"
        },
        {
            "trade_id": "e0c6c68c-be18-42d5-8108-7843d5080793",
            "ticker": "KXHIGHDEN-24DEC25-T48",
            "count": 81,
            "created_time": "2024-12-25T15:25:28.715526Z",
            "yes_price": 37,
            "no_price": 63,
            "taker_side": "no"
        },
        {
            "trade_id": "0eca4969-f4ec-4ab2-b9cb-8029613c7021",
            "ticker": "KXHIGHDEN-24DEC25-T48",
            "count": 10,
            "created_time": "2024-12-25T15:25:28.715526Z",
            "yes_price": 36,
            "no_price": 64,
            "taker_side": "no"
        },
        {
            "trade_id": "f7749a3c-5aef-451b-ad30-e945ed3c258f",
            "ticker": "KXHIGHDEN-24DEC25-T48",
            "count": 19,
            "created_time": "2024-12-25T15:13:03.209993Z",
            "yes_price": 37,
            "no_price": 63,
            "taker_side": "no"
        },
        {
            "trade_id": "0fdca8d8-7608-4243-b73e-3d279dbe3900",
            "ticker": "KXHIGHDEN-24DEC25-T48",
            "count": 8,
            "created_time": "2024-12-25T15:08:23.674835Z",
            "yes_price": 38,
            "no_price": 62,
            "taker_side": "no"
        },
        {
            "trade_id": "f9a84012-428a-40d6-b271-09241f838a16",
            "ticker": "KXHIGHDEN-24DEC25-T48",
            "count": 13,
            "created_time": "2024-12-25T15:03:35.628912Z",
            "yes_price": 40,
            "no_price": 60,
            "taker_side": "no"
        },
        {
            "trade_id": "2d95d25a-dede-4aac-bb82-fb076a6b9991",
            "ticker": "KXHIGHDEN-24DEC25-T48",
            "count": 16,
            "created_time": "2024-12-25T14:52:40.310499Z",
            "yes_price": 41,
            "no_price": 59,
            "taker_side": "yes"
        },
        {
            "trade_id": "48432f62-fbf7-483f-ae9a-5a0951386555",
            "ticker": "KXHIGHDEN-24DEC25-T48",
            "count": 12,
            "created_time": "2024-12-25T14:38:43.872535Z",
            "yes_price": 43,
            "no_price": 57,
            "taker_side": "yes"
        },
        {
            "trade_id": "9f378170-1fd0-418c-84fc-351a1da307da",
            "ticker": "KXHIGHDEN-24DEC25-T48",
            "count": 86,
            "created_time": "2024-12-25T14:16:05.356269Z",
            "yes_price": 40,
            "no_price": 60,
            "taker_side": "no"
        },
        {
            "trade_id": "e9df0d49-3ef5-4caa-8a89-8cf809c1454a",
            "ticker": "KXHIGHDEN-24DEC25-T48",
            "count": 100,
            "created_time": "2024-12-25T14:16:05.130464Z",
            "yes_price": 40,
            "no_price": 60,
            "taker_side": "no"
        },
        {
            "trade_id": "d425ffcb-a01f-4a71-a84f-5b5ca87b64f5",
            "ticker": "KXHIGHDEN-24DEC25-T48",
            "count": 1,
            "created_time": "2024-12-25T14:16:05.030002Z",
            "yes_price": 40,
            "no_price": 60,
            "taker_side": "no"
        },
        {
            "trade_id": "00f58c93-b8c7-4906-b81c-632999271661",
            "ticker": "KXHIGHDEN-24DEC25-T48",
            "count": 99,
            "created_time": "2024-12-25T14:16:05.030002Z",
            "yes_price": 41,
            "no_price": 59,
            "taker_side": "no"
        },
        {
            "trade_id": "c8a87a2f-9fc6-48d6-98f2-94139d839709",
            "ticker": "KXHIGHDEN-24DEC25-T48",
            "count": 23,
            "created_time": "2024-12-25T14:14:18.602092Z",
            "yes_price": 41,
            "no_price": 59,
            "taker_side": "no"
        },
        {
            "trade_id": "b95fb21f-9f77-4c97-bed3-90440923f05e",
            "ticker": "KXHIGHDEN-24DEC25-T48",
            "count": 100,
            "created_time": "2024-12-25T14:04:45.374658Z",
            "yes_price": 44,
            "no_price": 56,
            "taker_side": "yes"
        },
        {
            "trade_id": "32abfa47-d413-4300-80a4-b52c30b4f90e",
            "ticker": "KXHIGHDEN-24DEC25-T48",
            "count": 20,
            "created_time": "2024-12-25T14:04:45.374658Z",
            "yes_price": 44,
            "no_price": 56,
            "taker_side": "yes"
        },
        {
            "trade_id": "8c517377-4e6b-4aee-9dec-996a840e0c00",
            "ticker": "KXHIGHDEN-24DEC25-T48",
            "count": 100,
            "created_time": "2024-12-25T13:33:45.716381Z",
            "yes_price": 44,
            "no_price": 56,
            "taker_side": "no"
        },
        {
            "trade_id": "a271b60a-f42d-41a3-ab6a-387b55d7549e",
            "ticker": "KXHIGHDEN-24DEC25-T48",
            "count": 100,
            "created_time": "2024-12-25T13:33:41.127879Z",
            "yes_price": 44,
            "no_price": 56,
            "taker_side": "yes"
        },
        {
            "trade_id": "6d36076a-bc6f-44d1-8f3c-86994495be85",
            "ticker": "KXHIGHDEN-24DEC25-T48",
            "count": 100,
            "created_time": "2024-12-25T13:12:58.526806Z",
            "yes_price": 40,
            "no_price": 60,
            "taker_side": "no"
        },
        {
            "trade_id": "e6663ad6-e8f7-49d1-8cd9-39177e1b3dbf",
            "ticker": "KXHIGHDEN-24DEC25-T48",
            "count": 1,
            "created_time": "2024-12-25T13:07:19.271433Z",
            "yes_price": 44,
            "no_price": 56,
            "taker_side": "no"
        },
        {
            "trade_id": "79fef6d1-90fe-4219-978b-c371bca97ad2",
            "ticker": "KXHIGHDEN-24DEC25-T48",
            "count": 40,
            "created_time": "2024-12-25T13:00:50.369524Z",
            "yes_price": 42,
            "no_price": 58,
            "taker_side": "yes"
        },
        {
            "trade_id": "318b1ad7-6038-478e-aa96-f04d874f6a22",
            "ticker": "KXHIGHDEN-24DEC25-T48",
            "count": 26,
            "created_time": "2024-12-25T13:00:50.369524Z",
            "yes_price": 42,
            "no_price": 58,
            "taker_side": "yes"
        },
        {
            "trade_id": "76e6277a-212b-4395-9782-bc692dda4e6f",
            "ticker": "KXHIGHDEN-24DEC25-T48",
            "count": 55,
            "created_time": "2024-12-25T13:00:50.290835Z",
            "yes_price": 42,
            "no_price": 58,
            "taker_side": "yes"
        },
        {
            "trade_id": "4cfcc606-e4c4-4643-bdcb-5b1d15781230",
            "ticker": "KXHIGHDEN-24DEC25-T48",
            "count": 45,
            "created_time": "2024-12-25T13:00:50.290835Z",
            "yes_price": 41,
            "no_price": 59,
            "taker_side": "yes"
        },
        {
            "trade_id": "e6e0c109-31d0-42f0-a6b0-0f150b5777e7",
            "ticker": "KXHIGHDEN-24DEC25-T48",
            "count": 5,
            "created_time": "2024-12-25T13:00:50.208665Z",
            "yes_price": 42,
            "no_price": 58,
            "taker_side": "yes"
        },
        {
            "trade_id": "9324b0c0-1399-4f68-8966-5361b391c39b",
            "ticker": "KXHIGHDEN-24DEC25-T48",
            "count": 50,
            "created_time": "2024-12-25T13:00:50.208665Z",
            "yes_price": 41,
            "no_price": 59,
            "taker_side": "yes"
        },
        {
            "trade_id": "0253b3e9-3d33-484d-ac4a-11e238eaa676",
            "ticker": "KXHIGHDEN-24DEC25-T48",
            "count": 45,
            "created_time": "2024-12-25T13:00:50.208665Z",
            "yes_price": 41,
            "no_price": 59,
            "taker_side": "yes"
        },
        {
            "trade_id": "25a2240f-0b15-42fc-8a5a-aa8e92a96a90",
            "ticker": "KXHIGHDEN-24DEC25-T48",
            "count": 52,
            "created_time": "2024-12-25T07:32:39.39004Z",
            "yes_price": 37,
            "no_price": 63,
            "taker_side": "no"
        },
        {
            "trade_id": "dfad18d9-0b09-4ac1-a527-7368035d7fa7",
            "ticker": "KXHIGHDEN-24DEC25-T48",
            "count": 23,
            "created_time": "2024-12-25T07:32:26.755034Z",
            "yes_price": 41,
            "no_price": 59,
            "taker_side": "yes"
        },
        {
            "trade_id": "5f4ff2a6-2faa-4778-b4ce-9106d869b661",
            "ticker": "KXHIGHDEN-24DEC25-T48",
            "count": 7,
            "created_time": "2024-12-25T07:32:09.541573Z",
            "yes_price": 38,
            "no_price": 62,
            "taker_side": "no"
        },
        {
            "trade_id": "197a825a-0833-4666-a54c-b2e8e15cea89",
            "ticker": "KXHIGHDEN-24DEC25-T48",
            "count": 26,
            "created_time": "2024-12-25T07:30:20.837553Z",
            "yes_price": 38,
            "no_price": 62,
            "taker_side": "no"
        },
        {
            "trade_id": "04c92fb0-86c7-4d01-aad7-a1b244a4572d",
            "ticker": "KXHIGHDEN-24DEC25-T48",
            "count": 29,
            "created_time": "2024-12-25T07:25:23.212807Z",
            "yes_price": 38,
            "no_price": 62,
            "taker_side": "no"
        },
        {
            "trade_id": "8951b6a5-0bf4-421b-bdad-2eaf10e97099",
            "ticker": "KXHIGHDEN-24DEC25-T48",
            "count": 40,
            "created_time": "2024-12-25T07:20:23.646739Z",
            "yes_price": 38,
            "no_price": 62,
            "taker_side": "no"
        },
        {
            "trade_id": "5afd45c3-f1ba-4f8a-ace6-eb8689e4a0f2",
            "ticker": "KXHIGHDEN-24DEC25-T48",
            "count": 35,
            "created_time": "2024-12-25T07:20:21.669295Z",
            "yes_price": 38,
            "no_price": 62,
            "taker_side": "no"
        },
        {
            "trade_id": "3ed20b88-809e-4d3e-aa3e-fd35e2bb8c93",
            "ticker": "KXHIGHDEN-24DEC25-T48",
            "count": 54,
            "created_time": "2024-12-25T07:19:02.02372Z",
            "yes_price": 44,
            "no_price": 56,
            "taker_side": "yes"
        },
        {
            "trade_id": "c8c59120-4941-4083-9b27-650133711810",
            "ticker": "KXHIGHDEN-24DEC25-T48",
            "count": 68,
            "created_time": "2024-12-25T07:16:16.223348Z",
            "yes_price": 41,
            "no_price": 59,
            "taker_side": "yes"
        },
        {
            "trade_id": "8bcd0685-2cbb-45f8-a090-3b643966ca85",
            "ticker": "KXHIGHDEN-24DEC25-T48",
            "count": 100,
            "created_time": "2024-12-25T07:16:16.223348Z",
            "yes_price": 41,
            "no_price": 59,
            "taker_side": "yes"
        },
        {
            "trade_id": "48a98cf9-4c86-490c-8788-d5625c6cdb84",
            "ticker": "KXHIGHDEN-24DEC25-T48",
            "count": 63,
            "created_time": "2024-12-25T07:16:16.223348Z",
            "yes_price": 43,
            "no_price": 57,
            "taker_side": "yes"
        },
        {
            "trade_id": "27a27cad-f8f3-470a-b82c-2c6dcf5b3c42",
            "ticker": "KXHIGHDEN-24DEC25-T48",
            "count": 30,
            "created_time": "2024-12-25T07:15:26.970788Z",
            "yes_price": 35,
            "no_price": 65,
            "taker_side": "yes"
        },
        {
            "trade_id": "54ac651c-4d80-4f1a-a04f-7d056b27e780",
            "ticker": "KXHIGHDEN-24DEC25-T48",
            "count": 10,
            "created_time": "2024-12-25T07:15:26.843219Z",
            "yes_price": 35,
            "no_price": 65,
            "taker_side": "no"
        },
        {
            "trade_id": "b4b7ac72-92e9-4a80-92d2-a78ac8d40cc4",
            "ticker": "KXHIGHDEN-24DEC25-T48",
            "count": 36,
            "created_time": "2024-12-25T07:15:25.784308Z",
            "yes_price": 35,
            "no_price": 65,
            "taker_side": "no"
        },
        {
            "trade_id": "8d4ce2b7-6705-4cd2-b536-099501a06129",
            "ticker": "KXHIGHDEN-24DEC25-T48",
            "count": 40,
            "created_time": "2024-12-25T07:10:29.942462Z",
            "yes_price": 36,
            "no_price": 64,
            "taker_side": "no"
        },
        {
            "trade_id": "807de183-9829-4dc1-92d5-021589a37e9b",
            "ticker": "KXHIGHDEN-24DEC25-T48",
            "count": 40,
            "created_time": "2024-12-25T07:10:26.978841Z",
            "yes_price": 36,
            "no_price": 64,
            "taker_side": "no"
        },
        {
            "trade_id": "7c53bb80-cfed-4bb6-9310-79ceecc085f2",
            "ticker": "KXHIGHDEN-24DEC25-T48",
            "count": 33,
            "created_time": "2024-12-25T07:04:03.852943Z",
            "yes_price": 38,
            "no_price": 62,
            "taker_side": "yes"
        },
        {
            "trade_id": "cc4c89bc-e855-428c-b576-6f026f75856f",
            "ticker": "KXHIGHDEN-24DEC25-T48",
            "count": 100,
            "created_time": "2024-12-25T07:03:30.758857Z",
            "yes_price": 38,
            "no_price": 62,
            "taker_side": "yes"
        },
        {
            "trade_id": "c01bfb94-84c0-4c2d-acc9-e30693b52449",
            "ticker": "KXHIGHDEN-24DEC25-T48",
            "count": 100,
            "created_time": "2024-12-25T07:03:30.758857Z",
            "yes_price": 39,
            "no_price": 61,
            "taker_side": "yes"
        },
        {
            "trade_id": "a1e57ac5-0a1f-44b8-9c0a-79c06bc345f3",
            "ticker": "KXHIGHDEN-24DEC25-T48",
            "count": 100,
            "created_time": "2024-12-25T07:03:30.758857Z",
            "yes_price": 40,
            "no_price": 60,
            "taker_side": "yes"
        },
        {
            "trade_id": "3a2d723c-fda9-452d-b69b-35dbcd76909f",
            "ticker": "KXHIGHDEN-24DEC25-T48",
            "count": 9,
            "created_time": "2024-12-25T07:03:30.758857Z",
            "yes_price": 36,
            "no_price": 64,
            "taker_side": "yes"
        },
        {
            "trade_id": "233dd628-5cfa-43df-91e1-962c7674e548",
            "ticker": "KXHIGHDEN-24DEC25-T48",
            "count": 10,
            "created_time": "2024-12-25T06:49:48.78646Z",
            "yes_price": 32,
            "no_price": 68,
            "taker_side": "no"
        },
        {
            "trade_id": "c9141e2a-8c46-4aad-8732-6d744da904c6",
            "ticker": "KXHIGHDEN-24DEC25-T48",
            "count": 100,
            "created_time": "2024-12-25T06:31:46.196503Z",
            "yes_price": 36,
            "no_price": 64,
            "taker_side": "yes"
        },
        {
            "trade_id": "83b1e0f2-472d-4a88-bf14-c0ed4c66ce8c",
            "ticker": "KXHIGHDEN-24DEC25-T48",
            "count": 100,
            "created_time": "2024-12-25T06:31:46.196503Z",
            "yes_price": 35,
            "no_price": 65,
            "taker_side": "yes"
        },
        {
            "trade_id": "5d45bc1d-a8cf-4777-a3b9-9157d305ce5a",
            "ticker": "KXHIGHDEN-24DEC25-T48",
            "count": 100,
            "created_time": "2024-12-25T06:31:46.196503Z",
            "yes_price": 34,
            "no_price": 66,
            "taker_side": "yes"
        },
        {
            "trade_id": "56936c5f-f3d6-449e-9f08-7d3c0050d7ce",
            "ticker": "KXHIGHDEN-24DEC25-T48",
            "count": 14,
            "created_time": "2024-12-25T06:31:46.196503Z",
            "yes_price": 34,
            "no_price": 66,
            "taker_side": "yes"
        },
        {
            "trade_id": "4c22a924-9be7-41c9-9b71-9a14fd8556cb",
            "ticker": "KXHIGHDEN-24DEC25-T48",
            "count": 29,
            "created_time": "2024-12-25T06:31:46.196503Z",
            "yes_price": 34,
            "no_price": 66,
            "taker_side": "yes"
        },
        {
            "trade_id": "435f3ebe-849f-46c7-930b-5173055d3004",
            "ticker": "KXHIGHDEN-24DEC25-T48",
            "count": 65,
            "created_time": "2024-12-25T06:05:28.991736Z",
            "yes_price": 34,
            "no_price": 66,
            "taker_side": "yes"
        },
        {
            "trade_id": "39b4379b-342b-4693-9adf-06da09d06d76",
            "ticker": "KXHIGHDEN-24DEC25-T48",
            "count": 20,
            "created_time": "2024-12-25T06:05:28.991736Z",
            "yes_price": 34,
            "no_price": 66,
            "taker_side": "yes"
        },
        {
            "trade_id": "ef8ee551-6bb6-4124-9781-4d6aea5ca992",
            "ticker": "KXHIGHDEN-24DEC25-T48",
            "count": 2,
            "created_time": "2024-12-25T05:55:20.661536Z",
            "yes_price": 29,
            "no_price": 71,
            "taker_side": "no"
        },
        {
            "trade_id": "0ab17005-3a65-43b7-930f-0d140cb7106a",
            "ticker": "KXHIGHDEN-24DEC25-T48",
            "count": 11,
            "created_time": "2024-12-25T05:55:20.661536Z",
            "yes_price": 29,
            "no_price": 71,
            "taker_side": "no"
        },
        {
            "trade_id": "91822bb4-8166-4d5d-a416-b108de19cb51",
            "ticker": "KXHIGHDEN-24DEC25-T48",
            "count": 100,
            "created_time": "2024-12-25T05:32:00.422975Z",
            "yes_price": 29,
            "no_price": 71,
            "taker_side": "yes"
        },
        {
            "trade_id": "1ee61c93-51f9-4d8e-b272-0f592ea48094",
            "ticker": "KXHIGHDEN-24DEC25-T48",
            "count": 200,
            "created_time": "2024-12-25T05:32:00.422975Z",
            "yes_price": 28,
            "no_price": 72,
            "taker_side": "yes"
        },
        {
            "trade_id": "1c1249f8-0947-4147-bcf5-60b1464f234c",
            "ticker": "KXHIGHDEN-24DEC25-T48",
            "count": 13,
            "created_time": "2024-12-25T05:32:00.422975Z",
            "yes_price": 27,
            "no_price": 73,
            "taker_side": "yes"
        },
        {
            "trade_id": "a2c6b85a-86a0-4ae0-a2f9-fbfd33e56d9f",
            "ticker": "KXHIGHDEN-24DEC25-T48",
            "count": 9,
            "created_time": "2024-12-25T05:22:08.097307Z",
            "yes_price": 30,
            "no_price": 70,
            "taker_side": "yes"
        },
        {
            "trade_id": "2b6106e4-1f53-415d-9abf-8856008040d8",
            "ticker": "KXHIGHDEN-24DEC25-T48",
            "count": 40,
            "created_time": "2024-12-25T05:22:08.097307Z",
            "yes_price": 29,
            "no_price": 71,
            "taker_side": "yes"
        },
        {
            "trade_id": "25223f00-3a95-417b-b3cc-32e31227b0f6",
            "ticker": "KXHIGHDEN-24DEC25-T48",
            "count": 200,
            "created_time": "2024-12-25T05:22:08.097307Z",
            "yes_price": 30,
            "no_price": 70,
            "taker_side": "yes"
        },
        {
            "trade_id": "ed9a0225-ebfc-4c4d-9960-99ee731c1a7b",
            "ticker": "KXHIGHDEN-24DEC25-T48",
            "count": 21,
            "created_time": "2024-12-25T05:21:46.130376Z",
            "yes_price": 28,
            "no_price": 72,
            "taker_side": "yes"
        },
        {
            "trade_id": "817d1070-2e45-49b3-8df0-0420f2915776",
            "ticker": "KXHIGHDEN-24DEC25-T48",
            "count": 17,
            "created_time": "2024-12-25T05:15:20.462596Z",
            "yes_price": 28,
            "no_price": 72,
            "taker_side": "no"
        },
        {
            "trade_id": "c0cb9dda-84eb-462d-b1e4-5d2993cdf9d6",
            "ticker": "KXHIGHDEN-24DEC25-T48",
            "count": 200,
            "created_time": "2024-12-25T05:00:15.94161Z",
            "yes_price": 25,
            "no_price": 75,
            "taker_side": "yes"
        },
        {
            "trade_id": "4e35a7f1-ca1c-4023-b0bd-4431632fcedc",
            "ticker": "KXHIGHDEN-24DEC25-T48",
            "count": 9,
            "created_time": "2024-12-25T05:00:15.94161Z",
            "yes_price": 25,
            "no_price": 75,
            "taker_side": "yes"
        },
        {
            "trade_id": "fe7793be-68cd-4aa6-a77d-3468e4bf0afd",
            "ticker": "KXHIGHDEN-24DEC25-T48",
            "count": 42,
            "created_time": "2024-12-25T04:59:57.901861Z",
            "yes_price": 22,
            "no_price": 78,
            "taker_side": "yes"
        },
        {
            "trade_id": "edde3c7b-ac0f-4da7-959a-5a22e67a4ebd",
            "ticker": "KXHIGHDEN-24DEC25-T48",
            "count": 100,
            "created_time": "2024-12-25T04:59:57.901861Z",
            "yes_price": 23,
            "no_price": 77,
            "taker_side": "yes"
        },
        {
            "trade_id": "c5e4bbaa-9a05-407d-afa2-b27cc539fc12",
            "ticker": "KXHIGHDEN-24DEC25-T48",
            "count": 100,
            "created_time": "2024-12-25T04:59:57.901861Z",
            "yes_price": 24,
            "no_price": 76,
            "taker_side": "yes"
        },
        {
            "trade_id": "8edf3d0f-b6c5-4803-9430-13efa0c04ad5",
            "ticker": "KXHIGHDEN-24DEC25-T48",
            "count": 100,
            "created_time": "2024-12-25T04:59:57.901861Z",
            "yes_price": 23,
            "no_price": 77,
            "taker_side": "yes"
        },
        {
            "trade_id": "6f3e4c1d-730e-4214-92a0-d23ed837a83b",
            "ticker": "KXHIGHDEN-24DEC25-T48",
            "count": 4,
            "created_time": "2024-12-25T04:59:57.901861Z",
            "yes_price": 23,
            "no_price": 77,
            "taker_side": "yes"
        },
        {
            "trade_id": "34d02aab-c2c7-4626-a996-ebfb8ec252c7",
            "ticker": "KXHIGHDEN-24DEC25-T48",
            "count": 9,
            "created_time": "2024-12-25T04:59:57.901861Z",
            "yes_price": 23,
            "no_price": 77,
            "taker_side": "yes"
        },
        {
            "trade_id": "1ddb4486-eb5b-4e7e-961c-0037a34f88fd",
            "ticker": "KXHIGHDEN-24DEC25-T48",
            "count": 58,
            "created_time": "2024-12-25T04:59:57.901861Z",
            "yes_price": 22,
            "no_price": 78,
            "taker_side": "yes"
        },
        {
            "trade_id": "c9dfb4de-2813-46ce-92a4-6a0a5fc07297",
            "ticker": "KXHIGHDEN-24DEC25-T48",
            "count": 51,
            "created_time": "2024-12-25T04:57:34.363622Z",
            "yes_price": 20,
            "no_price": 80,
            "taker_side": "yes"
        },
        {
            "trade_id": "62e4cfb5-f3cc-4504-8f1a-25680e0f5f2b",
            "ticker": "KXHIGHDEN-24DEC25-T48",
            "count": 42,
            "created_time": "2024-12-25T04:57:34.363622Z",
            "yes_price": 22,
            "no_price": 78,
            "taker_side": "yes"
        },
        {
            "trade_id": "2639cc18-bc55-410e-a3fb-fd608d421e34",
            "ticker": "KXHIGHDEN-24DEC25-T48",
            "count": 200,
            "created_time": "2024-12-25T04:57:34.363622Z",
            "yes_price": 21,
            "no_price": 79,
            "taker_side": "yes"
        },
        {
            "trade_id": "1c25a8bd-503d-48e0-850a-6ca775db9be0",
            "ticker": "KXHIGHDEN-24DEC25-T48",
            "count": 200,
            "created_time": "2024-12-25T04:57:34.363622Z",
            "yes_price": 20,
            "no_price": 80,
            "taker_side": "yes"
        },
        {
            "trade_id": "13466b2b-d957-4d94-86d1-2eac0b630bc2",
            "ticker": "KXHIGHDEN-24DEC25-T48",
            "count": 7,
            "created_time": "2024-12-25T04:57:34.363622Z",
            "yes_price": 19,
            "no_price": 81,
            "taker_side": "yes"
        },
        {
            "trade_id": "eede8240-0fc9-456c-84d0-e3fcf51e67bc",
            "ticker": "KXHIGHDEN-24DEC25-T48",
            "count": 118,
            "created_time": "2024-12-25T04:02:07.218855Z",
            "yes_price": 18,
            "no_price": 82,
            "taker_side": "no"
        },
        {
            "trade_id": "bb9d9e75-fb00-4e37-910c-d0a804929205",
            "ticker": "KXHIGHDEN-24DEC25-T48",
            "count": 107,
            "created_time": "2024-12-25T04:02:07.218855Z",
            "yes_price": 16,
            "no_price": 84,
            "taker_side": "no"
        },
        {
            "trade_id": "c2d59045-7985-43e4-98a1-fc267400d811",
            "ticker": "KXHIGHDEN-24DEC25-T48",
            "count": 82,
            "created_time": "2024-12-25T04:00:53.248473Z",
            "yes_price": 18,
            "no_price": 82,
            "taker_side": "no"
        },
        {
            "trade_id": "3c2f352b-f548-475d-8d25-0fcff945e0f4",
            "ticker": "KXHIGHDEN-24DEC25-T48",
            "count": 18,
            "created_time": "2024-12-25T04:00:53.248473Z",
            "yes_price": 19,
            "no_price": 81,
            "taker_side": "no"
        },
        {
            "trade_id": "09ccc016-58df-4fac-aeb8-d082524a7b8e",
            "ticker": "KXHIGHDEN-24DEC25-T48",
            "count": 27,
            "created_time": "2024-12-25T03:57:44.54299Z",
            "yes_price": 19,
            "no_price": 81,
            "taker_side": "yes"
        },
        {
            "trade_id": "f1d48a0f-a092-466a-969d-7abe2d6fcb8f",
            "ticker": "KXHIGHDEN-24DEC25-T48",
            "count": 27,
            "created_time": "2024-12-25T03:57:44.460261Z",
            "yes_price": 19,
            "no_price": 81,
            "taker_side": "no"
        },
        {
            "trade_id": "20eaae97-9786-42f8-880a-07230b344336",
            "ticker": "KXHIGHDEN-24DEC25-T48",
            "count": 52,
            "created_time": "2024-12-25T03:45:30.021107Z",
            "yes_price": 18,
            "no_price": 82,
            "taker_side": "yes"
        },
        {
            "trade_id": "12de9159-34f5-49e5-ade6-8a36035c57d3",
            "ticker": "KXHIGHDEN-24DEC25-T48",
            "count": 200,
            "created_time": "2024-12-25T03:35:44.036329Z",
            "yes_price": 18,
            "no_price": 82,
            "taker_side": "yes"
        },
        {
            "trade_id": "016311b2-07a6-418b-9d18-ed6a4cc19f91",
            "ticker": "KXHIGHDEN-24DEC25-T48",
            "count": 7,
            "created_time": "2024-12-25T03:35:44.036329Z",
            "yes_price": 18,
            "no_price": 82,
            "taker_side": "yes"
        },
        {
            "trade_id": "c70c4ea8-8df5-4537-b3e4-e4f3c28c0ab2",
            "ticker": "KXHIGHDEN-24DEC25-T48",
            "count": 9,
            "created_time": "2024-12-25T03:35:20.995379Z",
            "yes_price": 17,
            "no_price": 83,
            "taker_side": "yes"
        },
        {
            "trade_id": "4dea3178-d416-4cdf-828e-87dd22fb0fd8",
            "ticker": "KXHIGHDEN-24DEC25-T48",
            "count": 100,
            "created_time": "2024-12-25T03:35:20.995379Z",
            "yes_price": 17,
            "no_price": 83,
            "taker_side": "yes"
        },
        {
            "trade_id": "994df812-991a-4794-b803-f7baa3a0e572",
            "ticker": "KXHIGHDEN-24DEC25-T48",
            "count": 14,
            "created_time": "2024-12-25T02:56:44.250693Z",
            "yes_price": 13,
            "no_price": 87,
            "taker_side": "yes"
        },
        {
            "trade_id": "3efb1e4f-e627-4974-888b-0a9adf970751",
            "ticker": "KXHIGHDEN-24DEC25-T48",
            "count": 100,
            "created_time": "2024-12-25T02:56:44.250693Z",
            "yes_price": 13,
            "no_price": 87,
            "taker_side": "yes"
        },
        {
            "trade_id": "97dce74f-45a1-4556-97c6-5221f3364007",
            "ticker": "KXHIGHDEN-24DEC25-T48",
            "count": 38,
            "created_time": "2024-12-25T02:24:58.755052Z",
            "yes_price": 13,
            "no_price": 87,
            "taker_side": "yes"
        },
        {
            "trade_id": "9d500cd6-edb3-41d9-9802-981e6a08c0f3",
            "ticker": "KXHIGHDEN-24DEC25-T48",
            "count": 10,
            "created_time": "2024-12-25T02:09:00.433037Z",
            "yes_price": 9,
            "no_price": 91,
            "taker_side": "no"
        },
        {
            "trade_id": "9269fdf9-c782-4653-9865-cd980a56d72a",
            "ticker": "KXHIGHDEN-24DEC25-T48",
            "count": 12,
            "created_time": "2024-12-25T01:47:31.616113Z",
            "yes_price": 12,
            "no_price": 88,
            "taker_side": "yes"
        },
        {
            "trade_id": "54ce9a2d-9707-43c0-a9ed-05ab216d8a55",
            "ticker": "KXHIGHDEN-24DEC25-T48",
            "count": 100,
            "created_time": "2024-12-25T01:47:31.616113Z",
            "yes_price": 12,
            "no_price": 88,
            "taker_side": "yes"
        },
        {
            "trade_id": "50060f48-5b5b-4006-aa61-8953fc0b2fb3",
            "ticker": "KXHIGHDEN-24DEC25-T48",
            "count": 100,
            "created_time": "2024-12-25T01:47:31.616113Z",
            "yes_price": 13,
            "no_price": 87,
            "taker_side": "yes"
        },
        {
            "trade_id": "46edaa78-de81-4e30-bad9-e19403e0f67b",
            "ticker": "KXHIGHDEN-24DEC25-T48",
            "count": 13,
            "created_time": "2024-12-25T01:47:31.616113Z",
            "yes_price": 13,
            "no_price": 87,
            "taker_side": "yes"
        },
        {
            "trade_id": "1265689c-31d6-4ede-ba31-008f93b54f4c",
            "ticker": "KXHIGHDEN-24DEC25-T48",
            "count": 1,
            "created_time": "2024-12-25T01:07:52.731156Z",
            "yes_price": 8,
            "no_price": 92,
            "taker_side": "no"
        },
        {
            "trade_id": "d2cc1f24-afa7-4816-b0a3-eb707b2d0731",
            "ticker": "KXHIGHDEN-24DEC25-T48",
            "count": 240,
            "created_time": "2024-12-25T00:45:48.557501Z",
            "yes_price": 13,
            "no_price": 87,
            "taker_side": "yes"
        },
        {
            "trade_id": "e464fb14-51a1-4082-973c-3e2511ad2563",
            "ticker": "KXHIGHDEN-24DEC25-T48",
            "count": 67,
            "created_time": "2024-12-25T00:33:04.209457Z",
            "yes_price": 14,
            "no_price": 86,
            "taker_side": "yes"
        },
        {
            "trade_id": "d6204482-9ec9-4bfe-8f9d-6df781ebdd6b",
            "ticker": "KXHIGHDEN-24DEC25-T48",
            "count": 33,
            "created_time": "2024-12-25T00:33:04.209457Z",
            "yes_price": 14,
            "no_price": 86,
            "taker_side": "yes"
        },
        {
            "trade_id": "af63c917-466e-4512-a7e9-cdc3fe4be2d3",
            "ticker": "KXHIGHDEN-24DEC25-T48",
            "count": 14,
            "created_time": "2024-12-25T00:05:05.172179Z",
            "yes_price": 13,
            "no_price": 87,
            "taker_side": "yes"
        },
        {
            "trade_id": "deb438c7-6285-4b2f-aa64-19f8ec0e23d6",
            "ticker": "KXHIGHDEN-24DEC25-T48",
            "count": 20,
            "created_time": "2024-12-24T23:54:44.699184Z",
            "yes_price": 13,
            "no_price": 87,
            "taker_side": "no"
        },
        {
            "trade_id": "c6e96d2e-195e-436f-8ad9-6dc0cd4feb04",
            "ticker": "KXHIGHDEN-24DEC25-T48",
            "count": 20,
            "created_time": "2024-12-24T23:54:44.699184Z",
            "yes_price": 13,
            "no_price": 87,
            "taker_side": "no"
        },
        {
            "trade_id": "c0a42265-a513-4bb3-acf7-411057a3dc48",
            "ticker": "KXHIGHDEN-24DEC25-T48",
            "count": 20,
            "created_time": "2024-12-24T23:54:44.699184Z",
            "yes_price": 13,
            "no_price": 87,
            "taker_side": "no"
        },
        {
            "trade_id": "6b7fefa2-7157-4a03-b8ae-74fcc1248091",
            "ticker": "KXHIGHDEN-24DEC25-T48",
            "count": 20,
            "created_time": "2024-12-24T23:54:44.699184Z",
            "yes_price": 13,
            "no_price": 87,
            "taker_side": "no"
        },
        {
            "trade_id": "451215f8-e5b8-4ec1-ba94-b1be27eb5437",
            "ticker": "KXHIGHDEN-24DEC25-T48",
            "count": 33,
            "created_time": "2024-12-24T23:54:22.191015Z",
            "yes_price": 14,
            "no_price": 86,
            "taker_side": "yes"
        },
        {
            "trade_id": "7227caa7-ae8b-4092-805d-9bce5b1668ce",
            "ticker": "KXHIGHDEN-24DEC25-T48",
            "count": 122,
            "created_time": "2024-12-24T23:37:53.448037Z",
            "yes_price": 14,
            "no_price": 86,
            "taker_side": "yes"
        },
        {
            "trade_id": "9b2460af-84b6-4fe9-abb4-3f88875af9b8",
            "ticker": "KXHIGHDEN-24DEC25-T48",
            "count": 23,
            "created_time": "2024-12-24T22:40:19.282137Z",
            "yes_price": 14,
            "no_price": 86,
            "taker_side": "yes"
        },
        {
            "trade_id": "4ba07b4d-92ce-4da0-a2ab-026bf7286a78",
            "ticker": "KXHIGHDEN-24DEC25-T48",
            "count": 22,
            "created_time": "2024-12-24T22:36:47.731761Z",
            "yes_price": 17,
            "no_price": 83,
            "taker_side": "no"
        },
        {
            "trade_id": "3f194f17-bbe9-4fc8-a6f9-9359550f28e3",
            "ticker": "KXHIGHDEN-24DEC25-T48",
            "count": 31,
            "created_time": "2024-12-24T22:30:26.262887Z",
            "yes_price": 13,
            "no_price": 87,
            "taker_side": "yes"
        },
        {
            "trade_id": "3ac4aa4d-60e2-42ad-bf8d-48fa3360ca7d",
            "ticker": "KXHIGHDEN-24DEC25-T48",
            "count": 36,
            "created_time": "2024-12-24T22:25:27.380795Z",
            "yes_price": 13,
            "no_price": 87,
            "taker_side": "yes"
        },
        {
            "trade_id": "21400b2d-2ab8-4320-9e8d-99288130beb5",
            "ticker": "KXHIGHDEN-24DEC25-T48",
            "count": 38,
            "created_time": "2024-12-24T22:20:14.524016Z",
            "yes_price": 15,
            "no_price": 85,
            "taker_side": "yes"
        },
        {
            "trade_id": "4f095ea4-4dca-49e5-9934-2a1f6af3ce2a",
            "ticker": "KXHIGHDEN-24DEC25-T48",
            "count": 40,
            "created_time": "2024-12-24T22:05:19.837603Z",
            "yes_price": 17,
            "no_price": 83,
            "taker_side": "yes"
        },
        {
            "trade_id": "992395f9-0acb-4148-a485-99a69e05049c",
            "ticker": "KXHIGHDEN-24DEC25-T48",
            "count": 40,
            "created_time": "2024-12-24T22:05:16.746526Z",
            "yes_price": 17,
            "no_price": 83,
            "taker_side": "yes"
        },
        {
            "trade_id": "d1b638e5-87ba-4db2-8b1f-9ee9c6290893",
            "ticker": "KXHIGHDEN-24DEC25-T48",
            "count": 1,
            "created_time": "2024-12-24T22:03:08.673118Z",
            "yes_price": 6,
            "no_price": 94,
            "taker_side": "no"
        },
        {
            "trade_id": "6cc9d165-f2d5-4e5b-baf3-5d918e1f6cd1",
            "ticker": "KXHIGHDEN-24DEC25-T48",
            "count": 80,
            "created_time": "2024-12-24T18:58:56.839589Z",
            "yes_price": 13,
            "no_price": 87,
            "taker_side": "yes"
        }
    ],
    "KXHIGHDEN-24DEC25-B48.5": [
        {
            "trade_id": "3aa92103-f531-4190-bb4f-4651fa1b15cd",
            "ticker": "KXHIGHDEN-24DEC25-B48.5",
            "count": 9,
            "created_time": "2024-12-26T03:15:49.238145Z",
            "yes_price": 99,
            "no_price": 1,
            "taker_side": "no"
        },
        {
            "trade_id": "aae25aa1-baa9-49a7-b7fb-35dbe5e95e3b",
            "ticker": "KXHIGHDEN-24DEC25-B48.5",
            "count": 234,
            "created_time": "2024-12-26T01:05:56.955375Z",
            "yes_price": 99,
            "no_price": 1,
            "taker_side": "no"
        },
        {
            "trade_id": "c92be492-3076-4d5b-8b98-7f93b34357c8",
            "ticker": "KXHIGHDEN-24DEC25-B48.5",
            "count": 10,
            "created_time": "2024-12-26T00:05:07.109428Z",
            "yes_price": 99,
            "no_price": 1,
            "taker_side": "no"
        },
        {
            "trade_id": "13b686bd-df47-40ea-b243-53ea6cba12b3",
            "ticker": "KXHIGHDEN-24DEC25-B48.5",
            "count": 278,
            "created_time": "2024-12-25T23:38:44.284474Z",
            "yes_price": 99,
            "no_price": 1,
            "taker_side": "yes"
        },
        {
            "trade_id": "90114716-4ebc-43e1-a707-b106c75e1ef6",
            "ticker": "KXHIGHDEN-24DEC25-B48.5",
            "count": 222,
            "created_time": "2024-12-25T23:38:18.101634Z",
            "yes_price": 99,
            "no_price": 1,
            "taker_side": "no"
        },
        {
            "trade_id": "aab91d28-90d6-463a-89fc-2c1885c93f7b",
            "ticker": "KXHIGHDEN-24DEC25-B48.5",
            "count": 2250,
            "created_time": "2024-12-25T23:38:18.095538Z",
            "yes_price": 99,
            "no_price": 1,
            "taker_side": "no"
        },
        {
            "trade_id": "f8161cf5-eee3-405e-a8a7-942b19e39166",
            "ticker": "KXHIGHDEN-24DEC25-B48.5",
            "count": 680,
            "created_time": "2024-12-25T23:38:17.991181Z",
            "yes_price": 99,
            "no_price": 1,
            "taker_side": "yes"
        },
        {
            "trade_id": "f799e51f-6c44-4496-8984-aa5149077c22",
            "ticker": "KXHIGHDEN-24DEC25-B48.5",
            "count": 100,
            "created_time": "2024-12-25T23:38:17.991181Z",
            "yes_price": 98,
            "no_price": 2,
            "taker_side": "yes"
        },
        {
            "trade_id": "efb2e2d4-92e0-40eb-b92b-766cfc922fa9",
            "ticker": "KXHIGHDEN-24DEC25-B48.5",
            "count": 1000,
            "created_time": "2024-12-25T23:38:17.991181Z",
            "yes_price": 99,
            "no_price": 1,
            "taker_side": "yes"
        },
        {
            "trade_id": "c22d274a-c819-4231-b88f-b7d455055c44",
            "ticker": "KXHIGHDEN-24DEC25-B48.5",
            "count": 2250,
            "created_time": "2024-12-25T23:38:17.991181Z",
            "yes_price": 99,
            "no_price": 1,
            "taker_side": "yes"
        },
        {
            "trade_id": "bb3b7706-ab6f-4e40-8b2f-5c3cf849ab6a",
            "ticker": "KXHIGHDEN-24DEC25-B48.5",
            "count": 356,
            "created_time": "2024-12-25T23:38:17.991181Z",
            "yes_price": 98,
            "no_price": 2,
            "taker_side": "yes"
        },
        {
            "trade_id": "3460c87f-b9cb-4c1f-8e08-3ff206a3eacc",
            "ticker": "KXHIGHDEN-24DEC25-B48.5",
            "count": 4,
            "created_time": "2024-12-25T23:38:17.991181Z",
            "yes_price": 99,
            "no_price": 1,
            "taker_side": "yes"
        },
        {
            "trade_id": "0b2b11e5-ec31-4227-8b21-8495f1fd79ac",
            "ticker": "KXHIGHDEN-24DEC25-B48.5",
            "count": 138,
            "created_time": "2024-12-25T23:38:17.991181Z",
            "yes_price": 99,
            "no_price": 1,
            "taker_side": "yes"
        },
        {
            "trade_id": "3e0f8619-2b63-447c-8c09-0b05a98d0f4b",
            "ticker": "KXHIGHDEN-24DEC25-B48.5",
            "count": 38,
            "created_time": "2024-12-25T23:25:24.857432Z",
            "yes_price": 97,
            "no_price": 3,
            "taker_side": "yes"
        },
        {
            "trade_id": "df98e178-5b3c-4c9b-95ea-07b13a6a9b29",
            "ticker": "KXHIGHDEN-24DEC25-B48.5",
            "count": 20,
            "created_time": "2024-12-25T23:23:42.06606Z",
            "yes_price": 97,
            "no_price": 3,
            "taker_side": "yes"
        },
        {
            "trade_id": "cc493e34-06cf-4bbf-9bf0-c02a060318b0",
            "ticker": "KXHIGHDEN-24DEC25-B48.5",
            "count": 40,
            "created_time": "2024-12-25T23:23:42.06606Z",
            "yes_price": 97,
            "no_price": 3,
            "taker_side": "yes"
        },
        {
            "trade_id": "af5c1320-64b8-4e51-b342-8e3eb7fbc80c",
            "ticker": "KXHIGHDEN-24DEC25-B48.5",
            "count": 40,
            "created_time": "2024-12-25T23:23:42.06606Z",
            "yes_price": 97,
            "no_price": 3,
            "taker_side": "yes"
        },
        {
            "trade_id": "eb4380c3-0da9-4b60-890b-a57d8aacca83",
            "ticker": "KXHIGHDEN-24DEC25-B48.5",
            "count": 31,
            "created_time": "2024-12-25T22:51:11.261834Z",
            "yes_price": 96,
            "no_price": 4,
            "taker_side": "yes"
        },
        {
            "trade_id": "a3a62ee4-d810-4659-84f0-aa3ffe419401",
            "ticker": "KXHIGHDEN-24DEC25-B48.5",
            "count": 60,
            "created_time": "2024-12-25T22:51:11.261834Z",
            "yes_price": 96,
            "no_price": 4,
            "taker_side": "yes"
        },
        {
            "trade_id": "82f465d5-bdbf-4581-b2af-811b76aa6da0",
            "ticker": "KXHIGHDEN-24DEC25-B48.5",
            "count": 31,
            "created_time": "2024-12-25T22:51:11.261834Z",
            "yes_price": 96,
            "no_price": 4,
            "taker_side": "yes"
        },
        {
            "trade_id": "269ee294-1194-4921-a603-b8c6a0f41727",
            "ticker": "KXHIGHDEN-24DEC25-B48.5",
            "count": 31,
            "created_time": "2024-12-25T22:51:11.261834Z",
            "yes_price": 96,
            "no_price": 4,
            "taker_side": "yes"
        },
        {
            "trade_id": "d5009cfa-7dd0-4ac6-84d5-9cd555e8b44a",
            "ticker": "KXHIGHDEN-24DEC25-B48.5",
            "count": 27,
            "created_time": "2024-12-25T22:40:02.803716Z",
            "yes_price": 95,
            "no_price": 5,
            "taker_side": "yes"
        },
        {
            "trade_id": "0a343ccc-06d0-4065-9f93-7ab0bca01c04",
            "ticker": "KXHIGHDEN-24DEC25-B48.5",
            "count": 190,
            "created_time": "2024-12-25T22:40:02.803716Z",
            "yes_price": 95,
            "no_price": 5,
            "taker_side": "yes"
        },
        {
            "trade_id": "28b7dad1-8b5b-4caf-b48c-2e6e9a2f9111",
            "ticker": "KXHIGHDEN-24DEC25-B48.5",
            "count": 47,
            "created_time": "2024-12-25T22:31:38.793997Z",
            "yes_price": 86,
            "no_price": 14,
            "taker_side": "no"
        },
        {
            "trade_id": "5fc61f97-981e-4c9e-ac71-f04ce8fa0bdf",
            "ticker": "KXHIGHDEN-24DEC25-B48.5",
            "count": 16,
            "created_time": "2024-12-25T22:08:57.274636Z",
            "yes_price": 92,
            "no_price": 8,
            "taker_side": "yes"
        },
        {
            "trade_id": "d6daa5c2-82e9-47c9-9367-94122bdb0a30",
            "ticker": "KXHIGHDEN-24DEC25-B48.5",
            "count": 191,
            "created_time": "2024-12-25T22:03:27.538171Z",
            "yes_price": 80,
            "no_price": 20,
            "taker_side": "no"
        },
        {
            "trade_id": "8a1a24f2-1123-4663-9c2b-87ea10eb55c0",
            "ticker": "KXHIGHDEN-24DEC25-B48.5",
            "count": 6,
            "created_time": "2024-12-25T22:03:27.538171Z",
            "yes_price": 85,
            "no_price": 15,
            "taker_side": "no"
        },
        {
            "trade_id": "68a8a1ec-5e7b-48a6-a4f2-89e38e2e3b52",
            "ticker": "KXHIGHDEN-24DEC25-B48.5",
            "count": 162,
            "created_time": "2024-12-25T22:03:27.538171Z",
            "yes_price": 85,
            "no_price": 15,
            "taker_side": "no"
        },
        {
            "trade_id": "5f3709cc-2954-4a3d-9eea-4e000081bbf9",
            "ticker": "KXHIGHDEN-24DEC25-B48.5",
            "count": 1,
            "created_time": "2024-12-25T22:03:27.538171Z",
            "yes_price": 85,
            "no_price": 15,
            "taker_side": "no"
        },
        {
            "trade_id": "54c25e0f-e41b-4e53-81fc-4bf637db1653",
            "ticker": "KXHIGHDEN-24DEC25-B48.5",
            "count": 190,
            "created_time": "2024-12-25T22:03:27.538171Z",
            "yes_price": 84,
            "no_price": 16,
            "taker_side": "no"
        },
        {
            "trade_id": "05216d7a-7c3c-4c11-9cc7-f1ffd40546b6",
            "ticker": "KXHIGHDEN-24DEC25-B48.5",
            "count": 3,
            "created_time": "2024-12-25T22:03:27.538171Z",
            "yes_price": 85,
            "no_price": 15,
            "taker_side": "no"
        },
        {
            "trade_id": "23367a99-7fd4-459d-b5ce-e2ecd6f966ea",
            "ticker": "KXHIGHDEN-24DEC25-B48.5",
            "count": 120,
            "created_time": "2024-12-25T21:42:09.536362Z",
            "yes_price": 78,
            "no_price": 22,
            "taker_side": "no"
        },
        {
            "trade_id": "530d00ff-587c-4ed7-93ea-3526d632b95e",
            "ticker": "KXHIGHDEN-24DEC25-B48.5",
            "count": 4,
            "created_time": "2024-12-25T21:41:38.898075Z",
            "yes_price": 95,
            "no_price": 5,
            "taker_side": "yes"
        },
        {
            "trade_id": "e8062036-c3ee-422b-a524-7a6b4ed0addb",
            "ticker": "KXHIGHDEN-24DEC25-B48.5",
            "count": 4,
            "created_time": "2024-12-25T21:41:10.913907Z",
            "yes_price": 77,
            "no_price": 23,
            "taker_side": "no"
        },
        {
            "trade_id": "d239b920-2d03-4334-bb78-906ab917f6fc",
            "ticker": "KXHIGHDEN-24DEC25-B48.5",
            "count": 171,
            "created_time": "2024-12-25T21:38:49.670372Z",
            "yes_price": 76,
            "no_price": 24,
            "taker_side": "no"
        },
        {
            "trade_id": "8040f709-9e78-455c-b13f-7dda9cb1471b",
            "ticker": "KXHIGHDEN-24DEC25-B48.5",
            "count": 149,
            "created_time": "2024-12-25T21:38:49.670372Z",
            "yes_price": 75,
            "no_price": 25,
            "taker_side": "no"
        },
        {
            "trade_id": "b765585d-7876-492f-b08e-e1a25efe9cee",
            "ticker": "KXHIGHDEN-24DEC25-B48.5",
            "count": 16,
            "created_time": "2024-12-25T21:35:31.551334Z",
            "yes_price": 85,
            "no_price": 15,
            "taker_side": "no"
        },
        {
            "trade_id": "9ca3dfb1-9a19-4a22-b372-53c41e8ce98b",
            "ticker": "KXHIGHDEN-24DEC25-B48.5",
            "count": 16,
            "created_time": "2024-12-25T21:35:31.551334Z",
            "yes_price": 78,
            "no_price": 22,
            "taker_side": "no"
        },
        {
            "trade_id": "62dcb7ba-9a43-4321-abee-0ec45cfc9d23",
            "ticker": "KXHIGHDEN-24DEC25-B48.5",
            "count": 88,
            "created_time": "2024-12-25T21:35:31.551334Z",
            "yes_price": 90,
            "no_price": 10,
            "taker_side": "no"
        },
        {
            "trade_id": "58876d88-c361-42dc-84aa-da4cea123654",
            "ticker": "KXHIGHDEN-24DEC25-B48.5",
            "count": 77,
            "created_time": "2024-12-25T21:35:31.551334Z",
            "yes_price": 89,
            "no_price": 11,
            "taker_side": "no"
        },
        {
            "trade_id": "3f3da62a-55b7-4440-aede-ad1e699238d2",
            "ticker": "KXHIGHDEN-24DEC25-B48.5",
            "count": 271,
            "created_time": "2024-12-25T21:35:31.551334Z",
            "yes_price": 76,
            "no_price": 24,
            "taker_side": "no"
        },
        {
            "trade_id": "350e6e63-4c57-486f-9045-98fdf1fe9b4a",
            "ticker": "KXHIGHDEN-24DEC25-B48.5",
            "count": 8,
            "created_time": "2024-12-25T21:35:31.551334Z",
            "yes_price": 85,
            "no_price": 15,
            "taker_side": "no"
        },
        {
            "trade_id": "24102540-bf13-4df7-ba87-365fe97280da",
            "ticker": "KXHIGHDEN-24DEC25-B48.5",
            "count": 3,
            "created_time": "2024-12-25T21:35:31.551334Z",
            "yes_price": 75,
            "no_price": 25,
            "taker_side": "no"
        },
        {
            "trade_id": "0c42bf29-98d8-41b6-b1d6-6b3c330adeb0",
            "ticker": "KXHIGHDEN-24DEC25-B48.5",
            "count": 159,
            "created_time": "2024-12-25T21:35:31.551334Z",
            "yes_price": 90,
            "no_price": 10,
            "taker_side": "no"
        },
        {
            "trade_id": "089d457e-3dd4-47e7-96cc-11c30bcb1875",
            "ticker": "KXHIGHDEN-24DEC25-B48.5",
            "count": 16,
            "created_time": "2024-12-25T21:35:31.551334Z",
            "yes_price": 76,
            "no_price": 24,
            "taker_side": "no"
        },
        {
            "trade_id": "ae841838-a397-4ac8-80ce-4019999f8b3d",
            "ticker": "KXHIGHDEN-24DEC25-B48.5",
            "count": 180,
            "created_time": "2024-12-25T21:32:19.059584Z",
            "yes_price": 97,
            "no_price": 3,
            "taker_side": "yes"
        },
        {
            "trade_id": "83f8dcea-5b8c-46c7-b472-1a7bea7793bb",
            "ticker": "KXHIGHDEN-24DEC25-B48.5",
            "count": 100,
            "created_time": "2024-12-25T21:32:19.059584Z",
            "yes_price": 97,
            "no_price": 3,
            "taker_side": "yes"
        },
        {
            "trade_id": "f9416ef0-f6b0-4af2-9289-623c20c0fb70",
            "ticker": "KXHIGHDEN-24DEC25-B48.5",
            "count": 34,
            "created_time": "2024-12-25T21:32:06.575908Z",
            "yes_price": 96,
            "no_price": 4,
            "taker_side": "yes"
        },
        {
            "trade_id": "f71e9823-76cf-455a-af66-e1cb461cec54",
            "ticker": "KXHIGHDEN-24DEC25-B48.5",
            "count": 30,
            "created_time": "2024-12-25T21:32:06.575908Z",
            "yes_price": 96,
            "no_price": 4,
            "taker_side": "yes"
        },
        {
            "trade_id": "4d8c2dc8-3037-4948-bc8c-94c72c648f92",
            "ticker": "KXHIGHDEN-24DEC25-B48.5",
            "count": 32,
            "created_time": "2024-12-25T21:32:06.575908Z",
            "yes_price": 96,
            "no_price": 4,
            "taker_side": "yes"
        },
        {
            "trade_id": "0165eebf-5745-4364-9eb5-16d0f0c79d0f",
            "ticker": "KXHIGHDEN-24DEC25-B48.5",
            "count": 40,
            "created_time": "2024-12-25T21:32:06.575908Z",
            "yes_price": 96,
            "no_price": 4,
            "taker_side": "yes"
        },
        {
            "trade_id": "2f21cbf4-fece-4508-8ab9-ada573157ecf",
            "ticker": "KXHIGHDEN-24DEC25-B48.5",
            "count": 100,
            "created_time": "2024-12-25T21:25:57.834971Z",
            "yes_price": 94,
            "no_price": 6,
            "taker_side": "no"
        },
        {
            "trade_id": "70d72692-8ee4-443c-957d-a3e41298d1d2",
            "ticker": "KXHIGHDEN-24DEC25-B48.5",
            "count": 28,
            "created_time": "2024-12-25T21:07:15.719863Z",
            "yes_price": 94,
            "no_price": 6,
            "taker_side": "yes"
        },
        {
            "trade_id": "d3df1a83-8259-4cf3-aef0-37193994a226",
            "ticker": "KXHIGHDEN-24DEC25-B48.5",
            "count": 39,
            "created_time": "2024-12-25T21:03:20.956773Z",
            "yes_price": 96,
            "no_price": 4,
            "taker_side": "yes"
        },
        {
            "trade_id": "56b516a6-a457-4e84-b83e-f4577452fa57",
            "ticker": "KXHIGHDEN-24DEC25-B48.5",
            "count": 40,
            "created_time": "2024-12-25T21:03:20.956773Z",
            "yes_price": 95,
            "no_price": 5,
            "taker_side": "yes"
        },
        {
            "trade_id": "36d92dc7-6bbe-43e5-9e3e-52213ec06e11",
            "ticker": "KXHIGHDEN-24DEC25-B48.5",
            "count": 88,
            "created_time": "2024-12-25T21:03:20.956773Z",
            "yes_price": 95,
            "no_price": 5,
            "taker_side": "yes"
        },
        {
            "trade_id": "097e4d3e-73da-445a-9274-48102783ce17",
            "ticker": "KXHIGHDEN-24DEC25-B48.5",
            "count": 40,
            "created_time": "2024-12-25T21:03:20.956773Z",
            "yes_price": 96,
            "no_price": 4,
            "taker_side": "yes"
        },
        {
            "trade_id": "08b7337f-5582-4a0a-b7e1-4df7d862a1cb",
            "ticker": "KXHIGHDEN-24DEC25-B48.5",
            "count": 40,
            "created_time": "2024-12-25T21:03:20.956773Z",
            "yes_price": 96,
            "no_price": 4,
            "taker_side": "yes"
        },
        {
            "trade_id": "6509550a-3464-46fc-81da-bc27c4958777",
            "ticker": "KXHIGHDEN-24DEC25-B48.5",
            "count": 3,
            "created_time": "2024-12-25T20:55:09.525036Z",
            "yes_price": 92,
            "no_price": 8,
            "taker_side": "no"
        },
        {
            "trade_id": "538ba74b-6ba7-4fe0-af3f-5977f28b0912",
            "ticker": "KXHIGHDEN-24DEC25-B48.5",
            "count": 13,
            "created_time": "2024-12-25T20:55:09.525036Z",
            "yes_price": 91,
            "no_price": 9,
            "taker_side": "no"
        },
        {
            "trade_id": "56ed54fc-7990-4653-ae41-acfa8ed61079",
            "ticker": "KXHIGHDEN-24DEC25-B48.5",
            "count": 3,
            "created_time": "2024-12-25T20:54:09.378907Z",
            "yes_price": 95,
            "no_price": 5,
            "taker_side": "yes"
        },
        {
            "trade_id": "e3849ed1-b99f-4eb7-adb0-55a16b694609",
            "ticker": "KXHIGHDEN-24DEC25-B48.5",
            "count": 40,
            "created_time": "2024-12-25T20:47:43.12996Z",
            "yes_price": 95,
            "no_price": 5,
            "taker_side": "yes"
        },
        {
            "trade_id": "70d894ae-0abe-41b3-9b4b-c7010f9ce283",
            "ticker": "KXHIGHDEN-24DEC25-B48.5",
            "count": 70,
            "created_time": "2024-12-25T20:47:43.12996Z",
            "yes_price": 95,
            "no_price": 5,
            "taker_side": "yes"
        },
        {
            "trade_id": "0500750c-5013-449e-a793-396b250b9207",
            "ticker": "KXHIGHDEN-24DEC25-B48.5",
            "count": 1,
            "created_time": "2024-12-25T20:47:43.12996Z",
            "yes_price": 95,
            "no_price": 5,
            "taker_side": "yes"
        },
        {
            "trade_id": "2dadd17d-ff1c-4fa1-a3f5-a52221818830",
            "ticker": "KXHIGHDEN-24DEC25-B48.5",
            "count": 39,
            "created_time": "2024-12-25T20:46:29.968379Z",
            "yes_price": 95,
            "no_price": 5,
            "taker_side": "yes"
        },
        {
            "trade_id": "e1861da7-7204-4be9-b609-2ba120a2c2f9",
            "ticker": "KXHIGHDEN-24DEC25-B48.5",
            "count": 26,
            "created_time": "2024-12-25T20:45:48.026778Z",
            "yes_price": 95,
            "no_price": 5,
            "taker_side": "yes"
        },
        {
            "trade_id": "899b6f48-5455-429c-ac63-a57c3248b814",
            "ticker": "KXHIGHDEN-24DEC25-B48.5",
            "count": 4,
            "created_time": "2024-12-25T20:45:48.026778Z",
            "yes_price": 95,
            "no_price": 5,
            "taker_side": "yes"
        },
        {
            "trade_id": "530ad050-21ad-436a-9071-26df073a1464",
            "ticker": "KXHIGHDEN-24DEC25-B48.5",
            "count": 4,
            "created_time": "2024-12-25T20:38:56.80855Z",
            "yes_price": 91,
            "no_price": 9,
            "taker_side": "no"
        },
        {
            "trade_id": "fff52148-95cc-494a-b8ed-01c52454e35c",
            "ticker": "KXHIGHDEN-24DEC25-B48.5",
            "count": 2,
            "created_time": "2024-12-25T20:32:24.368194Z",
            "yes_price": 93,
            "no_price": 7,
            "taker_side": "yes"
        },
        {
            "trade_id": "955851c5-0cf0-4bc3-a592-e97262e4a116",
            "ticker": "KXHIGHDEN-24DEC25-B48.5",
            "count": 2,
            "created_time": "2024-12-25T20:32:24.368194Z",
            "yes_price": 93,
            "no_price": 7,
            "taker_side": "yes"
        },
        {
            "trade_id": "d37d7eea-4563-4bf8-a671-35c610553502",
            "ticker": "KXHIGHDEN-24DEC25-B48.5",
            "count": 38,
            "created_time": "2024-12-25T20:31:41.250415Z",
            "yes_price": 93,
            "no_price": 7,
            "taker_side": "yes"
        },
        {
            "trade_id": "b7e8a169-2507-4c7a-9f4d-ec218e99f4b1",
            "ticker": "KXHIGHDEN-24DEC25-B48.5",
            "count": 10,
            "created_time": "2024-12-25T20:31:41.250415Z",
            "yes_price": 92,
            "no_price": 8,
            "taker_side": "yes"
        },
        {
            "trade_id": "888b3d69-82e4-4646-953b-e93266757864",
            "ticker": "KXHIGHDEN-24DEC25-B48.5",
            "count": 52,
            "created_time": "2024-12-25T20:31:41.250415Z",
            "yes_price": 93,
            "no_price": 7,
            "taker_side": "yes"
        },
        {
            "trade_id": "8b104f1c-3c33-418f-bc8f-e202200153a1",
            "ticker": "KXHIGHDEN-24DEC25-B48.5",
            "count": 106,
            "created_time": "2024-12-25T20:24:26.273046Z",
            "yes_price": 77,
            "no_price": 23,
            "taker_side": "no"
        },
        {
            "trade_id": "96319075-5586-44a1-a863-cfe58afd97c2",
            "ticker": "KXHIGHDEN-24DEC25-B48.5",
            "count": 4,
            "created_time": "2024-12-25T20:23:47.465144Z",
            "yes_price": 77,
            "no_price": 23,
            "taker_side": "no"
        },
        {
            "trade_id": "aea4814b-f936-41d3-b2d1-7893763803aa",
            "ticker": "KXHIGHDEN-24DEC25-B48.5",
            "count": 3,
            "created_time": "2024-12-25T20:20:16.626564Z",
            "yes_price": 83,
            "no_price": 17,
            "taker_side": "no"
        },
        {
            "trade_id": "fdfe53db-c6d2-4f09-9109-060c40fda570",
            "ticker": "KXHIGHDEN-24DEC25-B48.5",
            "count": 4,
            "created_time": "2024-12-25T20:19:28.331904Z",
            "yes_price": 85,
            "no_price": 15,
            "taker_side": "yes"
        },
