{
    "KXHIGHDEN-24NOV27-T35": [
        {
            "trade_id": "1ed98806-0e10-414a-8ac8-8df2af85b1b3",
            "ticker": "KXHIGHDEN-24NOV27-T35",
            "count": 93,
            "created_time": "2024-11-27T20:45:25.797055Z",
            "yes_price": 1,
            "no_price": 99,
            "taker_side": "yes"
        },
        {
            "trade_id": "637febdf-67c3-4b68-8c3b-eb77c8803d7a",
            "ticker": "KXHIGHDEN-24NOV27-T35",
            "count": 1000,
            "created_time": "2024-11-27T18:18:25.911105Z",
            "yes_price": 1,
            "no_price": 99,
            "taker_side": "yes"
        },
        {
            "trade_id": "f3da660c-34d7-4c68-8001-30b5a6bd3503",
            "ticker": "KXHIGHDEN-24NOV27-T35",
            "count": 100,
            "created_time": "2024-11-27T18:01:14.387404Z",
            "yes_price": 1,
            "no_price": 99,
            "taker_side": "yes"
        },
        {
            "trade_id": "42bd2a7e-ec2f-402f-a869-09b4985873fc",
            "ticker": "KXHIGHDEN-24NOV27-T35",
            "count": 93,
            "created_time": "2024-11-27T14:59:23.658735Z",
            "yes_price": 1,
            "no_price": 99,
            "taker_side": "yes"
        },
        {
            "trade_id": "9e815ca9-c864-4855-88a6-46dbd0330c7b",
            "ticker": "KXHIGHDEN-24NOV27-T35",
            "count": 150,
            "created_time": "2024-11-27T14:38:37.381814Z",
            "yes_price": 1,
            "no_price": 99,
            "taker_side": "yes"
        },
        {
            "trade_id": "183f1d12-3e7a-419e-a73e-500344ca25fa",
            "ticker": "KXHIGHDEN-24NOV27-T35",
            "count": 100,
            "created_time": "2024-11-27T14:34:22.597637Z",
            "yes_price": 1,
            "no_price": 99,
            "taker_side": "yes"
        },
        {
            "trade_id": "adcd681b-b16c-4e27-9287-38122224d615",
            "ticker": "KXHIGHDEN-24NOV27-T35",
            "count": 70,
            "created_time": "2024-11-27T14:08:54.837792Z",
            "yes_price": 1,
            "no_price": 99,
            "taker_side": "yes"
        },
        {
            "trade_id": "e8917274-75ab-4288-81a2-e90e90db08be",
            "ticker": "KXHIGHDEN-24NOV27-T35",
            "count": 99,
            "created_time": "2024-11-27T07:32:27.925579Z",
            "yes_price": 1,
            "no_price": 99,
            "taker_side": "yes"
        },
        {
            "trade_id": "380c51c7-9482-444b-9f8f-909a252f2c19",
            "ticker": "KXHIGHDEN-24NOV27-T35",
            "count": 101,
            "created_time": "2024-11-27T07:32:27.925579Z",
            "yes_price": 1,
            "no_price": 99,
            "taker_side": "yes"
        },
        {
            "trade_id": "6e200bf7-4d0c-412c-985d-76e44b2e7161",
            "ticker": "KXHIGHDEN-24NOV27-T35",
            "count": 1,
            "created_time": "2024-11-27T07:00:09.408218Z",
            "yes_price": 1,
            "no_price": 99,
            "taker_side": "yes"
        },
        {
            "trade_id": "daa3bb5e-90cd-4964-9b6a-703ffc107b47",
            "ticker": "KXHIGHDEN-24NOV27-T35",
            "count": 41,
            "created_time": "2024-11-27T05:19:44.367673Z",
            "yes_price": 1,
            "no_price": 99,
            "taker_side": "no"
        },
        {
            "trade_id": "bf41bb9c-c131-4146-9038-9ad181a1f9e8",
            "ticker": "KXHIGHDEN-24NOV27-T35",
            "count": 90,
            "created_time": "2024-11-27T05:04:43.086518Z",
            "yes_price": 1,
            "no_price": 99,
            "taker_side": "no"
        },
        {
            "trade_id": "d33d4f6c-37bd-4485-9310-ac896a4be0a4",
            "ticker": "KXHIGHDEN-24NOV27-T35",
            "count": 84,
            "created_time": "2024-11-27T04:50:52.035817Z",
            "yes_price": 6,
            "no_price": 94,
            "taker_side": "yes"
        },
        {
            "trade_id": "c8b5d778-1db4-4d94-8cfc-5802fa26d8f1",
            "ticker": "KXHIGHDEN-24NOV27-T35",
            "count": 100,
            "created_time": "2024-11-27T04:46:02.123966Z",
            "yes_price": 6,
            "no_price": 94,
            "taker_side": "yes"
        },
        {
            "trade_id": "47e2e7af-25be-4f05-93c8-333e2d84d5ec",
            "ticker": "KXHIGHDEN-24NOV27-T35",
            "count": 40,
            "created_time": "2024-11-27T04:44:57.75782Z",
            "yes_price": 7,
            "no_price": 93,
            "taker_side": "yes"
        },
        {
            "trade_id": "f834b239-85e7-4adf-8d28-62ad11c38d3b",
            "ticker": "KXHIGHDEN-24NOV27-T35",
            "count": 200,
            "created_time": "2024-11-27T04:43:28.127899Z",
            "yes_price": 6,
            "no_price": 94,
            "taker_side": "yes"
        },
        {
            "trade_id": "89d22ed2-9179-4561-b8e9-b55d464a4567",
            "ticker": "KXHIGHDEN-24NOV27-T35",
            "count": 1,
            "created_time": "2024-11-27T04:41:48.537021Z",
            "yes_price": 7,
            "no_price": 93,
            "taker_side": "yes"
        },
        {
            "trade_id": "dc5898bf-ab9e-4343-91b8-d6c2919447f0",
            "ticker": "KXHIGHDEN-24NOV27-T35",
            "count": 200,
            "created_time": "2024-11-27T04:40:53.151556Z",
            "yes_price": 6,
            "no_price": 94,
            "taker_side": "yes"
        },
        {
            "trade_id": "a92c6dcc-6322-432b-a6bc-11d5702453e3",
            "ticker": "KXHIGHDEN-24NOV27-T35",
            "count": 4,
            "created_time": "2024-11-27T04:23:05.284437Z",
            "yes_price": 1,
            "no_price": 99,
            "taker_side": "no"
        },
        {
            "trade_id": "35ad31b1-60e2-4316-a66e-46179461d35a",
            "ticker": "KXHIGHDEN-24NOV27-T35",
            "count": 40,
            "created_time": "2024-11-27T04:23:05.284437Z",
            "yes_price": 1,
            "no_price": 99,
            "taker_side": "no"
        },
        {
            "trade_id": "0e627c3e-37c5-40c8-ac0c-fa51e0ae6ed7",
            "ticker": "KXHIGHDEN-24NOV27-T35",
            "count": 40,
            "created_time": "2024-11-27T04:23:05.284437Z",
            "yes_price": 1,
            "no_price": 99,
            "taker_side": "no"
        },
        {
            "trade_id": "12874acc-0ec9-4eeb-978e-80c1ff36bbb9",
            "ticker": "KXHIGHDEN-24NOV27-T35",
            "count": 39,
            "created_time": "2024-11-27T04:22:00.66224Z",
            "yes_price": 1,
            "no_price": 99,
            "taker_side": "no"
        },
        {
            "trade_id": "ac0ffe62-48fb-4d4d-b9dd-22955416086b",
            "ticker": "KXHIGHDEN-24NOV27-T35",
            "count": 8,
            "created_time": "2024-11-27T04:22:00.112932Z",
            "yes_price": 1,
            "no_price": 99,
            "taker_side": "no"
        },
        {
            "trade_id": "29a8144f-afe7-444c-b168-e242e445643c",
            "ticker": "KXHIGHDEN-24NOV27-T35",
            "count": 5,
            "created_time": "2024-11-27T04:21:59.616363Z",
            "yes_price": 1,
            "no_price": 99,
            "taker_side": "no"
        },
        {
            "trade_id": "fd6bc438-aa24-4c14-a3d1-dde0ebb6684b",
            "ticker": "KXHIGHDEN-24NOV27-T35",
            "count": 5,
            "created_time": "2024-11-27T04:21:58.873976Z",
            "yes_price": 1,
            "no_price": 99,
            "taker_side": "no"
        },
        {
            "trade_id": "1186daa9-c4b9-470b-9cb2-0af64755d1a0",
            "ticker": "KXHIGHDEN-24NOV27-T35",
            "count": 5,
            "created_time": "2024-11-27T04:21:58.542259Z",
            "yes_price": 1,
            "no_price": 99,
            "taker_side": "no"
        },
        {
            "trade_id": "2da2630c-ec87-46a9-8288-279e854d1006",
            "ticker": "KXHIGHDEN-24NOV27-T35",
            "count": 5,
            "created_time": "2024-11-27T04:21:57.995789Z",
            "yes_price": 1,
            "no_price": 99,
            "taker_side": "no"
        },
        {
            "trade_id": "636ca8ed-5ad2-430f-bb2b-5bcd35035536",
            "ticker": "KXHIGHDEN-24NOV27-T35",
            "count": 5,
            "created_time": "2024-11-27T04:21:56.067578Z",
            "yes_price": 1,
            "no_price": 99,
            "taker_side": "no"
        },
        {
            "trade_id": "5953f4d0-f577-46ee-9c5e-bdfceec683dd",
            "ticker": "KXHIGHDEN-24NOV27-T35",
            "count": 39,
            "created_time": "2024-11-27T04:21:42.745997Z",
            "yes_price": 1,
            "no_price": 99,
            "taker_side": "no"
        },
        {
            "trade_id": "e8e0bfe7-893b-4a2b-85d5-b4744cbb47af",
            "ticker": "KXHIGHDEN-24NOV27-T35",
            "count": 100,
            "created_time": "2024-11-27T03:54:32.113844Z",
            "yes_price": 11,
            "no_price": 89,
            "taker_side": "yes"
        },
        {
            "trade_id": "b4ad3a4f-dbc0-458f-abef-e4384af76735",
            "ticker": "KXHIGHDEN-24NOV27-T35",
            "count": 200,
            "created_time": "2024-11-27T03:54:32.113844Z",
            "yes_price": 9,
            "no_price": 91,
            "taker_side": "yes"
        },
        {
            "trade_id": "17f5e588-7964-4c60-b8e2-eda5f1d16abf",
            "ticker": "KXHIGHDEN-24NOV27-T35",
            "count": 91,
            "created_time": "2024-11-27T03:54:32.113844Z",
            "yes_price": 10,
            "no_price": 90,
            "taker_side": "yes"
        },
        {
            "trade_id": "11befcb7-b734-4406-b2a7-d3f4cd3f2d59",
            "ticker": "KXHIGHDEN-24NOV27-T35",
            "count": 9,
            "created_time": "2024-11-27T03:54:32.113844Z",
            "yes_price": 10,
            "no_price": 90,
            "taker_side": "yes"
        },
        {
            "trade_id": "cb8adb97-c1b0-448b-8dee-d3c707e30538",
            "ticker": "KXHIGHDEN-24NOV27-T35",
            "count": 91,
            "created_time": "2024-11-27T03:52:35.804783Z",
            "yes_price": 8,
            "no_price": 92,
            "taker_side": "yes"
        },
        {
            "trade_id": "8c2b3000-c173-4f1b-b67c-d460a9bf2972",
            "ticker": "KXHIGHDEN-24NOV27-T35",
            "count": 100,
            "created_time": "2024-11-27T03:52:35.804783Z",
            "yes_price": 10,
            "no_price": 90,
            "taker_side": "yes"
        },
        {
            "trade_id": "64d6aeeb-7348-4cf0-8e10-9516bd229ca2",
            "ticker": "KXHIGHDEN-24NOV27-T35",
            "count": 9,
            "created_time": "2024-11-27T03:52:35.804783Z",
            "yes_price": 10,
            "no_price": 90,
            "taker_side": "yes"
        },
        {
            "trade_id": "21334088-38b8-4720-9f75-be43038c6472",
            "ticker": "KXHIGHDEN-24NOV27-T35",
            "count": 300,
            "created_time": "2024-11-27T03:52:35.804783Z",
            "yes_price": 7,
            "no_price": 93,
            "taker_side": "yes"
        },
        {
            "trade_id": "f97b630c-afe8-4623-862e-be58213cefd8",
            "ticker": "KXHIGHDEN-24NOV27-T35",
            "count": 26,
            "created_time": "2024-11-27T03:40:42.616795Z",
            "yes_price": 10,
            "no_price": 90,
            "taker_side": "yes"
        },
        {
            "trade_id": "9adbdbf7-b2ca-4d63-abeb-676592f2372d",
            "ticker": "KXHIGHDEN-24NOV27-T35",
            "count": 115,
            "created_time": "2024-11-27T03:40:42.616795Z",
            "yes_price": 8,
            "no_price": 92,
            "taker_side": "yes"
        },
        {
            "trade_id": "690f435a-ca52-4b9e-9918-40342a50d318",
            "ticker": "KXHIGHDEN-24NOV27-T35",
            "count": 200,
            "created_time": "2024-11-27T03:40:42.616795Z",
            "yes_price": 9,
            "no_price": 91,
            "taker_side": "yes"
        },
        {
            "trade_id": "5c66e142-5178-4014-a482-46600f032cd1",
            "ticker": "KXHIGHDEN-24NOV27-T35",
            "count": 171,
            "created_time": "2024-11-27T03:40:42.616795Z",
            "yes_price": 10,
            "no_price": 90,
            "taker_side": "yes"
        },
        {
            "trade_id": "b583c470-b257-45f0-b199-c9f857fce14c",
            "ticker": "KXHIGHDEN-24NOV27-T35",
            "count": 142,
            "created_time": "2024-11-27T03:38:27.101391Z",
            "yes_price": 2,
            "no_price": 98,
            "taker_side": "no"
        },
        {
            "trade_id": "7e90aecf-ed33-4303-aeff-9e4202fcee1b",
            "ticker": "KXHIGHDEN-24NOV27-T35",
            "count": 240,
            "created_time": "2024-11-27T03:38:27.101391Z",
            "yes_price": 4,
            "no_price": 96,
            "taker_side": "no"
        },
        {
            "trade_id": "798d5de5-5db5-44ed-9a3d-c297af41b885",
            "ticker": "KXHIGHDEN-24NOV27-T35",
            "count": 40,
            "created_time": "2024-11-27T03:38:27.101391Z",
            "yes_price": 3,
            "no_price": 97,
            "taker_side": "no"
        },
        {
            "trade_id": "7018bb1c-0a4b-4170-9038-faea723a034e",
            "ticker": "KXHIGHDEN-24NOV27-T35",
            "count": 200,
            "created_time": "2024-11-27T03:38:27.101391Z",
            "yes_price": 3,
            "no_price": 97,
            "taker_side": "no"
        },
        {
            "trade_id": "640f0e08-0e37-4ff5-af53-d73ed7ad20dd",
            "ticker": "KXHIGHDEN-24NOV27-T35",
            "count": 98,
            "created_time": "2024-11-27T03:38:27.101391Z",
            "yes_price": 2,
            "no_price": 98,
            "taker_side": "no"
        },
        {
            "trade_id": "7704e974-8fb3-4e29-8dbc-8fd64c917cc7",
            "ticker": "KXHIGHDEN-24NOV27-T35",
            "count": 98,
            "created_time": "2024-11-27T03:29:32.037228Z",
            "yes_price": 2,
            "no_price": 98,
            "taker_side": "no"
        },
        {
            "trade_id": "5414bd04-2475-4a2b-ad90-d9e6b915d027",
            "ticker": "KXHIGHDEN-24NOV27-T35",
            "count": 240,
            "created_time": "2024-11-27T03:29:32.037228Z",
            "yes_price": 3,
            "no_price": 97,
            "taker_side": "no"
        },
        {
            "trade_id": "4b03ae16-e728-425b-8f56-216ce8680811",
            "ticker": "KXHIGHDEN-24NOV27-T35",
            "count": 238,
            "created_time": "2024-11-27T03:29:32.037228Z",
            "yes_price": 4,
            "no_price": 96,
            "taker_side": "no"
        },
        {
            "trade_id": "2c491186-7e8b-45b5-8c46-45e80b6c25c2",
            "ticker": "KXHIGHDEN-24NOV27-T35",
            "count": 2,
            "created_time": "2024-11-27T03:29:32.037228Z",
            "yes_price": 4,
            "no_price": 96,
            "taker_side": "no"
        },
        {
            "trade_id": "075ed04b-073d-4081-b12e-71b1595a4697",
            "ticker": "KXHIGHDEN-24NOV27-T35",
            "count": 67,
            "created_time": "2024-11-27T03:29:32.037228Z",
            "yes_price": 2,
            "no_price": 98,
            "taker_side": "no"
        },
        {
            "trade_id": "8ef8de82-ca37-4cf8-b60b-f5baed308c01",
            "ticker": "KXHIGHDEN-24NOV27-T35",
            "count": 2,
            "created_time": "2024-11-27T03:29:07.161689Z",
            "yes_price": 4,
            "no_price": 96,
            "taker_side": "no"
        },
        {
            "trade_id": "4a4f21b3-c406-40fc-9f03-afe59b716670",
            "ticker": "KXHIGHDEN-24NOV27-T35",
            "count": 35,
            "created_time": "2024-11-27T03:22:14.120283Z",
            "yes_price": 3,
            "no_price": 97,
            "taker_side": "no"
        },
        {
            "trade_id": "8c5624cf-61c2-485b-b894-4c04d53cd3af",
            "ticker": "KXHIGHDEN-24NOV27-T35",
            "count": 70,
            "created_time": "2024-11-27T03:11:17.300576Z",
            "yes_price": 3,
            "no_price": 97,
            "taker_side": "no"
        },
        {
            "trade_id": "ff01e794-6cc5-46ac-9790-45f2e6bdad77",
            "ticker": "KXHIGHDEN-24NOV27-T35",
            "count": 1,
            "created_time": "2024-11-27T02:29:07.353915Z",
            "yes_price": 11,
            "no_price": 89,
            "taker_side": "yes"
        },
        {
            "trade_id": "b3bc2a04-b045-492a-a02c-178002e9a690",
            "ticker": "KXHIGHDEN-24NOV27-T35",
            "count": 5,
            "created_time": "2024-11-27T02:29:07.353915Z",
            "yes_price": 13,
            "no_price": 87,
            "taker_side": "yes"
        },
        {
            "trade_id": "3195f760-0de8-45f2-863a-87a830c91718",
            "ticker": "KXHIGHDEN-24NOV27-T35",
            "count": 8,
            "created_time": "2024-11-27T02:29:07.353915Z",
            "yes_price": 16,
            "no_price": 84,
            "taker_side": "yes"
        },
        {
            "trade_id": "157d8021-1abc-4720-839d-27d1cf3599cb",
            "ticker": "KXHIGHDEN-24NOV27-T35",
            "count": 1,
            "created_time": "2024-11-27T02:29:07.353915Z",
            "yes_price": 12,
            "no_price": 88,
            "taker_side": "yes"
        },
        {
            "trade_id": "0d7f7088-4dcd-4053-a0eb-84b9dcd3b8ed",
            "ticker": "KXHIGHDEN-24NOV27-T35",
            "count": 20,
            "created_time": "2024-11-27T02:29:07.353915Z",
            "yes_price": 15,
            "no_price": 85,
            "taker_side": "yes"
        },
        {
            "trade_id": "a8b5bb6f-c427-4994-a10e-76a62e5ac77a",
            "ticker": "KXHIGHDEN-24NOV27-T35",
            "count": 240,
            "created_time": "2024-11-27T01:49:23.398369Z",
            "yes_price": 6,
            "no_price": 94,
            "taker_side": "no"
        },
        {
            "trade_id": "7b228827-e934-467d-a75e-7b58b361e313",
            "ticker": "KXHIGHDEN-24NOV27-T35",
            "count": 153,
            "created_time": "2024-11-27T01:49:23.398369Z",
            "yes_price": 5,
            "no_price": 95,
            "taker_side": "no"
        },
        {
            "trade_id": "6ca45fcb-2d52-43ba-91d1-f78588246660",
            "ticker": "KXHIGHDEN-24NOV27-T35",
            "count": 100,
            "created_time": "2024-11-27T01:49:23.398369Z",
            "yes_price": 7,
            "no_price": 93,
            "taker_side": "no"
        },
        {
            "trade_id": "36899022-98d7-4cc8-b81e-dcf0ea6a64eb",
            "ticker": "KXHIGHDEN-24NOV27-T35",
            "count": 100,
            "created_time": "2024-11-27T01:49:23.398369Z",
            "yes_price": 7,
            "no_price": 93,
            "taker_side": "no"
        },
        {
            "trade_id": "eff04304-6301-4c15-b400-4a1ca340898b",
            "ticker": "KXHIGHDEN-24NOV27-T35",
            "count": 56,
            "created_time": "2024-11-27T00:41:32.128058Z",
            "yes_price": 8,
            "no_price": 92,
            "taker_side": "yes"
        },
        {
            "trade_id": "dee77f0c-e9ed-451f-98cc-5af78e7a13fe",
            "ticker": "KXHIGHDEN-24NOV27-T35",
            "count": 1,
            "created_time": "2024-11-27T00:41:32.128058Z",
            "yes_price": 9,
            "no_price": 91,
            "taker_side": "yes"
        },
        {
            "trade_id": "c78f14b4-337e-4732-8c78-d32a0fbb5291",
            "ticker": "KXHIGHDEN-24NOV27-T35",
            "count": 1,
            "created_time": "2024-11-27T00:41:32.128058Z",
            "yes_price": 9,
            "no_price": 91,
            "taker_side": "yes"
        },
        {
            "trade_id": "94d87da1-c5d2-4fe1-a0d8-ca28918eefd4",
            "ticker": "KXHIGHDEN-24NOV27-T35",
            "count": 1,
            "created_time": "2024-11-27T00:21:56.173076Z",
            "yes_price": 8,
            "no_price": 92,
            "taker_side": "yes"
        },
        {
            "trade_id": "048ec583-561e-4fa5-8dbe-4ccfefda6d07",
            "ticker": "KXHIGHDEN-24NOV27-T35",
            "count": 50,
            "created_time": "2024-11-27T00:16:59.774166Z",
            "yes_price": 2,
            "no_price": 98,
            "taker_side": "no"
        },
        {
            "trade_id": "5bf17c07-32df-4f26-b3e7-85c4eec898b5",
            "ticker": "KXHIGHDEN-24NOV27-T35",
            "count": 50,
            "created_time": "2024-11-27T00:05:47.556071Z",
            "yes_price": 2,
            "no_price": 98,
            "taker_side": "no"
        },
        {
            "trade_id": "1a868d02-3759-43be-9d1e-4501a21abb40",
            "ticker": "KXHIGHDEN-24NOV27-T35",
            "count": 7,
            "created_time": "2024-11-26T23:39:57.734371Z",
            "yes_price": 7,
            "no_price": 93,
            "taker_side": "yes"
        },
        {
            "trade_id": "66020d90-b437-48d6-b1ab-348a16fe754e",
            "ticker": "KXHIGHDEN-24NOV27-T35",
            "count": 20,
            "created_time": "2024-11-26T23:31:35.582468Z",
            "yes_price": 7,
            "no_price": 93,
            "taker_side": "yes"
        },
        {
            "trade_id": "92e9a08f-eee0-402d-bb64-78898cd597a1",
            "ticker": "KXHIGHDEN-24NOV27-T35",
            "count": 20,
            "created_time": "2024-11-26T23:01:11.579525Z",
            "yes_price": 9,
            "no_price": 91,
            "taker_side": "yes"
        },
        {
            "trade_id": "ee7f62d8-300e-4ad0-8e94-cd0003874e53",
            "ticker": "KXHIGHDEN-24NOV27-T35",
            "count": 200,
            "created_time": "2024-11-26T22:42:32.603788Z",
            "yes_price": 12,
            "no_price": 88,
            "taker_side": "yes"
        },
        {
            "trade_id": "d8c6dab2-edab-49d3-b944-cde8b9c9e015",
            "ticker": "KXHIGHDEN-24NOV27-T35",
            "count": 110,
            "created_time": "2024-11-26T22:42:32.603788Z",
            "yes_price": 7,
            "no_price": 93,
            "taker_side": "yes"
        },
        {
            "trade_id": "c70fd940-de37-45a7-af0c-65e759f02bb1",
            "ticker": "KXHIGHDEN-24NOV27-T35",
            "count": 40,
            "created_time": "2024-11-26T22:42:32.603788Z",
            "yes_price": 12,
            "no_price": 88,
            "taker_side": "yes"
        },
        {
            "trade_id": "c44583d2-25fd-423d-b4ab-86c5f69edb1f",
            "ticker": "KXHIGHDEN-24NOV27-T35",
            "count": 600,
            "created_time": "2024-11-26T22:42:32.603788Z",
            "yes_price": 8,
            "no_price": 92,
            "taker_side": "yes"
        },
        {
            "trade_id": "b3ec46c4-9ae2-468a-a68f-2c3ea803441e",
            "ticker": "KXHIGHDEN-24NOV27-T35",
            "count": 69,
            "created_time": "2024-11-26T22:42:32.603788Z",
            "yes_price": 13,
            "no_price": 87,
            "taker_side": "yes"
        },
        {
            "trade_id": "0fc2e4c5-5f6c-49c0-9b0c-b7a928945b11",
            "ticker": "KXHIGHDEN-24NOV27-T35",
            "count": 5,
            "created_time": "2024-11-26T22:42:32.603788Z",
            "yes_price": 10,
            "no_price": 90,
            "taker_side": "yes"
        },
        {
            "trade_id": "440563b7-7139-4d44-82d3-f67852b312eb",
            "ticker": "KXHIGHDEN-24NOV27-T35",
            "count": 90,
            "created_time": "2024-11-26T22:38:43.997063Z",
            "yes_price": 7,
            "no_price": 93,
            "taker_side": "yes"
        },
        {
            "trade_id": "6ee5bd41-91e3-4bc0-a9fc-0e60c14289b2",
            "ticker": "KXHIGHDEN-24NOV27-T35",
            "count": 9,
            "created_time": "2024-11-26T21:34:39.047155Z",
            "yes_price": 9,
            "no_price": 91,
            "taker_side": "yes"
        },
        {
            "trade_id": "201ef402-e8b1-484f-a08b-02100f1fca5a",
            "ticker": "KXHIGHDEN-24NOV27-T35",
            "count": 211,
            "created_time": "2024-11-26T21:34:39.047155Z",
            "yes_price": 9,
            "no_price": 91,
            "taker_side": "yes"
        },
        {
            "trade_id": "1fc26559-1046-4016-bb71-443e92a3e64a",
            "ticker": "KXHIGHDEN-24NOV27-T35",
            "count": 200,
            "created_time": "2024-11-26T21:31:19.680745Z",
            "yes_price": 9,
            "no_price": 91,
            "taker_side": "no"
        },
        {
            "trade_id": "346fd6c4-9190-4b84-870d-5132ea089abd",
            "ticker": "KXHIGHDEN-24NOV27-T35",
            "count": 240,
            "created_time": "2024-11-26T21:31:19.622888Z",
            "yes_price": 9,
            "no_price": 91,
            "taker_side": "no"
        },
        {
            "trade_id": "358888d4-e3a5-46e0-9270-2810c47af960",
            "ticker": "KXHIGHDEN-24NOV27-T35",
            "count": 240,
            "created_time": "2024-11-26T21:31:19.559397Z",
            "yes_price": 9,
            "no_price": 91,
            "taker_side": "no"
        },
        {
            "trade_id": "8fbf12d7-6dac-4d34-a101-1eb79cca4362",
            "ticker": "KXHIGHDEN-24NOV27-T35",
            "count": 102,
            "created_time": "2024-11-26T21:30:48.493009Z",
            "yes_price": 9,
            "no_price": 91,
            "taker_side": "yes"
        },
        {
            "trade_id": "46ee1172-a860-4eb3-a45d-96e73e1130cf",
            "ticker": "KXHIGHDEN-24NOV27-T35",
            "count": 240,
            "created_time": "2024-11-26T21:29:13.764893Z",
            "yes_price": 9,
            "no_price": 91,
            "taker_side": "yes"
        },
        {
            "trade_id": "f39e6de7-db51-405e-afa0-1cc5b3f7a8fd",
            "ticker": "KXHIGHDEN-24NOV27-T35",
            "count": 100,
            "created_time": "2024-11-26T21:27:56.108528Z",
            "yes_price": 8,
            "no_price": 92,
            "taker_side": "no"
        },
        {
            "trade_id": "50fa84b0-c600-4699-8e9a-0a12ef0d426b",
            "ticker": "KXHIGHDEN-24NOV27-T35",
            "count": 240,
            "created_time": "2024-11-26T21:27:45.180993Z",
            "yes_price": 8,
            "no_price": 92,
            "taker_side": "no"
        },
        {
            "trade_id": "48bbac53-8613-4447-b827-91ef4ace7d88",
            "ticker": "KXHIGHDEN-24NOV27-T35",
            "count": 240,
            "created_time": "2024-11-26T21:27:45.122171Z",
            "yes_price": 8,
            "no_price": 92,
            "taker_side": "no"
        },
        {
            "trade_id": "aa99bf3d-6d5e-4f9d-89e2-fcf2dd790c51",
            "ticker": "KXHIGHDEN-24NOV27-T35",
            "count": 100,
            "created_time": "2024-11-26T21:27:05.690325Z",
            "yes_price": 8,
            "no_price": 92,
            "taker_side": "no"
        },
        {
            "trade_id": "e5446edc-ad19-493c-a0b3-9ff435fdedfc",
            "ticker": "KXHIGHDEN-24NOV27-T35",
            "count": 240,
            "created_time": "2024-11-26T21:26:55.796821Z",
            "yes_price": 8,
            "no_price": 92,
            "taker_side": "yes"
        },
        {
            "trade_id": "5d9e587f-ce29-4728-8ccd-3e04c8be4aac",
            "ticker": "KXHIGHDEN-24NOV27-T35",
            "count": 240,
            "created_time": "2024-11-26T21:24:47.293156Z",
            "yes_price": 7,
            "no_price": 93,
            "taker_side": "no"
        },
        {
            "trade_id": "6ac7791a-26fb-4d1f-9e97-91f8bd5dd559",
            "ticker": "KXHIGHDEN-24NOV27-T35",
            "count": 100,
            "created_time": "2024-11-26T21:24:47.211502Z",
            "yes_price": 7,
            "no_price": 93,
            "taker_side": "no"
        },
        {
            "trade_id": "47322deb-e96a-415b-ac38-5a34ad81203e",
            "ticker": "KXHIGHDEN-24NOV27-T35",
            "count": 240,
            "created_time": "2024-11-26T21:24:18.713159Z",
            "yes_price": 7,
            "no_price": 93,
            "taker_side": "yes"
        },
        {
            "trade_id": "cc75b524-c23f-4fe5-9cf5-5de05ae4b87b",
            "ticker": "KXHIGHDEN-24NOV27-T35",
            "count": 100,
            "created_time": "2024-11-26T21:21:48.122743Z",
            "yes_price": 6,
            "no_price": 94,
            "taker_side": "yes"
        },
        {
            "trade_id": "075fe224-44ec-4388-8dc3-ccda46885d4c",
            "ticker": "KXHIGHDEN-24NOV27-T35",
            "count": 100,
            "created_time": "2024-11-26T21:21:48.122743Z",
            "yes_price": 6,
            "no_price": 94,
            "taker_side": "yes"
        },
        {
            "trade_id": "d74ea1ae-e706-4c9a-b726-349d7f47d4eb",
            "ticker": "KXHIGHDEN-24NOV27-T35",
            "count": 120,
            "created_time": "2024-11-26T16:22:34.479098Z",
            "yes_price": 8,
            "no_price": 92,
            "taker_side": "yes"
        },
        {
            "trade_id": "c7ac7e8e-e83e-4966-a130-9f6e6e0f97c0",
            "ticker": "KXHIGHDEN-24NOV27-T35",
            "count": 240,
            "created_time": "2024-11-26T16:22:34.479098Z",
            "yes_price": 9,
            "no_price": 91,
            "taker_side": "yes"
        },
        {
            "trade_id": "8b0774f4-4a7c-497c-815c-424279052574",
            "ticker": "KXHIGHDEN-24NOV27-T35",
            "count": 40,
            "created_time": "2024-11-26T16:22:34.479098Z",
            "yes_price": 8,
            "no_price": 92,
            "taker_side": "yes"
        },
        {
            "trade_id": "43a6c573-2406-4259-9e57-9431bb1e6856",
            "ticker": "KXHIGHDEN-24NOV27-T35",
            "count": 80,
            "created_time": "2024-11-26T16:22:34.479098Z",
            "yes_price": 8,
            "no_price": 92,
            "taker_side": "yes"
        },
        {
            "trade_id": "06fecac9-daed-4bd3-aec1-6d3ace7feb1a",
            "ticker": "KXHIGHDEN-24NOV27-T35",
            "count": 240,
            "created_time": "2024-11-26T16:22:34.479098Z",
            "yes_price": 7,
            "no_price": 93,
            "taker_side": "yes"
        },
        {
            "trade_id": "e757a830-00b0-4edb-b6f5-37f76db73b59",
            "ticker": "KXHIGHDEN-24NOV27-T35",
            "count": 30,
            "created_time": "2024-11-26T16:19:46.5249Z",
            "yes_price": 8,
            "no_price": 92,
            "taker_side": "yes"
        },
        {
            "trade_id": "bb0df4e4-2d05-4ecc-a323-c48798435200",
            "ticker": "KXHIGHDEN-24NOV27-T35",
            "count": 240,
            "created_time": "2024-11-26T16:19:46.5249Z",
            "yes_price": 7,
            "no_price": 93,
            "taker_side": "yes"
        },
        {
            "trade_id": "99c7471a-edc5-4eae-90bf-b89c370cfedb",
            "ticker": "KXHIGHDEN-24NOV27-T35",
            "count": 100,
            "created_time": "2024-11-26T16:19:46.5249Z",
            "yes_price": 6,
            "no_price": 94,
            "taker_side": "yes"
        },
        {
            "trade_id": "8fb5724c-7dfc-45e8-a0da-25f3dbaf55a2",
            "ticker": "KXHIGHDEN-24NOV27-T35",
            "count": 70,
            "created_time": "2024-11-26T16:19:46.5249Z",
            "yes_price": 8,
            "no_price": 92,
            "taker_side": "yes"
        },
        {
            "trade_id": "6e62db13-9d2a-4648-bcb1-b99e3f0d8410",
            "ticker": "KXHIGHDEN-24NOV27-T35",
            "count": 60,
            "created_time": "2024-11-26T16:19:46.5249Z",
            "yes_price": 8,
            "no_price": 92,
            "taker_side": "yes"
        },
        {
            "trade_id": "47ba5ccb-96d3-4b3e-b669-9694a3fec351",
            "ticker": "KXHIGHDEN-24NOV27-T35",
            "count": 5,
            "created_time": "2024-11-26T15:42:56.633908Z",
            "yes_price": 1,
            "no_price": 99,
            "taker_side": "no"
        },
        {
            "trade_id": "7e5bcc55-3e5f-4a30-a6e7-1189062bb059",
            "ticker": "KXHIGHDEN-24NOV27-T35",
            "count": 240,
            "created_time": "2024-11-26T15:42:47.836937Z",
            "yes_price": 7,
            "no_price": 93,
            "taker_side": "yes"
        },
        {
            "trade_id": "569d8aa8-2592-4eb7-8f53-90218f892942",
            "ticker": "KXHIGHDEN-24NOV27-T35",
            "count": 100,
            "created_time": "2024-11-26T15:42:47.836937Z",
            "yes_price": 6,
            "no_price": 94,
            "taker_side": "yes"
        },
        {
            "trade_id": "48cf771b-8299-49df-b12a-3565eda6265d",
            "ticker": "KXHIGHDEN-24NOV27-T35",
            "count": 100,
            "created_time": "2024-11-26T15:42:47.836937Z",
            "yes_price": 6,
            "no_price": 94,
            "taker_side": "yes"
        },
        {
            "trade_id": "1c760997-8b3a-4cf6-94d7-255b2206b785",
            "ticker": "KXHIGHDEN-24NOV27-T35",
            "count": 210,
            "created_time": "2024-11-26T15:42:47.836937Z",
            "yes_price": 8,
            "no_price": 92,
            "taker_side": "yes"
        }
    ],
    "KXHIGHDEN-24NOV27-B35.5": [
        {
            "trade_id": "708e197c-6986-47ad-8bb8-d764a07a0132",
            "ticker": "KXHIGHDEN-24NOV27-B35.5",
            "count": 93,
            "created_time": "2024-11-28T06:25:33.127595Z",
            "yes_price": 1,
            "no_price": 99,
            "taker_side": "yes"
        },
        {
            "trade_id": "c029a0be-4525-4f3d-a811-7e68f5db6e58",
            "ticker": "KXHIGHDEN-24NOV27-B35.5",
            "count": 93,
            "created_time": "2024-11-28T04:03:28.13208Z",
            "yes_price": 1,
            "no_price": 99,
            "taker_side": "yes"
        },
        {
            "trade_id": "8a0d3fb8-4aaf-46e9-9186-684ecb31ca75",
            "ticker": "KXHIGHDEN-24NOV27-B35.5",
            "count": 816,
            "created_time": "2024-11-27T22:12:52.047191Z",
            "yes_price": 1,
            "no_price": 99,
            "taker_side": "yes"
        },
        {
            "trade_id": "7f9db59d-5396-4350-b96d-4a59c47779a5",
            "ticker": "KXHIGHDEN-24NOV27-B35.5",
            "count": 752,
            "created_time": "2024-11-27T22:12:52.047191Z",
            "yes_price": 1,
            "no_price": 99,
            "taker_side": "yes"
        },
        {
            "trade_id": "55fcdfef-81d6-46b8-a90b-2840851d471e",
            "ticker": "KXHIGHDEN-24NOV27-B35.5",
            "count": 300,
            "created_time": "2024-11-27T22:12:52.047191Z",
            "yes_price": 1,
            "no_price": 99,
            "taker_side": "yes"
        },
        {
            "trade_id": "d9fa6caf-ac53-45f5-8fb4-598580571f4e",
            "ticker": "KXHIGHDEN-24NOV27-B35.5",
            "count": 282,
            "created_time": "2024-11-27T21:35:53.346702Z",
            "yes_price": 1,
            "no_price": 99,
            "taker_side": "yes"
        },
        {
            "trade_id": "c73929ec-2507-4cb0-b1fe-dd3f24fc79b1",
            "ticker": "KXHIGHDEN-24NOV27-B35.5",
            "count": 652,
            "created_time": "2024-11-27T21:35:53.346702Z",
            "yes_price": 1,
            "no_price": 99,
            "taker_side": "yes"
        },
        {
            "trade_id": "f7e30dfa-0bff-4ecf-84c2-224441b0ebad",
            "ticker": "KXHIGHDEN-24NOV27-B35.5",
            "count": 300,
            "created_time": "2024-11-27T20:39:35.535067Z",
            "yes_price": 1,
            "no_price": 99,
            "taker_side": "yes"
        },
        {
            "trade_id": "6cac817a-d52e-4664-af19-9f088307b149",
            "ticker": "KXHIGHDEN-24NOV27-B35.5",
            "count": 12,
            "created_time": "2024-11-27T18:53:46.284451Z",
            "yes_price": 1,
            "no_price": 99,
            "taker_side": "yes"
        },
        {
            "trade_id": "497b5ca2-2253-48c6-bff2-44e3baea5663",
            "ticker": "KXHIGHDEN-24NOV27-B35.5",
            "count": 467,
            "created_time": "2024-11-27T18:52:27.565752Z",
            "yes_price": 1,
            "no_price": 99,
            "taker_side": "yes"
        },
        {
            "trade_id": "0f903323-1672-4441-9dbc-a940cbeca3f5",
            "ticker": "KXHIGHDEN-24NOV27-B35.5",
            "count": 400,
            "created_time": "2024-11-27T18:28:33.496106Z",
            "yes_price": 1,
            "no_price": 99,
            "taker_side": "yes"
        },
        {
            "trade_id": "54fbcf1d-0e0c-4e7e-9301-edbb63b61b9e",
            "ticker": "KXHIGHDEN-24NOV27-B35.5",
            "count": 599,
            "created_time": "2024-11-27T18:19:38.86151Z",
            "yes_price": 1,
            "no_price": 99,
            "taker_side": "yes"
        },
        {
            "trade_id": "472fee9e-db5a-4e78-ae95-d5ba4647d98e",
            "ticker": "KXHIGHDEN-24NOV27-B35.5",
            "count": 1,
            "created_time": "2024-11-27T18:19:38.86151Z",
            "yes_price": 1,
            "no_price": 99,
            "taker_side": "yes"
        },
        {
            "trade_id": "7f053447-972e-4814-9487-3a40da29330d",
            "ticker": "KXHIGHDEN-24NOV27-B35.5",
            "count": 1,
            "created_time": "2024-11-27T18:01:30.21426Z",
            "yes_price": 1,
            "no_price": 99,
            "taker_side": "yes"
        },
        {
            "trade_id": "12bd6516-f6c7-439e-9c8a-524ceeafc4b1",
            "ticker": "KXHIGHDEN-24NOV27-B35.5",
            "count": 187,
            "created_time": "2024-11-27T16:53:54.828888Z",
            "yes_price": 1,
            "no_price": 99,
            "taker_side": "yes"
        },
        {
            "trade_id": "403de457-ac43-454d-9808-2013f7087818",
            "ticker": "KXHIGHDEN-24NOV27-B35.5",
            "count": 93,
            "created_time": "2024-11-27T16:20:25.258651Z",
            "yes_price": 1,
            "no_price": 99,
            "taker_side": "yes"
        },
        {
            "trade_id": "c24993a2-ffa3-404a-b196-a3d8aa085292",
            "ticker": "KXHIGHDEN-24NOV27-B35.5",
            "count": 93,
            "created_time": "2024-11-27T16:08:47.252539Z",
            "yes_price": 1,
            "no_price": 99,
            "taker_side": "yes"
        },
        {
            "trade_id": "4809f95e-1a21-4bd2-9829-02a1a5e8bba6",
            "ticker": "KXHIGHDEN-24NOV27-B35.5",
            "count": 1000,
            "created_time": "2024-11-27T15:41:52.790549Z",
            "yes_price": 1,
            "no_price": 99,
            "taker_side": "yes"
        },
        {
            "trade_id": "c235df18-bd30-4e45-82a2-e9540d736ff1",
            "ticker": "KXHIGHDEN-24NOV27-B35.5",
            "count": 93,
            "created_time": "2024-11-27T15:37:16.450162Z",
            "yes_price": 1,
            "no_price": 99,
            "taker_side": "yes"
        },
        {
            "trade_id": "cefcaa2d-a7a4-402b-8f8f-37e48e4ca2de",
            "ticker": "KXHIGHDEN-24NOV27-B35.5",
            "count": 46,
            "created_time": "2024-11-27T15:33:30.773093Z",
            "yes_price": 1,
            "no_price": 99,
            "taker_side": "yes"
        },
        {
            "trade_id": "6440c9b7-632e-4491-a148-ae9b68261c7b",
            "ticker": "KXHIGHDEN-24NOV27-B35.5",
            "count": 93,
            "created_time": "2024-11-27T15:18:08.891665Z",
            "yes_price": 1,
            "no_price": 99,
            "taker_side": "yes"
        },
        {
            "trade_id": "e0b11a34-47fc-407c-8864-a6c23c30a2e6",
            "ticker": "KXHIGHDEN-24NOV27-B35.5",
            "count": 5141,
            "created_time": "2024-11-27T15:11:52.098043Z",
            "yes_price": 1,
            "no_price": 99,
            "taker_side": "yes"
        },
        {
            "trade_id": "8d471b3c-bf8c-49ae-b47e-109f8f168868",
            "ticker": "KXHIGHDEN-24NOV27-B35.5",
            "count": 93,
            "created_time": "2024-11-27T14:59:17.694579Z",
            "yes_price": 1,
            "no_price": 99,
            "taker_side": "yes"
        },
        {
            "trade_id": "0bff57a3-334a-4f73-a679-5b775c95fa1b",
            "ticker": "KXHIGHDEN-24NOV27-B35.5",
            "count": 90,
            "created_time": "2024-11-27T14:24:43.122006Z",
            "yes_price": 1,
            "no_price": 99,
            "taker_side": "yes"
        },
        {
            "trade_id": "aabe6b39-4835-44c0-accd-b83e4f254f1b",
            "ticker": "KXHIGHDEN-24NOV27-B35.5",
            "count": 675,
            "created_time": "2024-11-27T14:08:40.312692Z",
            "yes_price": 1,
            "no_price": 99,
            "taker_side": "yes"
        },
        {
            "trade_id": "1cd2a322-3971-4c30-890e-ff2d5d02e96f",
            "ticker": "KXHIGHDEN-24NOV27-B35.5",
            "count": 5000,
            "created_time": "2024-11-27T13:28:30.033421Z",
            "yes_price": 1,
            "no_price": 99,
            "taker_side": "yes"
        },
        {
            "trade_id": "2b3f1e39-f130-476f-9284-251ec56583fe",
            "ticker": "KXHIGHDEN-24NOV27-B35.5",
            "count": 3000,
            "created_time": "2024-11-27T13:27:22.08464Z",
            "yes_price": 1,
            "no_price": 99,
            "taker_side": "yes"
        },
        {
            "trade_id": "8e07107e-917e-496c-ba1f-37278299c348",
            "ticker": "KXHIGHDEN-24NOV27-B35.5",
            "count": 2000,
            "created_time": "2024-11-27T13:24:39.248917Z",
            "yes_price": 1,
            "no_price": 99,
            "taker_side": "yes"
        },
        {
            "trade_id": "4e05b7eb-6843-45b3-a2cd-b43f066e20ed",
            "ticker": "KXHIGHDEN-24NOV27-B35.5",
            "count": 4675,
            "created_time": "2024-11-27T13:18:41.126478Z",
            "yes_price": 1,
            "no_price": 99,
            "taker_side": "yes"
        },
        {
            "trade_id": "fc0809a8-85e3-496a-a113-176927c18d2a",
            "ticker": "KXHIGHDEN-24NOV27-B35.5",
            "count": 584,
            "created_time": "2024-11-27T13:15:40.788708Z",
            "yes_price": 1,
            "no_price": 99,
            "taker_side": "yes"
        },
        {
            "trade_id": "c2cc38bb-d8a8-4ad1-a6d0-696158ccb262",
            "ticker": "KXHIGHDEN-24NOV27-B35.5",
            "count": 100,
            "created_time": "2024-11-27T13:15:40.788708Z",
            "yes_price": 1,
            "no_price": 99,
            "taker_side": "yes"
        },
        {
            "trade_id": "bdefcf55-d5e7-4ccc-bf72-caeb892ded1b",
            "ticker": "KXHIGHDEN-24NOV27-B35.5",
            "count": 2121,
            "created_time": "2024-11-27T13:15:40.788708Z",
            "yes_price": 1,
            "no_price": 99,
            "taker_side": "yes"
        },
        {
            "trade_id": "8215c83c-68fb-4263-ab19-567f5e4d5c53",
            "ticker": "KXHIGHDEN-24NOV27-B35.5",
            "count": 551,
            "created_time": "2024-11-27T13:11:53.144845Z",
            "yes_price": 1,
            "no_price": 99,
            "taker_side": "yes"
        },
        {
            "trade_id": "9f94f02b-9ced-43fe-a404-b5bbe7a1a880",
            "ticker": "KXHIGHDEN-24NOV27-B35.5",
            "count": 93,
            "created_time": "2024-11-27T13:09:56.38837Z",
            "yes_price": 1,
            "no_price": 99,
            "taker_side": "yes"
        },
        {
            "trade_id": "544f5085-0a83-4547-adcf-fcc135121e6c",
            "ticker": "KXHIGHDEN-24NOV27-B35.5",
            "count": 80,
            "created_time": "2024-11-27T13:06:15.132068Z",
            "yes_price": 1,
            "no_price": 99,
            "taker_side": "yes"
        },
        {
            "trade_id": "a64aa5c7-2113-43e7-b837-f01b4cbbc70d",
            "ticker": "KXHIGHDEN-24NOV27-B35.5",
            "count": 80,
            "created_time": "2024-11-27T13:06:15.080855Z",
            "yes_price": 1,
            "no_price": 99,
            "taker_side": "yes"
        },
        {
            "trade_id": "fdc0a5b2-0b0c-402c-b001-904c2f839199",
            "ticker": "KXHIGHDEN-24NOV27-B35.5",
            "count": 80,
            "created_time": "2024-11-27T13:06:15.031414Z",
            "yes_price": 1,
            "no_price": 99,
            "taker_side": "yes"
        },
        {
            "trade_id": "3207ecaf-6dce-4a59-8655-b956af961e09",
            "ticker": "KXHIGHDEN-24NOV27-B35.5",
            "count": 80,
            "created_time": "2024-11-27T13:06:05.229919Z",
            "yes_price": 1,
            "no_price": 99,
            "taker_side": "yes"
        },
        {
            "trade_id": "2643659c-22e9-4647-9fcd-09b4cf1aa039",
            "ticker": "KXHIGHDEN-24NOV27-B35.5",
            "count": 80,
            "created_time": "2024-11-27T13:06:05.190513Z",
            "yes_price": 1,
            "no_price": 99,
            "taker_side": "yes"
        },
        {
            "trade_id": "d54d3158-e599-4791-8e87-20da478da8b3",
            "ticker": "KXHIGHDEN-24NOV27-B35.5",
            "count": 80,
            "created_time": "2024-11-27T13:06:05.140049Z",
            "yes_price": 1,
            "no_price": 99,
            "taker_side": "yes"
        },
        {
            "trade_id": "592b9269-37d7-43ec-9ff7-7964b8d6467a",
            "ticker": "KXHIGHDEN-24NOV27-B35.5",
            "count": 100,
            "created_time": "2024-11-27T13:05:55.589494Z",
            "yes_price": 1,
            "no_price": 99,
            "taker_side": "yes"
        },
        {
            "trade_id": "e3e6fd7e-ee28-4ff1-9b0e-5b2a9c74eb4d",
            "ticker": "KXHIGHDEN-24NOV27-B35.5",
            "count": 240,
            "created_time": "2024-11-27T13:05:55.542101Z",
            "yes_price": 1,
            "no_price": 99,
            "taker_side": "yes"
        },
        {
            "trade_id": "d1e7f578-bc3f-4c71-b4a9-12bc6b2ed437",
            "ticker": "KXHIGHDEN-24NOV27-B35.5",
            "count": 200,
            "created_time": "2024-11-27T13:05:55.494741Z",
            "yes_price": 1,
            "no_price": 99,
            "taker_side": "yes"
        },
        {
            "trade_id": "0dddab13-8c94-43ad-888e-632cef9001dd",
            "ticker": "KXHIGHDEN-24NOV27-B35.5",
            "count": 200,
            "created_time": "2024-11-27T13:05:48.560289Z",
            "yes_price": 1,
            "no_price": 99,
            "taker_side": "yes"
        },
        {
            "trade_id": "e824f4ad-f030-4841-a31f-bbe077ce67b9",
            "ticker": "KXHIGHDEN-24NOV27-B35.5",
            "count": 200,
            "created_time": "2024-11-27T13:05:48.510209Z",
            "yes_price": 1,
            "no_price": 99,
            "taker_side": "yes"
        },
        {
            "trade_id": "934fa44c-3f7f-4021-b7a1-3e27cee4cb55",
            "ticker": "KXHIGHDEN-24NOV27-B35.5",
            "count": 240,
            "created_time": "2024-11-27T13:05:48.459986Z",
            "yes_price": 1,
            "no_price": 99,
            "taker_side": "yes"
        },
        {
            "trade_id": "3a4c4ef9-6df6-4cd3-a6b0-efe82da74359",
            "ticker": "KXHIGHDEN-24NOV27-B35.5",
            "count": 80,
            "created_time": "2024-11-27T13:05:38.411873Z",
            "yes_price": 1,
            "no_price": 99,
            "taker_side": "yes"
        },
        {
            "trade_id": "628bcbae-06de-4cda-b815-7da4a8fd02c6",
            "ticker": "KXHIGHDEN-24NOV27-B35.5",
            "count": 80,
            "created_time": "2024-11-27T13:05:38.368554Z",
            "yes_price": 1,
            "no_price": 99,
            "taker_side": "yes"
        },
        {
            "trade_id": "76ece0d8-00e9-4626-97b8-fcefcc5c5b2d",
            "ticker": "KXHIGHDEN-24NOV27-B35.5",
            "count": 80,
            "created_time": "2024-11-27T13:05:38.320524Z",
            "yes_price": 1,
            "no_price": 99,
            "taker_side": "yes"
        },
        {
            "trade_id": "9b088d18-0c95-4bf5-a008-d78a55cdbf71",
            "ticker": "KXHIGHDEN-24NOV27-B35.5",
            "count": 200,
            "created_time": "2024-11-27T13:05:31.339322Z",
            "yes_price": 1,
            "no_price": 99,
            "taker_side": "yes"
        },
        {
            "trade_id": "dd4966df-9200-46c3-8974-e2e82ba01b61",
            "ticker": "KXHIGHDEN-24NOV27-B35.5",
            "count": 200,
            "created_time": "2024-11-27T13:05:31.2897Z",
            "yes_price": 1,
            "no_price": 99,
            "taker_side": "yes"
        },
        {
            "trade_id": "1b728291-b8ed-4578-a927-5cebabc24afd",
            "ticker": "KXHIGHDEN-24NOV27-B35.5",
            "count": 200,
            "created_time": "2024-11-27T13:05:31.242063Z",
            "yes_price": 1,
            "no_price": 99,
            "taker_side": "yes"
        },
        {
            "trade_id": "336d1436-7d99-4f4b-80ab-714907de1881",
            "ticker": "KXHIGHDEN-24NOV27-B35.5",
            "count": 200,
            "created_time": "2024-11-27T13:05:27.051984Z",
            "yes_price": 1,
            "no_price": 99,
            "taker_side": "yes"
        },
        {
            "trade_id": "89202ed7-959f-4e32-967d-3ac2a1b28487",
            "ticker": "KXHIGHDEN-24NOV27-B35.5",
            "count": 200,
            "created_time": "2024-11-27T13:05:27.009978Z",
            "yes_price": 1,
            "no_price": 99,
            "taker_side": "yes"
        },
        {
            "trade_id": "eb531a84-bb56-4310-b3c1-6f34423171b2",
            "ticker": "KXHIGHDEN-24NOV27-B35.5",
            "count": 100,
            "created_time": "2024-11-27T13:05:26.956702Z",
            "yes_price": 1,
            "no_price": 99,
            "taker_side": "yes"
        },
        {
            "trade_id": "884e4e28-83a8-44f5-8928-86c2ea80da26",
            "ticker": "KXHIGHDEN-24NOV27-B35.5",
            "count": 5,
            "created_time": "2024-11-27T13:04:49.547609Z",
            "yes_price": 1,
            "no_price": 99,
            "taker_side": "yes"
        },
        {
            "trade_id": "4e65f6c5-ee43-4d33-bd05-5e35e4188dd0",
            "ticker": "KXHIGHDEN-24NOV27-B35.5",
            "count": 1000,
            "created_time": "2024-11-27T13:04:32.459311Z",
            "yes_price": 1,
            "no_price": 99,
            "taker_side": "yes"
        },
        {
            "trade_id": "e9da121a-3428-4600-ab5d-a032b7c37427",
            "ticker": "KXHIGHDEN-24NOV27-B35.5",
            "count": 1402,
            "created_time": "2024-11-27T13:02:58.737812Z",
            "yes_price": 1,
            "no_price": 99,
            "taker_side": "yes"
        },
        {
            "trade_id": "cf0c6ab8-bbe6-4a56-b746-c803c633d0f5",
            "ticker": "KXHIGHDEN-24NOV27-B35.5",
            "count": 10,
            "created_time": "2024-11-27T13:02:32.282526Z",
            "yes_price": 1,
            "no_price": 99,
            "taker_side": "yes"
        },
        {
            "trade_id": "4c840ec9-01b7-4bf0-8466-5556bf39b6d6",
            "ticker": "KXHIGHDEN-24NOV27-B35.5",
            "count": 93,
            "created_time": "2024-11-27T13:02:30.792212Z",
            "yes_price": 1,
            "no_price": 99,
            "taker_side": "yes"
        },
        {
            "trade_id": "38f82d13-e240-410d-9eab-a05690b4f5ee",
            "ticker": "KXHIGHDEN-24NOV27-B35.5",
            "count": 1000,
            "created_time": "2024-11-27T13:01:04.152285Z",
            "yes_price": 1,
            "no_price": 99,
            "taker_side": "yes"
        },
        {
            "trade_id": "90a2bd18-e3d3-4e98-9c74-6ed670d1a66d",
            "ticker": "KXHIGHDEN-24NOV27-B35.5",
            "count": 9351,
            "created_time": "2024-11-27T13:00:58.669656Z",
            "yes_price": 1,
            "no_price": 99,
            "taker_side": "yes"
        },
        {
            "trade_id": "29b5acdf-5d0a-42f1-b872-56d7564b9646",
            "ticker": "KXHIGHDEN-24NOV27-B35.5",
            "count": 80,
            "created_time": "2024-11-27T13:00:46.489687Z",
            "yes_price": 1,
            "no_price": 99,
            "taker_side": "yes"
        },
        {
            "trade_id": "c01c3e8d-adc9-426a-92b7-023bae314b0b",
            "ticker": "KXHIGHDEN-24NOV27-B35.5",
            "count": 80,
            "created_time": "2024-11-27T13:00:46.448399Z",
            "yes_price": 1,
            "no_price": 99,
            "taker_side": "yes"
        },
        {
            "trade_id": "43add336-4835-4d4b-aefa-300fc23aac0d",
            "ticker": "KXHIGHDEN-24NOV27-B35.5",
            "count": 80,
            "created_time": "2024-11-27T13:00:46.397273Z",
            "yes_price": 1,
            "no_price": 99,
            "taker_side": "yes"
        },
        {
            "trade_id": "f7f979d4-b828-4dac-aa54-8460040e36a1",
            "ticker": "KXHIGHDEN-24NOV27-B35.5",
            "count": 80,
            "created_time": "2024-11-27T13:00:37.107829Z",
            "yes_price": 1,
            "no_price": 99,
            "taker_side": "yes"
        },
        {
            "trade_id": "ca7f30a9-98ed-463b-bca9-383b4aec987f",
            "ticker": "KXHIGHDEN-24NOV27-B35.5",
            "count": 80,
            "created_time": "2024-11-27T13:00:37.068324Z",
            "yes_price": 1,
            "no_price": 99,
            "taker_side": "yes"
        },
        {
            "trade_id": "952b76a5-40fc-47f3-a424-beed74ebfc39",
            "ticker": "KXHIGHDEN-24NOV27-B35.5",
            "count": 80,
            "created_time": "2024-11-27T13:00:37.021018Z",
            "yes_price": 1,
            "no_price": 99,
            "taker_side": "yes"
        },
        {
            "trade_id": "d092dd54-81ac-403f-b446-c8862615db61",
            "ticker": "KXHIGHDEN-24NOV27-B35.5",
            "count": 1000,
            "created_time": "2024-11-27T13:00:20.718211Z",
            "yes_price": 1,
            "no_price": 99,
            "taker_side": "yes"
        },
        {
            "trade_id": "e432eb8e-019c-427a-b17c-6903e964c467",
            "ticker": "KXHIGHDEN-24NOV27-B35.5",
            "count": 3179,
            "created_time": "2024-11-27T07:58:29.780073Z",
            "yes_price": 1,
            "no_price": 99,
            "taker_side": "yes"
        },
        {
            "trade_id": "fe8a9f3a-4558-4bd1-ac51-a41dce15f375",
            "ticker": "KXHIGHDEN-24NOV27-B35.5",
            "count": 100,
            "created_time": "2024-11-27T07:32:02.056791Z",
            "yes_price": 1,
            "no_price": 99,
            "taker_side": "yes"
        },
        {
            "trade_id": "80000221-fdd1-4862-9183-83c444877ece",
            "ticker": "KXHIGHDEN-24NOV27-B35.5",
            "count": 200,
            "created_time": "2024-11-27T07:30:43.869787Z",
            "yes_price": 1,
            "no_price": 99,
            "taker_side": "yes"
        },
        {
            "trade_id": "dba82f6e-a24b-4f71-ba18-21ade197f68b",
            "ticker": "KXHIGHDEN-24NOV27-B35.5",
            "count": 467,
            "created_time": "2024-11-27T07:19:42.628798Z",
            "yes_price": 1,
            "no_price": 99,
            "taker_side": "yes"
        },
        {
            "trade_id": "01990200-3aa1-4bee-847f-ee0a5354ee45",
            "ticker": "KXHIGHDEN-24NOV27-B35.5",
            "count": 100,
            "created_time": "2024-11-27T07:18:18.602603Z",
            "yes_price": 1,
            "no_price": 99,
            "taker_side": "yes"
        },
        {
            "trade_id": "0eef5438-98d5-44a6-aec7-9cca80817aa6",
            "ticker": "KXHIGHDEN-24NOV27-B35.5",
            "count": 374,
            "created_time": "2024-11-27T07:16:43.384695Z",
            "yes_price": 1,
            "no_price": 99,
            "taker_side": "yes"
        },
        {
            "trade_id": "0bb9ed10-4862-49f3-b850-7ec4a8eabea5",
            "ticker": "KXHIGHDEN-24NOV27-B35.5",
            "count": 98,
            "created_time": "2024-11-27T07:15:15.429695Z",
            "yes_price": 1,
            "no_price": 99,
            "taker_side": "yes"
        },
        {
            "trade_id": "10b19d8f-7a18-4f87-a657-9bc21ee097eb",
            "ticker": "KXHIGHDEN-24NOV27-B35.5",
            "count": 200,
            "created_time": "2024-11-27T07:12:35.080481Z",
            "yes_price": 1,
            "no_price": 99,
            "taker_side": "yes"
        },
        {
            "trade_id": "c13a15a5-7773-4d32-a798-2866a37cc236",
            "ticker": "KXHIGHDEN-24NOV27-B35.5",
            "count": 100,
            "created_time": "2024-11-27T07:12:35.029425Z",
            "yes_price": 1,
            "no_price": 99,
            "taker_side": "yes"
        },
        {
            "trade_id": "79560ffa-67cf-494c-b504-5d92db992548",
            "ticker": "KXHIGHDEN-24NOV27-B35.5",
            "count": 200,
            "created_time": "2024-11-27T07:12:34.972974Z",
            "yes_price": 1,
            "no_price": 99,
            "taker_side": "yes"
        },
        {
            "trade_id": "9f1f09ce-7307-4f80-8ff5-3b0a88bca093",
            "ticker": "KXHIGHDEN-24NOV27-B35.5",
            "count": 200,
            "created_time": "2024-11-27T07:12:32.159304Z",
            "yes_price": 1,
            "no_price": 99,
            "taker_side": "yes"
        },
        {
            "trade_id": "d6a78655-484b-4fd2-89e7-9d4f0d6c133c",
            "ticker": "KXHIGHDEN-24NOV27-B35.5",
            "count": 200,
            "created_time": "2024-11-27T07:12:32.110638Z",
            "yes_price": 1,
            "no_price": 99,
            "taker_side": "yes"
        },
        {
            "trade_id": "2f793a3d-c9a4-4052-a773-481e512408f5",
            "ticker": "KXHIGHDEN-24NOV27-B35.5",
            "count": 100,
            "created_time": "2024-11-27T07:12:32.049929Z",
            "yes_price": 1,
            "no_price": 99,
            "taker_side": "yes"
        },
        {
            "trade_id": "45d6ed28-e597-426e-a019-0a237411a778",
            "ticker": "KXHIGHDEN-24NOV27-B35.5",
            "count": 300,
            "created_time": "2024-11-27T07:08:47.613167Z",
            "yes_price": 1,
            "no_price": 99,
            "taker_side": "yes"
        },
        {
            "trade_id": "f718f591-142a-41f4-948d-0b482de23e87",
            "ticker": "KXHIGHDEN-24NOV27-B35.5",
            "count": 100,
            "created_time": "2024-11-27T07:06:29.288435Z",
            "yes_price": 1,
            "no_price": 99,
            "taker_side": "yes"
        },
        {
            "trade_id": "cca6f7cf-e636-40ee-a83f-362a9160fadb",
            "ticker": "KXHIGHDEN-24NOV27-B35.5",
            "count": 17,
            "created_time": "2024-11-27T07:06:20.672557Z",
            "yes_price": 1,
            "no_price": 99,
            "taker_side": "yes"
        },
        {
            "trade_id": "26a0f24f-466b-47ef-abb7-7f5c694701bd",
            "ticker": "KXHIGHDEN-24NOV27-B35.5",
            "count": 83,
            "created_time": "2024-11-27T07:06:20.672557Z",
            "yes_price": 1,
            "no_price": 99,
            "taker_side": "yes"
        },
        {
            "trade_id": "dfe9ff2e-70dc-48fa-bda4-aaad2ab053dc",
            "ticker": "KXHIGHDEN-24NOV27-B35.5",
            "count": 6,
            "created_time": "2024-11-27T07:06:10.076506Z",
            "yes_price": 1,
            "no_price": 99,
            "taker_side": "yes"
        },
        {
            "trade_id": "326c731a-4a30-46b3-a751-bd272c38ab8e",
            "ticker": "KXHIGHDEN-24NOV27-B35.5",
            "count": 93,
            "created_time": "2024-11-27T07:05:46.547888Z",
            "yes_price": 1,
            "no_price": 99,
            "taker_side": "yes"
        },
        {
            "trade_id": "ea266bda-1050-4699-ad3f-17548d73f3c4",
            "ticker": "KXHIGHDEN-24NOV27-B35.5",
            "count": 100,
            "created_time": "2024-11-27T07:04:16.462397Z",
            "yes_price": 1,
            "no_price": 99,
            "taker_side": "yes"
        },
        {
            "trade_id": "3240b2d4-93e0-4175-9c5c-e94429f69df9",
            "ticker": "KXHIGHDEN-24NOV27-B35.5",
            "count": 200,
            "created_time": "2024-11-27T07:03:54.426883Z",
            "yes_price": 1,
            "no_price": 99,
            "taker_side": "yes"
        },
        {
            "trade_id": "fdf429f6-0083-4eda-b971-5d671a7ce7e1",
            "ticker": "KXHIGHDEN-24NOV27-B35.5",
            "count": 40,
            "created_time": "2024-11-27T07:02:32.178243Z",
            "yes_price": 1,
            "no_price": 99,
            "taker_side": "no"
        },
        {
            "trade_id": "3960d9d0-f127-4e90-8924-f342361d0718",
            "ticker": "KXHIGHDEN-24NOV27-B35.5",
            "count": 4,
            "created_time": "2024-11-27T07:02:32.178243Z",
            "yes_price": 1,
            "no_price": 99,
            "taker_side": "no"
        },
        {
            "trade_id": "33156910-d6b3-4101-aa39-20513340b0ae",
            "ticker": "KXHIGHDEN-24NOV27-B35.5",
            "count": 100,
            "created_time": "2024-11-27T07:02:32.178243Z",
            "yes_price": 2,
            "no_price": 98,
            "taker_side": "no"
        },
        {
            "trade_id": "312023ae-7e0b-4e33-956d-9fe279ed1ae7",
            "ticker": "KXHIGHDEN-24NOV27-B35.5",
            "count": 40,
            "created_time": "2024-11-27T07:02:32.178243Z",
            "yes_price": 1,
            "no_price": 99,
            "taker_side": "no"
        },
        {
            "trade_id": "f792df5b-625d-4dd8-808d-720a0bb1719d",
            "ticker": "KXHIGHDEN-24NOV27-B35.5",
            "count": 16,
            "created_time": "2024-11-27T07:02:14.082804Z",
            "yes_price": 29,
            "no_price": 71,
            "taker_side": "yes"
        },
        {
            "trade_id": "d3aa5e03-9c52-42fd-b694-2ac8dbe93521",
            "ticker": "KXHIGHDEN-24NOV27-B35.5",
            "count": 30,
            "created_time": "2024-11-27T07:02:14.082804Z",
            "yes_price": 45,
            "no_price": 55,
            "taker_side": "yes"
        },
        {
            "trade_id": "bc03ed75-3cb8-43d1-a3b1-69e03810e5cf",
            "ticker": "KXHIGHDEN-24NOV27-B35.5",
            "count": 28,
            "created_time": "2024-11-27T07:02:14.082804Z",
            "yes_price": 17,
            "no_price": 83,
            "taker_side": "yes"
        },
        {
            "trade_id": "56b9bcab-569a-4e7a-9877-045d2a76d2db",
            "ticker": "KXHIGHDEN-24NOV27-B35.5",
            "count": 18,
            "created_time": "2024-11-27T07:02:14.082804Z",
            "yes_price": 49,
            "no_price": 51,
            "taker_side": "yes"
        },
        {
            "trade_id": "3cb074d0-cf68-4832-8bdc-4fea4b32c6ad",
            "ticker": "KXHIGHDEN-24NOV27-B35.5",
            "count": 33,
            "created_time": "2024-11-27T07:02:14.082804Z",
            "yes_price": 15,
            "no_price": 85,
            "taker_side": "yes"
        },
        {
            "trade_id": "310c3af0-1b90-4149-983a-7cc9449db1e8",
            "ticker": "KXHIGHDEN-24NOV27-B35.5",
            "count": 6,
            "created_time": "2024-11-27T07:02:14.082804Z",
            "yes_price": 19,
            "no_price": 81,
            "taker_side": "yes"
        },
        {
            "trade_id": "7e81493a-5b2b-4e33-a4e0-bef45a64506f",
            "ticker": "KXHIGHDEN-24NOV27-B35.5",
            "count": 26,
            "created_time": "2024-11-27T06:59:25.576296Z",
            "yes_price": 14,
            "no_price": 86,
            "taker_side": "yes"
        },
        {
            "trade_id": "39897168-9829-47dd-b8fb-577e067d2834",
            "ticker": "KXHIGHDEN-24NOV27-B35.5",
            "count": 51,
            "created_time": "2024-11-27T06:57:53.07159Z",
            "yes_price": 4,
            "no_price": 96,
            "taker_side": "no"
        },
        {
            "trade_id": "9ce5abbb-6baa-4731-ade3-199be7254b7a",
            "ticker": "KXHIGHDEN-24NOV27-B35.5",
            "count": 100,
            "created_time": "2024-11-27T06:57:26.838099Z",
            "yes_price": 10,
            "no_price": 90,
            "taker_side": "no"
        },
        {
            "trade_id": "948ad2a5-21d2-44ad-b5c0-7ab1419304c0",
            "ticker": "KXHIGHDEN-24NOV27-B35.5",
            "count": 17,
            "created_time": "2024-11-27T06:57:26.838099Z",
            "yes_price": 4,
            "no_price": 96,
            "taker_side": "no"
        },
        {
            "trade_id": "60c64072-f33c-4bc7-8cc4-f19040c2616d",
            "ticker": "KXHIGHDEN-24NOV27-B35.5",
            "count": 100,
            "created_time": "2024-11-27T06:57:21.568955Z",
            "yes_price": 10,
            "no_price": 90,
            "taker_side": "no"
        },
        {
            "trade_id": "a3395a7f-9950-45cd-ab8a-2eba0062b117",
            "ticker": "KXHIGHDEN-24NOV27-B35.5",
            "count": 19,
            "created_time": "2024-11-27T06:54:38.882433Z",
            "yes_price": 18,
            "no_price": 82,
            "taker_side": "yes"
        },
        {
            "trade_id": "3fa344e9-5353-4850-b155-8692cc81486d",
            "ticker": "KXHIGHDEN-24NOV27-B35.5",
            "count": 28,
            "created_time": "2024-11-27T06:54:16.668837Z",
            "yes_price": 17,
            "no_price": 83,
            "taker_side": "yes"
        },
        {
            "trade_id": "eaae8ad7-ecef-4c55-8436-0c32422ac028",
            "ticker": "KXHIGHDEN-24NOV27-B35.5",
            "count": 20,
            "created_time": "2024-11-27T06:53:20.978918Z",
            "yes_price": 45,
            "no_price": 55,
            "taker_side": "yes"
        },
        {
            "trade_id": "93e5adda-cb78-4ab3-a61e-f03b82d668dc",
            "ticker": "KXHIGHDEN-24NOV27-B35.5",
            "count": 15,
            "created_time": "2024-11-27T06:53:20.978918Z",
            "yes_price": 20,
            "no_price": 80,
            "taker_side": "yes"
        },
        {
            "trade_id": "7a1fe817-7a32-41c2-a1da-696bfc330266",
            "ticker": "KXHIGHDEN-24NOV27-B35.5",
            "count": 33,
            "created_time": "2024-11-27T06:53:20.978918Z",
            "yes_price": 61,
            "no_price": 39,
            "taker_side": "yes"
        },
        {
            "trade_id": "7498486f-4a00-49c6-9d99-f9c880d5c975",
            "ticker": "KXHIGHDEN-24NOV27-B35.5",
            "count": 22,
            "created_time": "2024-11-27T06:53:20.978918Z",
            "yes_price": 15,
            "no_price": 85,
            "taker_side": "yes"
        },
        {
            "trade_id": "557ed1f5-06bb-4700-818b-2dea7d70eeac",
            "ticker": "KXHIGHDEN-24NOV27-B35.5",
            "count": 16,
            "created_time": "2024-11-27T06:53:20.978918Z",
            "yes_price": 21,
            "no_price": 79,
            "taker_side": "yes"
        },
        {
            "trade_id": "2ff9328f-4df7-4e0f-bcfe-51e087c81c3e",
            "ticker": "KXHIGHDEN-24NOV27-B35.5",
            "count": 22,
            "created_time": "2024-11-27T06:53:20.978918Z",
            "yes_price": 16,
            "no_price": 84,
            "taker_side": "yes"
        },
        {
            "trade_id": "175f8024-0a91-41d6-abe8-8703a486fe44",
            "ticker": "KXHIGHDEN-24NOV27-B35.5",
            "count": 27,
            "created_time": "2024-11-27T06:53:20.978918Z",
            "yes_price": 19,
            "no_price": 81,
            "taker_side": "yes"
        },
        {
            "trade_id": "7156d189-1a84-476f-ac13-31afb30d4297",
            "ticker": "KXHIGHDEN-24NOV27-B35.5",
            "count": 6,
            "created_time": "2024-11-27T06:50:58.488598Z",
            "yes_price": 11,
            "no_price": 89,
            "taker_side": "yes"
        },
        {
            "trade_id": "35263c37-00d2-480f-a67f-d26e6f2482ee",
            "ticker": "KXHIGHDEN-24NOV27-B35.5",
            "count": 21,
            "created_time": "2024-11-27T06:50:47.295988Z",
            "yes_price": 4,
            "no_price": 96,
            "taker_side": "yes"
        },
        {
            "trade_id": "93520670-187a-4860-8e31-6c1e9cdfa771",
            "ticker": "KXHIGHDEN-24NOV27-B35.5",
            "count": 20,
            "created_time": "2024-11-27T06:50:45.224288Z",
            "yes_price": 4,
            "no_price": 96,
            "taker_side": "yes"
        },
        {
            "trade_id": "6b4e17ed-2009-4c85-ac64-97265dd74e71",
            "ticker": "KXHIGHDEN-24NOV27-B35.5",
            "count": 27,
            "created_time": "2024-11-27T06:50:44.275618Z",
            "yes_price": 1,
            "no_price": 99,
            "taker_side": "no"
        },
        {
            "trade_id": "a53f4aed-8983-45c0-978a-a51834c6a2e7",
            "ticker": "KXHIGHDEN-24NOV27-B35.5",
            "count": 17,
            "created_time": "2024-11-27T06:49:54.228748Z",
            "yes_price": 4,
            "no_price": 96,
            "taker_side": "yes"
        },
        {
            "trade_id": "4b882204-ace4-46d3-893c-5f03ee855e20",
            "ticker": "KXHIGHDEN-24NOV27-B35.5",
            "count": 100,
            "created_time": "2024-11-27T06:49:54.228748Z",
            "yes_price": 4,
            "no_price": 96,
            "taker_side": "yes"
        },
        {
            "trade_id": "f3e9b392-a05d-42b1-9b94-17e28ce9df0c",
            "ticker": "KXHIGHDEN-24NOV27-B35.5",
            "count": 151,
            "created_time": "2024-11-27T06:43:42.159762Z",
            "yes_price": 1,
            "no_price": 99,
            "taker_side": "no"
        },
        {
            "trade_id": "1bbe7b35-2083-4b17-863d-948792801570",
            "ticker": "KXHIGHDEN-24NOV27-B35.5",
            "count": 1,
            "created_time": "2024-11-27T06:43:42.159762Z",
            "yes_price": 1,
            "no_price": 99,
            "taker_side": "no"
        },
        {
            "trade_id": "fa921cdd-01ba-435f-acac-103ee90c4243",
            "ticker": "KXHIGHDEN-24NOV27-B35.5",
            "count": 6,
            "created_time": "2024-11-27T06:38:14.901744Z",
            "yes_price": 1,
            "no_price": 99,
            "taker_side": "no"
        },
        {
            "trade_id": "528e9352-37ed-48a9-ab70-457936d3de46",
            "ticker": "KXHIGHDEN-24NOV27-B35.5",
            "count": 26,
            "created_time": "2024-11-27T06:38:14.901744Z",
            "yes_price": 1,
            "no_price": 99,
            "taker_side": "no"
        },
        {
            "trade_id": "5e81c22b-dc80-426d-9c7a-808780e8a1ab",
            "ticker": "KXHIGHDEN-24NOV27-B35.5",
            "count": 32,
            "created_time": "2024-11-27T06:34:29.426033Z",
            "yes_price": 2,
            "no_price": 98,
            "taker_side": "no"
        },
        {
            "trade_id": "85037cf8-2170-408b-89af-1b94dcfd112b",
            "ticker": "KXHIGHDEN-24NOV27-B35.5",
            "count": 25,
            "created_time": "2024-11-27T06:31:40.541746Z",
            "yes_price": 2,
            "no_price": 98,
            "taker_side": "no"
        },
        {
            "trade_id": "bf5fbdf8-48ea-4352-919d-8856449200d7",
            "ticker": "KXHIGHDEN-24NOV27-B35.5",
            "count": 43,
            "created_time": "2024-11-27T06:31:36.857304Z",
            "yes_price": 2,
            "no_price": 98,
            "taker_side": "no"
        },
        {
            "trade_id": "84776dad-65bd-4716-a042-b3f2d3e17b92",
            "ticker": "KXHIGHDEN-24NOV27-B35.5",
            "count": 42,
            "created_time": "2024-11-27T06:18:32.155694Z",
            "yes_price": 5,
            "no_price": 95,
            "taker_side": "yes"
        },
        {
            "trade_id": "f8098065-61a0-4191-8798-e684f136cb95",
            "ticker": "KXHIGHDEN-24NOV27-B35.5",
            "count": 300,
            "created_time": "2024-11-27T06:00:36.868145Z",
            "yes_price": 5,
            "no_price": 95,
            "taker_side": "yes"
        },
        {
            "trade_id": "c86d06fc-1a67-4441-91e3-782e1650234f",
            "ticker": "KXHIGHDEN-24NOV27-B35.5",
            "count": 26,
            "created_time": "2024-11-27T06:00:36.868145Z",
            "yes_price": 5,
            "no_price": 95,
            "taker_side": "yes"
        },
        {
            "trade_id": "74dfd7a7-53d3-488b-ad47-ebf0dfc1958d",
            "ticker": "KXHIGHDEN-24NOV27-B35.5",
            "count": 89,
            "created_time": "2024-11-27T06:00:36.868145Z",
            "yes_price": 3,
            "no_price": 97,
            "taker_side": "yes"
        },
        {
            "trade_id": "fd2a8b11-0b00-495e-8708-dec3b7acc3b6",
            "ticker": "KXHIGHDEN-24NOV27-B35.5",
            "count": 100,
            "created_time": "2024-11-27T05:50:28.699986Z",
            "yes_price": 3,
            "no_price": 97,
            "taker_side": "no"
        },
        {
            "trade_id": "b2122859-dcda-450a-b0ef-9e379099ed12",
            "ticker": "KXHIGHDEN-24NOV27-B35.5",
            "count": 51,
            "created_time": "2024-11-27T05:44:51.754802Z",
            "yes_price": 8,
            "no_price": 92,
            "taker_side": "yes"
        },
        {
            "trade_id": "c59ae304-1748-4d23-95b6-5e80584f5cd5",
            "ticker": "KXHIGHDEN-24NOV27-B35.5",
            "count": 7,
            "created_time": "2024-11-27T05:43:54.410838Z",
            "yes_price": 4,
            "no_price": 96,
            "taker_side": "yes"
        },
        {
            "trade_id": "f03a8055-51f1-438c-9923-1032a912916d",
            "ticker": "KXHIGHDEN-24NOV27-B35.5",
            "count": 62,
            "created_time": "2024-11-27T05:41:10.724433Z",
            "yes_price": 2,
            "no_price": 98,
            "taker_side": "no"
        },
        {
            "trade_id": "92ea6962-2a36-48cb-949b-e9b190db4ebb",
            "ticker": "KXHIGHDEN-24NOV27-B35.5",
            "count": 94,
            "created_time": "2024-11-27T05:41:10.724433Z",
            "yes_price": 1,
            "no_price": 99,
            "taker_side": "no"
        },
        {
            "trade_id": "622cc1b3-b199-464f-be26-02b0dfbb63e2",
            "ticker": "KXHIGHDEN-24NOV27-B35.5",
            "count": 9,
            "created_time": "2024-11-27T05:36:13.964668Z",
            "yes_price": 4,
            "no_price": 96,
            "taker_side": "no"
        },
        {
            "trade_id": "52cbdd08-4416-4a10-807c-06bb0fcd74fd",
            "ticker": "KXHIGHDEN-24NOV27-B35.5",
            "count": 42,
            "created_time": "2024-11-27T05:36:12.477125Z",
            "yes_price": 10,
            "no_price": 90,
            "taker_side": "yes"
        },
        {
            "trade_id": "2f629f75-df44-444c-89e1-9c08cdd6db00",
            "ticker": "KXHIGHDEN-24NOV27-B35.5",
            "count": 4,
            "created_time": "2024-11-27T05:36:12.477125Z",
            "yes_price": 11,
            "no_price": 89,
            "taker_side": "yes"
        },
        {
            "trade_id": "840aa830-a99f-4dcf-b08b-70b5ae5bdc5d",
            "ticker": "KXHIGHDEN-24NOV27-B35.5",
            "count": 9,
            "created_time": "2024-11-27T05:36:03.691336Z",
            "yes_price": 4,
            "no_price": 96,
            "taker_side": "no"
        },
        {
            "trade_id": "02a9da93-c21e-4d2f-8b77-b859567c9c09",
            "ticker": "KXHIGHDEN-24NOV27-B35.5",
            "count": 21,
            "created_time": "2024-11-27T05:35:43.791401Z",
            "yes_price": 4,
            "no_price": 96,
            "taker_side": "no"
        },
        {
            "trade_id": "85f6da64-e723-45f7-aaad-243dd43364d8",
            "ticker": "KXHIGHDEN-24NOV27-B35.5",
            "count": 28,
            "created_time": "2024-11-27T05:35:36.5011Z",
            "yes_price": 10,
            "no_price": 90,
            "taker_side": "yes"
        },
        {
            "trade_id": "3992fac8-350e-41f9-b704-f4fa8c41e3e3",
            "ticker": "KXHIGHDEN-24NOV27-B35.5",
            "count": 20,
            "created_time": "2024-11-27T05:35:36.5011Z",
            "yes_price": 9,
            "no_price": 91,
            "taker_side": "yes"
        },
        {
            "trade_id": "48cbe0b8-4743-4973-8009-250f555207fa",
            "ticker": "KXHIGHDEN-24NOV27-B35.5",
            "count": 21,
            "created_time": "2024-11-27T05:35:26.794406Z",
            "yes_price": 4,
            "no_price": 96,
            "taker_side": "no"
        },
        {
            "trade_id": "c7b91128-b520-4581-9e2d-0e5559d3d6b0",
            "ticker": "KXHIGHDEN-24NOV27-B35.5",
            "count": 40,
            "created_time": "2024-11-27T05:32:31.080139Z",
            "yes_price": 2,
            "no_price": 98,
            "taker_side": "no"
        },
        {
            "trade_id": "25c55f61-e8c3-4ed8-88f5-4546740560d9",
            "ticker": "KXHIGHDEN-24NOV27-B35.5",
            "count": 60,
            "created_time": "2024-11-27T05:31:47.522888Z",
            "yes_price": 3,
            "no_price": 97,
            "taker_side": "no"
        },
        {
            "trade_id": "5f951b82-6a95-4b17-b169-330b5321ca86",
            "ticker": "KXHIGHDEN-24NOV27-B35.5",
            "count": 40,
            "created_time": "2024-11-27T05:31:06.884044Z",
            "yes_price": 3,
            "no_price": 97,
            "taker_side": "no"
        },
        {
            "trade_id": "9f795b6f-400c-4efc-99e8-ce27d315f65c",
            "ticker": "KXHIGHDEN-24NOV27-B35.5",
            "count": 80,
            "created_time": "2024-11-27T05:30:35.181883Z",
            "yes_price": 6,
            "no_price": 94,
            "taker_side": "no"
        },
        {
            "trade_id": "99224cc6-8aeb-462f-b0fd-bb37a6a37c79",
            "ticker": "KXHIGHDEN-24NOV27-B35.5",
            "count": 2,
            "created_time": "2024-11-27T05:28:49.033868Z",
            "yes_price": 13,
            "no_price": 87,
            "taker_side": "yes"
        },
        {
            "trade_id": "63a05cf9-d678-46e1-8231-9c90242c8270",
            "ticker": "KXHIGHDEN-24NOV27-B35.5",
            "count": 78,
            "created_time": "2024-11-27T05:28:49.033868Z",
            "yes_price": 13,
            "no_price": 87,
            "taker_side": "yes"
        },
        {
            "trade_id": "8f879138-4409-4eaa-9286-511a8b5740d3",
            "ticker": "KXHIGHDEN-24NOV27-B35.5",
            "count": 112,
            "created_time": "2024-11-27T05:25:05.319687Z",
            "yes_price": 8,
            "no_price": 92,
            "taker_side": "no"
        },
        {
            "trade_id": "52c9257e-2c01-4e72-86cb-05eabe194481",
            "ticker": "KXHIGHDEN-24NOV27-B35.5",
            "count": 37,
            "created_time": "2024-11-27T05:24:20.577481Z",
            "yes_price": 9,
            "no_price": 91,
            "taker_side": "no"
        },
        {
            "trade_id": "aa078774-59b6-4c89-bd52-5f32cdd143f5",
            "ticker": "KXHIGHDEN-24NOV27-B35.5",
            "count": 50,
            "created_time": "2024-11-27T05:22:21.967632Z",
            "yes_price": 9,
            "no_price": 91,
            "taker_side": "no"
        },
        {
            "trade_id": "93c185e0-640c-49a3-a202-527c8dcc0ace",
            "ticker": "KXHIGHDEN-24NOV27-B35.5",
            "count": 100,
            "created_time": "2024-11-27T05:21:56.377897Z",
            "yes_price": 9,
            "no_price": 91,
            "taker_side": "no"
        },
        {
            "trade_id": "65d95f4c-36ad-4c84-ab3f-a5e2d837e330",
            "ticker": "KXHIGHDEN-24NOV27-B35.5",
            "count": 101,
            "created_time": "2024-11-27T05:21:56.377897Z",
            "yes_price": 10,
            "no_price": 90,
            "taker_side": "no"
        },
        {
            "trade_id": "d375aaee-8aee-4fdc-a2a7-6ec2e3411bdd",
            "ticker": "KXHIGHDEN-24NOV27-B35.5",
            "count": 68,
            "created_time": "2024-11-27T05:19:48.21944Z",
            "yes_price": 10,
            "no_price": 90,
            "taker_side": "no"
        },
        {
            "trade_id": "1ff74421-d584-4f51-a22a-8017ed0783e0",
            "ticker": "KXHIGHDEN-24NOV27-B35.5",
            "count": 57,
            "created_time": "2024-11-27T05:19:48.21944Z",
            "yes_price": 10,
            "no_price": 90,
            "taker_side": "no"
        },
        {
            "trade_id": "8dc675b7-5f73-43f9-ae33-2e315f3b0133",
            "ticker": "KXHIGHDEN-24NOV27-B35.5",
            "count": 110,
            "created_time": "2024-11-27T05:15:00.259528Z",
            "yes_price": 14,
            "no_price": 86,
            "taker_side": "no"
        },
        {
            "trade_id": "f7fdecbb-b418-47e0-9101-448e69623335",
            "ticker": "KXHIGHDEN-24NOV27-B35.5",
            "count": 90,
            "created_time": "2024-11-27T05:03:59.802784Z",
            "yes_price": 13,
            "no_price": 87,
            "taker_side": "no"
        },
        {
            "trade_id": "05fd3176-f728-4a87-b5d7-8c650773d94b",
            "ticker": "KXHIGHDEN-24NOV27-B35.5",
            "count": 50,
            "created_time": "2024-11-27T04:58:30.802352Z",
            "yes_price": 18,
            "no_price": 82,
            "taker_side": "yes"
        },
        {
            "trade_id": "eb741ebc-cb9f-425e-b46b-0874eb261829",
            "ticker": "KXHIGHDEN-24NOV27-B35.5",
            "count": 100,
            "created_time": "2024-11-27T04:57:15.115726Z",
            "yes_price": 15,
            "no_price": 85,
            "taker_side": "no"
        },
        {
            "trade_id": "d42d35f2-e684-4559-a25d-dd8e4033fe06",
            "ticker": "KXHIGHDEN-24NOV27-B35.5",
            "count": 200,
            "created_time": "2024-11-27T04:57:15.115726Z",
            "yes_price": 14,
            "no_price": 86,
            "taker_side": "no"
        },
        {
            "trade_id": "a0f4f498-bc38-44ba-b78a-423af7fead03",
            "ticker": "KXHIGHDEN-24NOV27-B35.5",
            "count": 200,
            "created_time": "2024-11-27T04:57:15.115726Z",
            "yes_price": 16,
            "no_price": 84,
            "taker_side": "no"
        },
        {
            "trade_id": "982c44e6-95bd-4e8b-8471-b50dcbf3d149",
            "ticker": "KXHIGHDEN-24NOV27-B35.5",
            "count": 100,
            "created_time": "2024-11-27T04:57:15.115726Z",
            "yes_price": 15,
            "no_price": 85,
            "taker_side": "no"
        },
        {
            "trade_id": "59672265-2f8a-4600-bec7-e291e1de1a16",
            "ticker": "KXHIGHDEN-24NOV27-B35.5",
            "count": 43,
            "created_time": "2024-11-27T04:57:15.115726Z",
            "yes_price": 10,
            "no_price": 90,
            "taker_side": "no"
        },
        {
            "trade_id": "06aa9621-54a5-456a-9bdd-2d0a290555b0",
            "ticker": "KXHIGHDEN-24NOV27-B35.5",
            "count": 77,
            "created_time": "2024-11-27T04:57:15.115726Z",
            "yes_price": 17,
            "no_price": 83,
            "taker_side": "no"
        },
        {
            "trade_id": "f079cb2e-1e5d-4d47-b654-402d623a439c",
            "ticker": "KXHIGHDEN-24NOV27-B35.5",
            "count": 70,
            "created_time": "2024-11-27T04:57:12.695141Z",
            "yes_price": 17,
            "no_price": 83,
            "taker_side": "no"
        },
        {
            "trade_id": "89b2715c-790e-4e7e-8a48-a28486572f6b",
            "ticker": "KXHIGHDEN-24NOV27-B35.5",
            "count": 4,
            "created_time": "2024-11-27T04:47:44.479313Z",
            "yes_price": 23,
            "no_price": 77,
            "taker_side": "yes"
        },
        {
            "trade_id": "38cb0893-7fe3-4c3a-8c8b-f972782fa446",
            "ticker": "KXHIGHDEN-24NOV27-B35.5",
            "count": 121,
            "created_time": "2024-11-27T04:47:44.479313Z",
            "yes_price": 25,
            "no_price": 75,
            "taker_side": "yes"
        },
        {
            "trade_id": "e0ef54c5-7abe-4ad8-877c-77bd227899c5",
            "ticker": "KXHIGHDEN-24NOV27-B35.5",
            "count": 12,
            "created_time": "2024-11-27T04:46:49.185553Z",
            "yes_price": 23,
            "no_price": 77,
            "taker_side": "yes"
        },
        {
            "trade_id": "956d87de-7d57-4dfe-89d8-5e5c2ae8b6a5",
            "ticker": "KXHIGHDEN-24NOV27-B35.5",
            "count": 8,
            "created_time": "2024-11-27T04:46:36.30208Z",
            "yes_price": 20,
            "no_price": 80,
            "taker_side": "no"
        },
        {
            "trade_id": "618885ad-32ff-45f2-9842-81425f140625",
            "ticker": "KXHIGHDEN-24NOV27-B35.5",
            "count": 20,
            "created_time": "2024-11-27T04:44:46.07903Z",
            "yes_price": 16,
            "no_price": 84,
            "taker_side": "no"
        },
        {
            "trade_id": "a0ca7038-fed7-47fe-a976-e20379b649da",
            "ticker": "KXHIGHDEN-24NOV27-B35.5",
            "count": 100,
            "created_time": "2024-11-27T04:44:31.496911Z",
            "yes_price": 22,
            "no_price": 78,
            "taker_side": "yes"
        },
        {
            "trade_id": "7a68b5bd-6564-4dd9-824b-9dbb8dde136c",
            "ticker": "KXHIGHDEN-24NOV27-B35.5",
            "count": 98,
            "created_time": "2024-11-27T04:44:31.496911Z",
            "yes_price": 21,
            "no_price": 79,
            "taker_side": "yes"
        },
        {
            "trade_id": "09434d9d-47d5-49e8-9d0c-14549cf861fd",
            "ticker": "KXHIGHDEN-24NOV27-B35.5",
            "count": 200,
            "created_time": "2024-11-27T04:44:31.496911Z",
            "yes_price": 23,
            "no_price": 77,
            "taker_side": "yes"
        },
        {
            "trade_id": "62a855d4-9e77-4bb9-90a0-346319a510f1",
            "ticker": "KXHIGHDEN-24NOV27-B35.5",
            "count": 3,
            "created_time": "2024-11-27T04:44:24.336964Z",
            "yes_price": 17,
            "no_price": 83,
            "taker_side": "yes"
        },
        {
            "trade_id": "c8f4b21a-e102-46f1-bd0b-f653d26d5074",
            "ticker": "KXHIGHDEN-24NOV27-B35.5",
            "count": 20,
            "created_time": "2024-11-27T04:44:13.897153Z",
            "yes_price": 17,
            "no_price": 83,
            "taker_side": "yes"
        },
        {
            "trade_id": "f0bcded5-c1e8-44bd-a789-22fa6ffe66fb",
            "ticker": "KXHIGHDEN-24NOV27-B35.5",
            "count": 50,
            "created_time": "2024-11-27T04:43:42.640615Z",
            "yes_price": 17,
            "no_price": 83,
            "taker_side": "yes"
        },
        {
            "trade_id": "24b12802-a86c-4768-b426-7a9b680812f9",
            "ticker": "KXHIGHDEN-24NOV27-B35.5",
            "count": 30,
            "created_time": "2024-11-27T04:41:34.317122Z",
            "yes_price": 15,
            "no_price": 85,
            "taker_side": "no"
        },
        {
            "trade_id": "759767e6-644c-42e1-9fb1-4ab8da2477b5",
            "ticker": "KXHIGHDEN-24NOV27-B35.5",
            "count": 70,
            "created_time": "2024-11-27T04:41:33.326417Z",
            "yes_price": 15,
            "no_price": 85,
            "taker_side": "yes"
        },
        {
            "trade_id": "744ccca3-2bcf-496e-a66f-77ae7a158315",
            "ticker": "KXHIGHDEN-24NOV27-B35.5",
            "count": 29,
            "created_time": "2024-11-27T04:41:22.044735Z",
            "yes_price": 15,
            "no_price": 85,
            "taker_side": "yes"
        },
        {
            "trade_id": "1ba1ea85-686a-4ece-ab99-f76efec92de3",
            "ticker": "KXHIGHDEN-24NOV27-B35.5",
            "count": 1,
            "created_time": "2024-11-27T04:41:22.044735Z",
            "yes_price": 15,
            "no_price": 85,
            "taker_side": "yes"
        },
        {
            "trade_id": "af939168-f955-45d6-b20c-6104f53fd1fd",
            "ticker": "KXHIGHDEN-24NOV27-B35.5",
            "count": 71,
            "created_time": "2024-11-27T04:40:51.236743Z",
            "yes_price": 15,
            "no_price": 85,
            "taker_side": "yes"
        },
        {
            "trade_id": "98d9c192-d92a-4585-8aef-3ac51037f734",
            "ticker": "KXHIGHDEN-24NOV27-B35.5",
            "count": 79,
            "created_time": "2024-11-27T04:40:51.236743Z",
            "yes_price": 15,
            "no_price": 85,
            "taker_side": "yes"
        },
        {
            "trade_id": "f907baca-6776-43aa-868c-6073af9a57d5",
            "ticker": "KXHIGHDEN-24NOV27-B35.5",
            "count": 21,
            "created_time": "2024-11-27T04:40:21.746103Z",
            "yes_price": 15,
            "no_price": 85,
            "taker_side": "yes"
        },
        {
            "trade_id": "a2f809a1-c6b0-4d7a-84ce-295425a9cca0",
            "ticker": "KXHIGHDEN-24NOV27-B35.5",
            "count": 200,
            "created_time": "2024-11-27T04:39:05.716288Z",
            "yes_price": 15,
            "no_price": 85,
            "taker_side": "yes"
        },
        {
            "trade_id": "8714b7bc-ef10-4294-9fc2-bdefb99df772",
            "ticker": "KXHIGHDEN-24NOV27-B35.5",
            "count": 200,
            "created_time": "2024-11-27T04:39:05.716288Z",
            "yes_price": 14,
            "no_price": 86,
            "taker_side": "yes"
        },
        {
            "trade_id": "5cfb5ca0-c410-4ddf-ab1a-2551158946c4",
            "ticker": "KXHIGHDEN-24NOV27-B35.5",
            "count": 84,
            "created_time": "2024-11-27T04:39:05.716288Z",
            "yes_price": 16,
            "no_price": 84,
            "taker_side": "yes"
        },
        {
            "trade_id": "2a2fa415-2291-49d9-8df0-fb71f2280de4",
            "ticker": "KXHIGHDEN-24NOV27-B35.5",
            "count": 200,
            "created_time": "2024-11-27T04:39:05.716288Z",
            "yes_price": 16,
            "no_price": 84,
            "taker_side": "yes"
        },
        {
            "trade_id": "a6cc60bf-e3da-443a-97d2-00523e6c6b7a",
            "ticker": "KXHIGHDEN-24NOV27-B35.5",
            "count": 80,
            "created_time": "2024-11-27T04:37:58.45747Z",
            "yes_price": 11,
            "no_price": 89,
            "taker_side": "yes"
        },
        {
            "trade_id": "81984b78-d599-414a-ac40-6d6f3786e686",
            "ticker": "KXHIGHDEN-24NOV27-B35.5",
            "count": 160,
            "created_time": "2024-11-27T04:37:58.45747Z",
            "yes_price": 12,
            "no_price": 88,
            "taker_side": "yes"
        },
        {
            "trade_id": "80c04a9d-be17-415f-911f-9a8ff4e96a90",
            "ticker": "KXHIGHDEN-24NOV27-B35.5",
            "count": 240,
            "created_time": "2024-11-27T04:37:58.45747Z",
            "yes_price": 13,
            "no_price": 87,
            "taker_side": "yes"
        },
        {
            "trade_id": "513bc83e-a790-40af-a2e5-a4e847899d01",
            "ticker": "KXHIGHDEN-24NOV27-B35.5",
            "count": 80,
            "created_time": "2024-11-27T04:37:58.45747Z",
            "yes_price": 12,
            "no_price": 88,
            "taker_side": "yes"
        },
        {
            "trade_id": "0c302334-541d-4e14-bb6e-ebc85d589bed",
            "ticker": "KXHIGHDEN-24NOV27-B35.5",
            "count": 160,
            "created_time": "2024-11-27T04:37:58.45747Z",
            "yes_price": 11,
            "no_price": 89,
            "taker_side": "yes"
        },
        {
            "trade_id": "53b1e282-da4b-44b2-82e9-42ac706ee4dc",
            "ticker": "KXHIGHDEN-24NOV27-B35.5",
            "count": 80,
            "created_time": "2024-11-27T04:37:07.575777Z",
            "yes_price": 10,
            "no_price": 90,
            "taker_side": "yes"
        },
        {
            "trade_id": "29c0f500-2b9c-40dc-a436-1b90366c5643",
            "ticker": "KXHIGHDEN-24NOV27-B35.5",
            "count": 120,
            "created_time": "2024-11-27T04:37:07.575777Z",
            "yes_price": 10,
            "no_price": 90,
            "taker_side": "yes"
        },
        {
            "trade_id": "a12f7f4e-edae-4216-80ae-8477249495f1",
            "ticker": "KXHIGHDEN-24NOV27-B35.5",
            "count": 79,
            "created_time": "2024-11-27T04:36:58.809398Z",
            "yes_price": 7,
            "no_price": 93,
            "taker_side": "no"
        },
        {
            "trade_id": "aa5b2429-671b-4703-88c0-710193ccf769",
            "ticker": "KXHIGHDEN-24NOV27-B35.5",
            "count": 93,
            "created_time": "2024-11-27T04:36:50.27165Z",
            "yes_price": 7,
            "no_price": 93,
            "taker_side": "yes"
        },
        {
            "trade_id": "e6792d1c-acff-4a96-bc51-52e7f96f908c",
            "ticker": "KXHIGHDEN-24NOV27-B35.5",
            "count": 40,
            "created_time": "2024-11-27T04:36:34.66709Z",
            "yes_price": 7,
            "no_price": 93,
            "taker_side": "no"
        },
        {
            "trade_id": "75639240-3476-4441-9b86-837a8df7b729",
            "ticker": "KXHIGHDEN-24NOV27-B35.5",
            "count": 130,
            "created_time": "2024-11-27T04:36:01.053911Z",
            "yes_price": 9,
            "no_price": 91,
            "taker_side": "yes"
        },
        {
            "trade_id": "5ed04c98-5cad-4e61-9530-1fc1bdac4daa",
            "ticker": "KXHIGHDEN-24NOV27-B35.5",
            "count": 50,
            "created_time": "2024-11-27T04:35:22.504835Z",
            "yes_price": 9,
            "no_price": 91,
            "taker_side": "yes"
        },
        {
            "trade_id": "bb3c017f-f051-43b2-b3dc-652607d643f0",
            "ticker": "KXHIGHDEN-24NOV27-B35.5",
            "count": 50,
            "created_time": "2024-11-27T04:35:12.442044Z",
            "yes_price": 8,
            "no_price": 92,
            "taker_side": "yes"
        },
        {
            "trade_id": "b74a39e0-688f-4720-81ac-ac5016009e75",
            "ticker": "KXHIGHDEN-24NOV27-B35.5",
            "count": 58,
            "created_time": "2024-11-27T04:34:58.591394Z",
            "yes_price": 8,
            "no_price": 92,
            "taker_side": "yes"
        },
        {
            "trade_id": "14ae9826-05ea-49d9-928c-041da11d53bb",
            "ticker": "KXHIGHDEN-24NOV27-B35.5",
            "count": 66,
            "created_time": "2024-11-27T04:30:42.868915Z",
            "yes_price": 8,
            "no_price": 92,
            "taker_side": "no"
        },
        {
            "trade_id": "0e6bee0b-fa83-4cac-8ccf-73d2dc30c513",
            "ticker": "KXHIGHDEN-24NOV27-B35.5",
            "count": 70,
            "created_time": "2024-11-27T04:28:24.515735Z",
            "yes_price": 8,
            "no_price": 92,
            "taker_side": "yes"
        },
        {
            "trade_id": "92901411-dc2a-41d9-b911-6ca4ee942b86",
            "ticker": "KXHIGHDEN-24NOV27-B35.5",
            "count": 240,
            "created_time": "2024-11-27T04:26:42.496308Z",
            "yes_price": 8,
            "no_price": 92,
            "taker_side": "yes"
        },
        {
            "trade_id": "2679ee19-6417-4fe5-a47e-6f8176e250d9",
            "ticker": "KXHIGHDEN-24NOV27-B35.5",
            "count": 240,
            "created_time": "2024-11-27T04:26:42.496308Z",
            "yes_price": 9,
            "no_price": 91,
            "taker_side": "yes"
        },
        {
            "trade_id": "722cfa08-01b8-4c0c-a20e-0a69c8de6c5e",
            "ticker": "KXHIGHDEN-24NOV27-B35.5",
            "count": 68,
            "created_time": "2024-11-27T04:26:25.247601Z",
            "yes_price": 7,
            "no_price": 93,
            "taker_side": "no"
        },
        {
            "trade_id": "91e6d3ee-555f-4a99-8945-fc53ff85db99",
            "ticker": "KXHIGHDEN-24NOV27-B35.5",
            "count": 32,
            "created_time": "2024-11-27T04:26:15.326266Z",
            "yes_price": 7,
            "no_price": 93,
            "taker_side": "yes"
        },
        {
            "trade_id": "c820cc60-976c-4dc2-975d-897a9568fd4c",
            "ticker": "KXHIGHDEN-24NOV27-B35.5",
            "count": 68,
            "created_time": "2024-11-27T04:24:40.449266Z",
            "yes_price": 7,
            "no_price": 93,
            "taker_side": "no"
        },
        {
            "trade_id": "f28c3501-660b-4a1b-8ea5-5f63b8820fc6",
            "ticker": "KXHIGHDEN-24NOV27-B35.5",
            "count": 100,
            "created_time": "2024-11-27T04:22:05.352569Z",
            "yes_price": 10,
            "no_price": 90,
            "taker_side": "no"
        },
        {
            "trade_id": "d1cd759c-1711-4f77-9802-a1d63cda170d",
            "ticker": "KXHIGHDEN-24NOV27-B35.5",
            "count": 8,
            "created_time": "2024-11-27T04:21:59.949296Z",
            "yes_price": 10,
            "no_price": 90,
            "taker_side": "no"
        },
        {
            "trade_id": "35f434b0-fdef-45a2-a20c-03a7906a0bec",
            "ticker": "KXHIGHDEN-24NOV27-B35.5",
            "count": 5,
            "created_time": "2024-11-27T04:21:59.648631Z",
            "yes_price": 10,
            "no_price": 90,
            "taker_side": "no"
        },
        {
            "trade_id": "f4dbff25-a2a7-46cf-bb33-b1bd9143f6cb",
            "ticker": "KXHIGHDEN-24NOV27-B35.5",
            "count": 5,
            "created_time": "2024-11-27T04:21:59.009354Z",
            "yes_price": 10,
            "no_price": 90,
            "taker_side": "no"
        },
        {
            "trade_id": "38738ced-4e3e-438e-b066-f2c9a4d81487",
            "ticker": "KXHIGHDEN-24NOV27-B35.5",
            "count": 5,
            "created_time": "2024-11-27T04:21:58.577379Z",
            "yes_price": 10,
            "no_price": 90,
            "taker_side": "no"
        },
        {
            "trade_id": "611cab9b-f097-43e9-b1d9-7ebff3f45eca",
            "ticker": "KXHIGHDEN-24NOV27-B35.5",
            "count": 5,
            "created_time": "2024-11-27T04:21:58.136465Z",
            "yes_price": 10,
            "no_price": 90,
            "taker_side": "no"
        },
        {
