{
    "KXHIGHDEN-24DEC24-T52": [
        {
            "trade_id": "4d8a1c02-4289-41ac-afef-837d39c79257",
            "ticker": "KXHIGHDEN-24DEC24-T52",
            "count": 7,
            "created_time": "2024-12-24T20:14:52.949462Z",
            "yes_price": 1,
            "no_price": 99,
            "taker_side": "yes"
        },
        {
            "trade_id": "482bfa64-a3fb-44e4-bdcd-0bd3399e092d",
            "ticker": "KXHIGHDEN-24DEC24-T52",
            "count": 91,
            "created_time": "2024-12-24T20:14:52.949462Z",
            "yes_price": 1,
            "no_price": 99,
            "taker_side": "yes"
        },
        {
            "trade_id": "34833a6b-d892-4e11-8e17-8cf0d86c7206",
            "ticker": "KXHIGHDEN-24DEC24-T52",
            "count": 1000,
            "created_time": "2024-12-24T17:57:08.857464Z",
            "yes_price": 2,
            "no_price": 98,
            "taker_side": "yes"
        },
        {
            "trade_id": "bf7372cd-fd13-4a05-b909-cfa3f08e25c7",
            "ticker": "KXHIGHDEN-24DEC24-T52",
            "count": 123,
            "created_time": "2024-12-24T17:47:02.643738Z",
            "yes_price": 1,
            "no_price": 99,
            "taker_side": "no"
        },
        {
            "trade_id": "a3a1cf29-6017-489e-a64a-7adf8c2d2add",
            "ticker": "KXHIGHDEN-24DEC24-T52",
            "count": 55,
            "created_time": "2024-12-24T17:47:02.643738Z",
            "yes_price": 1,
            "no_price": 99,
            "taker_side": "no"
        },
        {
            "trade_id": "f5c60551-7b3f-4ef7-aeef-3e3d72416db9",
            "ticker": "KXHIGHDEN-24DEC24-T52",
            "count": 5,
            "created_time": "2024-12-24T17:18:51.344378Z",
            "yes_price": 2,
            "no_price": 98,
            "taker_side": "yes"
        },
        {
            "trade_id": "81c1eb65-c8e7-4184-9b53-48a130246e02",
            "ticker": "KXHIGHDEN-24DEC24-T52",
            "count": 153,
            "created_time": "2024-12-24T17:18:51.344378Z",
            "yes_price": 2,
            "no_price": 98,
            "taker_side": "yes"
        },
        {
            "trade_id": "d4325605-b74f-4374-a30a-bff0743884de",
            "ticker": "KXHIGHDEN-24DEC24-T52",
            "count": 1000,
            "created_time": "2024-12-24T17:05:56.046742Z",
            "yes_price": 1,
            "no_price": 99,
            "taker_side": "no"
        },
        {
            "trade_id": "321e56a5-e9c8-4fb2-b0bf-87a0686cd951",
            "ticker": "KXHIGHDEN-24DEC24-T52",
            "count": 50,
            "created_time": "2024-12-24T16:41:23.540294Z",
            "yes_price": 3,
            "no_price": 97,
            "taker_side": "no"
        },
        {
            "trade_id": "fdc21d8d-0736-4efe-8293-75e64b0f329e",
            "ticker": "KXHIGHDEN-24DEC24-T52",
            "count": 250,
            "created_time": "2024-12-24T16:13:01.761575Z",
            "yes_price": 6,
            "no_price": 94,
            "taker_side": "yes"
        },
        {
            "trade_id": "b2660c9e-67e4-4619-bb4a-70d14e9a2080",
            "ticker": "KXHIGHDEN-24DEC24-T52",
            "count": 40,
            "created_time": "2024-12-24T16:13:01.761575Z",
            "yes_price": 4,
            "no_price": 96,
            "taker_side": "yes"
        },
        {
            "trade_id": "75cde245-9434-424e-9da3-cd52630aa2bc",
            "ticker": "KXHIGHDEN-24DEC24-T52",
            "count": 300,
            "created_time": "2024-12-24T16:13:01.761575Z",
            "yes_price": 4,
            "no_price": 96,
            "taker_side": "yes"
        },
        {
            "trade_id": "6818ce87-8019-4931-9ff0-fb8928b7bb36",
            "ticker": "KXHIGHDEN-24DEC24-T52",
            "count": 80,
            "created_time": "2024-12-24T16:13:01.761575Z",
            "yes_price": 6,
            "no_price": 94,
            "taker_side": "yes"
        },
        {
            "trade_id": "5262181e-2412-4928-837c-9977696c9339",
            "ticker": "KXHIGHDEN-24DEC24-T52",
            "count": 250,
            "created_time": "2024-12-24T16:13:01.761575Z",
            "yes_price": 6,
            "no_price": 94,
            "taker_side": "yes"
        },
        {
            "trade_id": "0c0b59f4-07a8-4569-92d3-c1f2d6eb415d",
            "ticker": "KXHIGHDEN-24DEC24-T52",
            "count": 160,
            "created_time": "2024-12-24T16:13:01.761575Z",
            "yes_price": 6,
            "no_price": 94,
            "taker_side": "yes"
        },
        {
            "trade_id": "26d954a7-5ea4-4259-acb6-3121dbbda995",
            "ticker": "KXHIGHDEN-24DEC24-T52",
            "count": 10,
            "created_time": "2024-12-24T15:12:19.375593Z",
            "yes_price": 2,
            "no_price": 98,
            "taker_side": "no"
        },
        {
            "trade_id": "63b5416d-c903-4864-8f68-831cbcf4cce3",
            "ticker": "KXHIGHDEN-24DEC24-T52",
            "count": 30,
            "created_time": "2024-12-24T15:08:07.042765Z",
            "yes_price": 2,
            "no_price": 98,
            "taker_side": "no"
        },
        {
            "trade_id": "0f8ce8d2-5d72-46e3-ba04-53f87b84629b",
            "ticker": "KXHIGHDEN-24DEC24-T52",
            "count": 25,
            "created_time": "2024-12-24T14:50:11.269813Z",
            "yes_price": 3,
            "no_price": 97,
            "taker_side": "no"
        },
        {
            "trade_id": "5bcc86fa-bd86-4a3a-a28d-4a13d0325685",
            "ticker": "KXHIGHDEN-24DEC24-T52",
            "count": 20,
            "created_time": "2024-12-24T14:23:47.677836Z",
            "yes_price": 3,
            "no_price": 97,
            "taker_side": "no"
        },
        {
            "trade_id": "7fe50991-b490-46fc-b753-84ebfca2a065",
            "ticker": "KXHIGHDEN-24DEC24-T52",
            "count": 482,
            "created_time": "2024-12-24T13:52:29.862601Z",
            "yes_price": 5,
            "no_price": 95,
            "taker_side": "yes"
        },
        {
            "trade_id": "d98993aa-c657-4480-8fff-d5a1b09185ff",
            "ticker": "KXHIGHDEN-24DEC24-T52",
            "count": 11,
            "created_time": "2024-12-24T13:49:47.337013Z",
            "yes_price": 5,
            "no_price": 95,
            "taker_side": "no"
        },
        {
            "trade_id": "8a03b559-2a4e-433d-ada1-5d5924de7930",
            "ticker": "KXHIGHDEN-24DEC24-T52",
            "count": 107,
            "created_time": "2024-12-24T13:32:15.726434Z",
            "yes_price": 7,
            "no_price": 93,
            "taker_side": "yes"
        },
        {
            "trade_id": "a9f4dcdc-a69b-4aeb-a9d4-06076133ff36",
            "ticker": "KXHIGHDEN-24DEC24-T52",
            "count": 10,
            "created_time": "2024-12-24T13:02:26.566113Z",
            "yes_price": 2,
            "no_price": 98,
            "taker_side": "no"
        },
        {
            "trade_id": "18fbfafe-4f07-4cc7-878f-85998774c1b9",
            "ticker": "KXHIGHDEN-24DEC24-T52",
            "count": 2,
            "created_time": "2024-12-24T05:57:11.733242Z",
            "yes_price": 3,
            "no_price": 97,
            "taker_side": "no"
        },
        {
            "trade_id": "d434c890-1fb5-4217-820e-4fb65b24896f",
            "ticker": "KXHIGHDEN-24DEC24-T52",
            "count": 49,
            "created_time": "2024-12-24T04:31:03.460207Z",
            "yes_price": 7,
            "no_price": 93,
            "taker_side": "no"
        },
        {
            "trade_id": "cf77cf07-03c9-4e7a-a7d3-a83089f7b0fd",
            "ticker": "KXHIGHDEN-24DEC24-T52",
            "count": 51,
            "created_time": "2024-12-24T04:31:03.460207Z",
            "yes_price": 7,
            "no_price": 93,
            "taker_side": "no"
        },
        {
            "trade_id": "571e80d3-a6d2-4735-8aaa-75214fabed97",
            "ticker": "KXHIGHDEN-24DEC24-T52",
            "count": 1,
            "created_time": "2024-12-24T04:28:48.615658Z",
            "yes_price": 7,
            "no_price": 93,
            "taker_side": "no"
        },
        {
            "trade_id": "8ff4e845-2a7b-4ae6-907d-105543acd37a",
            "ticker": "KXHIGHDEN-24DEC24-T52",
            "count": 100,
            "created_time": "2024-12-24T04:07:14.141999Z",
            "yes_price": 7,
            "no_price": 93,
            "taker_side": "no"
        },
        {
            "trade_id": "2a616cc1-a53c-4a80-ae47-d76bbcf8da33",
            "ticker": "KXHIGHDEN-24DEC24-T52",
            "count": 24,
            "created_time": "2024-12-24T03:56:51.257139Z",
            "yes_price": 8,
            "no_price": 92,
            "taker_side": "no"
        },
        {
            "trade_id": "e88b6629-cd67-4aee-9723-fd9224914931",
            "ticker": "KXHIGHDEN-24DEC24-T52",
            "count": 174,
            "created_time": "2024-12-24T03:11:58.738716Z",
            "yes_price": 10,
            "no_price": 90,
            "taker_side": "no"
        },
        {
            "trade_id": "c1b8326c-07d7-40ff-a04f-ab34fd0e63ac",
            "ticker": "KXHIGHDEN-24DEC24-T52",
            "count": 130,
            "created_time": "2024-12-24T03:11:58.738716Z",
            "yes_price": 9,
            "no_price": 91,
            "taker_side": "no"
        },
        {
            "trade_id": "b538f12f-f150-4eb4-a5a1-dcaacce81667",
            "ticker": "KXHIGHDEN-24DEC24-T52",
            "count": 26,
            "created_time": "2024-12-24T03:11:58.738716Z",
            "yes_price": 10,
            "no_price": 90,
            "taker_side": "no"
        },
        {
            "trade_id": "8fed0597-3bc9-436e-909f-a0292f68fbf0",
            "ticker": "KXHIGHDEN-24DEC24-T52",
            "count": 100,
            "created_time": "2024-12-24T03:11:58.738716Z",
            "yes_price": 8,
            "no_price": 92,
            "taker_side": "no"
        },
        {
            "trade_id": "68602f95-1935-4fd4-92bd-cc63e30a57e2",
            "ticker": "KXHIGHDEN-24DEC24-T52",
            "count": 240,
            "created_time": "2024-12-24T03:11:58.738716Z",
            "yes_price": 9,
            "no_price": 91,
            "taker_side": "no"
        },
        {
            "trade_id": "23e2b6f4-ddbf-4dfa-a4ab-68dd4ecc2a0f",
            "ticker": "KXHIGHDEN-24DEC24-T52",
            "count": 83,
            "created_time": "2024-12-24T03:11:58.738716Z",
            "yes_price": 8,
            "no_price": 92,
            "taker_side": "no"
        },
        {
            "trade_id": "50cd39b2-fd5a-49cf-ae49-41903e5b5c6a",
            "ticker": "KXHIGHDEN-24DEC24-T52",
            "count": 6,
            "created_time": "2024-12-24T03:08:19.901686Z",
            "yes_price": 15,
            "no_price": 85,
            "taker_side": "yes"
        },
        {
            "trade_id": "36392be4-6df0-4f86-ae65-49461ca3dcac",
            "ticker": "KXHIGHDEN-24DEC24-T52",
            "count": 66,
            "created_time": "2024-12-24T03:01:18.069705Z",
            "yes_price": 10,
            "no_price": 90,
            "taker_side": "no"
        },
        {
            "trade_id": "2b7e87c3-a898-4036-9029-c770415a8d0f",
            "ticker": "KXHIGHDEN-24DEC24-T52",
            "count": 5,
            "created_time": "2024-12-24T02:57:38.106503Z",
            "yes_price": 11,
            "no_price": 89,
            "taker_side": "no"
        },
        {
            "trade_id": "0b103b77-24a5-49ae-ab87-21b6f72d6d42",
            "ticker": "KXHIGHDEN-24DEC24-T52",
            "count": 100,
            "created_time": "2024-12-24T02:34:37.278833Z",
            "yes_price": 9,
            "no_price": 91,
            "taker_side": "no"
        },
        {
            "trade_id": "807b6f38-a076-4581-99fc-5374395ff7c0",
            "ticker": "KXHIGHDEN-24DEC24-T52",
            "count": 2,
            "created_time": "2024-12-24T02:07:46.12394Z",
            "yes_price": 9,
            "no_price": 91,
            "taker_side": "no"
        },
        {
            "trade_id": "ee091190-daac-4e9b-9f54-96f6db1fdf79",
            "ticker": "KXHIGHDEN-24DEC24-T52",
            "count": 26,
            "created_time": "2024-12-24T02:07:32.239554Z",
            "yes_price": 9,
            "no_price": 91,
            "taker_side": "no"
        },
        {
            "trade_id": "f984eb91-2d19-4983-a994-ce0017757e0c",
            "ticker": "KXHIGHDEN-24DEC24-T52",
            "count": 10,
            "created_time": "2024-12-24T02:05:24.845846Z",
            "yes_price": 9,
            "no_price": 91,
            "taker_side": "no"
        },
        {
            "trade_id": "1a0494d3-8172-4e64-aee4-1750058838bc",
            "ticker": "KXHIGHDEN-24DEC24-T52",
            "count": 14,
            "created_time": "2024-12-24T01:50:45.643958Z",
            "yes_price": 11,
            "no_price": 89,
            "taker_side": "no"
        },
        {
            "trade_id": "be20c5ff-48e0-4be6-929e-e447bde0ac0e",
            "ticker": "KXHIGHDEN-24DEC24-T52",
            "count": 16,
            "created_time": "2024-12-24T01:31:41.643507Z",
            "yes_price": 10,
            "no_price": 90,
            "taker_side": "no"
        },
        {
            "trade_id": "d4565049-6d36-4cab-8052-67325801730e",
            "ticker": "KXHIGHDEN-24DEC24-T52",
            "count": 165,
            "created_time": "2024-12-24T00:39:16.031026Z",
            "yes_price": 10,
            "no_price": 90,
            "taker_side": "no"
        },
        {
            "trade_id": "030ba738-fa1c-49c5-b74e-f1474bd95495",
            "ticker": "KXHIGHDEN-24DEC24-T52",
            "count": 8,
            "created_time": "2024-12-24T00:38:32.64233Z",
            "yes_price": 11,
            "no_price": 89,
            "taker_side": "yes"
        },
        {
            "trade_id": "d0d0969b-4ae9-4c2e-8092-5ccb06c65cb2",
            "ticker": "KXHIGHDEN-24DEC24-T52",
            "count": 10,
            "created_time": "2024-12-24T00:38:32.363124Z",
            "yes_price": 11,
            "no_price": 89,
            "taker_side": "yes"
        },
        {
            "trade_id": "89adb8db-89bf-4c78-8697-37648767d399",
            "ticker": "KXHIGHDEN-24DEC24-T52",
            "count": 2,
            "created_time": "2024-12-24T00:38:32.363124Z",
            "yes_price": 11,
            "no_price": 89,
            "taker_side": "yes"
        },
        {
            "trade_id": "159a578e-f5b5-4262-899c-6ab85f1a5aa1",
            "ticker": "KXHIGHDEN-24DEC24-T52",
            "count": 3,
            "created_time": "2024-12-24T00:28:32.425385Z",
            "yes_price": 9,
            "no_price": 91,
            "taker_side": "no"
        },
        {
            "trade_id": "f9fb9a4b-234c-4442-ae92-73f711fb7908",
            "ticker": "KXHIGHDEN-24DEC24-T52",
            "count": 240,
            "created_time": "2024-12-24T00:18:01.109296Z",
            "yes_price": 9,
            "no_price": 91,
            "taker_side": "yes"
        },
        {
            "trade_id": "aa9ed5a5-8146-411d-9a21-df0a25526d77",
            "ticker": "KXHIGHDEN-24DEC24-T52",
            "count": 100,
            "created_time": "2024-12-24T00:17:49.447767Z",
            "yes_price": 9,
            "no_price": 91,
            "taker_side": "yes"
        },
        {
            "trade_id": "849c7550-ca72-4971-a2d7-584e21faaa56",
            "ticker": "KXHIGHDEN-24DEC24-T52",
            "count": 140,
            "created_time": "2024-12-24T00:17:49.447767Z",
            "yes_price": 9,
            "no_price": 91,
            "taker_side": "yes"
        },
        {
            "trade_id": "3d24efe3-6629-4fa9-8e1c-8749539538f3",
            "ticker": "KXHIGHDEN-24DEC24-T52",
            "count": 9,
            "created_time": "2024-12-24T00:17:49.447767Z",
            "yes_price": 8,
            "no_price": 92,
            "taker_side": "yes"
        },
        {
            "trade_id": "3b4b2a56-a971-47e8-bd8a-f57a155c1c0d",
            "ticker": "KXHIGHDEN-24DEC24-T52",
            "count": 240,
            "created_time": "2024-12-24T00:17:49.447767Z",
            "yes_price": 10,
            "no_price": 90,
            "taker_side": "yes"
        },
        {
            "trade_id": "a3df68df-0548-4ad2-bda6-824cb2132c53",
            "ticker": "KXHIGHDEN-24DEC24-T52",
            "count": 200,
            "created_time": "2024-12-24T00:13:48.899763Z",
            "yes_price": 8,
            "no_price": 92,
            "taker_side": "yes"
        },
        {
            "trade_id": "6472ee81-3ac5-4b9f-8de7-7ab7db4c8806",
            "ticker": "KXHIGHDEN-24DEC24-T52",
            "count": 40,
            "created_time": "2024-12-24T00:13:48.899763Z",
            "yes_price": 8,
            "no_price": 92,
            "taker_side": "yes"
        },
        {
            "trade_id": "5ad6c4f0-ab77-4770-9215-2bcbb8a8506b",
            "ticker": "KXHIGHDEN-24DEC24-T52",
            "count": 240,
            "created_time": "2024-12-24T00:13:48.899763Z",
            "yes_price": 9,
            "no_price": 91,
            "taker_side": "yes"
        },
        {
            "trade_id": "1414af53-fed3-41ea-a81d-366aade33d90",
            "ticker": "KXHIGHDEN-24DEC24-T52",
            "count": 100,
            "created_time": "2024-12-24T00:13:48.899763Z",
            "yes_price": 7,
            "no_price": 93,
            "taker_side": "yes"
        },
        {
            "trade_id": "c4b2668a-8900-4204-9622-d3c84dcf9993",
            "ticker": "KXHIGHDEN-24DEC24-T52",
            "count": 113,
            "created_time": "2024-12-24T00:12:16.823793Z",
            "yes_price": 8,
            "no_price": 92,
            "taker_side": "yes"
        },
        {
            "trade_id": "64cf04ad-404f-4253-ac51-2d9d42b28ba4",
            "ticker": "KXHIGHDEN-24DEC24-T52",
            "count": 140,
            "created_time": "2024-12-24T00:12:16.823793Z",
            "yes_price": 7,
            "no_price": 93,
            "taker_side": "yes"
        },
        {
            "trade_id": "63ffa88c-052b-499f-bfc9-91291a1255a9",
            "ticker": "KXHIGHDEN-24DEC24-T52",
            "count": 100,
            "created_time": "2024-12-24T00:12:16.823793Z",
            "yes_price": 6,
            "no_price": 94,
            "taker_side": "yes"
        },
        {
            "trade_id": "5cb72877-5aa8-4af8-9ea8-dfc9b73dcfea",
            "ticker": "KXHIGHDEN-24DEC24-T52",
            "count": 127,
            "created_time": "2024-12-24T00:12:16.823793Z",
            "yes_price": 8,
            "no_price": 92,
            "taker_side": "yes"
        },
        {
            "trade_id": "576f8986-dd66-446e-94b1-51787091b609",
            "ticker": "KXHIGHDEN-24DEC24-T52",
            "count": 100,
            "created_time": "2024-12-24T00:12:16.823793Z",
            "yes_price": 7,
            "no_price": 93,
            "taker_side": "yes"
        },
        {
            "trade_id": "1655aedf-2025-4750-84cd-3188b3180d76",
            "ticker": "KXHIGHDEN-24DEC24-T52",
            "count": 32,
            "created_time": "2024-12-24T00:12:16.823793Z",
            "yes_price": 5,
            "no_price": 95,
            "taker_side": "yes"
        },
        {
            "trade_id": "a067008b-c9ed-44ea-8d6f-decfb64b8809",
            "ticker": "KXHIGHDEN-24DEC24-T52",
            "count": 323,
            "created_time": "2024-12-23T23:18:31.509324Z",
            "yes_price": 5,
            "no_price": 95,
            "taker_side": "yes"
        },
        {
            "trade_id": "ef80f6bb-56ef-4e55-b9f9-83db50c14872",
            "ticker": "KXHIGHDEN-24DEC24-T52",
            "count": 100,
            "created_time": "2024-12-23T23:10:17.351879Z",
            "yes_price": 6,
            "no_price": 94,
            "taker_side": "yes"
        },
        {
            "trade_id": "c7b571db-c043-4b29-902d-b8c3fe78ff37",
            "ticker": "KXHIGHDEN-24DEC24-T52",
            "count": 240,
            "created_time": "2024-12-23T23:10:17.351879Z",
            "yes_price": 7,
            "no_price": 93,
            "taker_side": "yes"
        },
        {
            "trade_id": "5eaed0d5-7dd7-492a-8984-383866ce9e64",
            "ticker": "KXHIGHDEN-24DEC24-T52",
            "count": 113,
            "created_time": "2024-12-23T23:10:17.351879Z",
            "yes_price": 8,
            "no_price": 92,
            "taker_side": "yes"
        },
        {
            "trade_id": "2e6e4912-0186-40c7-818f-a3b53ec3c3a5",
            "ticker": "KXHIGHDEN-24DEC24-T52",
            "count": 300,
            "created_time": "2024-12-23T23:10:17.351879Z",
            "yes_price": 5,
            "no_price": 95,
            "taker_side": "yes"
        },
        {
            "trade_id": "e135596b-5612-4eca-923c-773e6bf622b7",
            "ticker": "KXHIGHDEN-24DEC24-T52",
            "count": 400,
            "created_time": "2024-12-23T22:42:21.154419Z",
            "yes_price": 3,
            "no_price": 97,
            "taker_side": "yes"
        },
        {
            "trade_id": "bfa006d7-bfde-40cd-bdf1-a42837c81842",
            "ticker": "KXHIGHDEN-24DEC24-T52",
            "count": 100,
            "created_time": "2024-12-23T21:53:48.494875Z",
            "yes_price": 3,
            "no_price": 97,
            "taker_side": "yes"
        }
    ],
    "KXHIGHDEN-24DEC24-B52.5": [
        {
            "trade_id": "7553b5bf-2eb3-4601-b65f-86d203d27849",
            "ticker": "KXHIGHDEN-24DEC24-B52.5",
            "count": 1870,
            "created_time": "2024-12-25T02:00:23.617303Z",
            "yes_price": 99,
            "no_price": 1,
            "taker_side": "no"
        },
        {
            "trade_id": "98974775-4e3d-4f03-8bdb-22de94e01141",
            "ticker": "KXHIGHDEN-24DEC24-B52.5",
            "count": 312,
            "created_time": "2024-12-25T01:58:29.746378Z",
            "yes_price": 99,
            "no_price": 1,
            "taker_side": "no"
        },
        {
            "trade_id": "55496d72-cb4d-481a-a8eb-bf99f39f24d5",
            "ticker": "KXHIGHDEN-24DEC24-B52.5",
            "count": 10,
            "created_time": "2024-12-25T01:16:58.661914Z",
            "yes_price": 99,
            "no_price": 1,
            "taker_side": "no"
        },
        {
            "trade_id": "f38dd3fa-569c-4dcd-97e2-4e65a7baa9a2",
            "ticker": "KXHIGHDEN-24DEC24-B52.5",
            "count": 95,
            "created_time": "2024-12-25T01:14:28.57967Z",
            "yes_price": 99,
            "no_price": 1,
            "taker_side": "no"
        },
        {
            "trade_id": "77620e3c-9e6a-4b39-99f5-0bc1674287d8",
            "ticker": "KXHIGHDEN-24DEC24-B52.5",
            "count": 12,
            "created_time": "2024-12-25T01:14:28.57967Z",
            "yes_price": 99,
            "no_price": 1,
            "taker_side": "no"
        },
        {
            "trade_id": "04f4beb6-040b-47a1-903b-e07bb5fd2435",
            "ticker": "KXHIGHDEN-24DEC24-B52.5",
            "count": 100,
            "created_time": "2024-12-25T01:14:28.57967Z",
            "yes_price": 99,
            "no_price": 1,
            "taker_side": "no"
        },
        {
            "trade_id": "ebee1ca2-9dd3-45aa-a45d-2a0df2e5ac17",
            "ticker": "KXHIGHDEN-24DEC24-B52.5",
            "count": 100,
            "created_time": "2024-12-25T00:27:07.969415Z",
            "yes_price": 99,
            "no_price": 1,
            "taker_side": "no"
        },
        {
            "trade_id": "d44aa606-8f5c-4cc3-b2e2-c1477a22a523",
            "ticker": "KXHIGHDEN-24DEC24-B52.5",
            "count": 88,
            "created_time": "2024-12-25T00:27:07.969415Z",
            "yes_price": 99,
            "no_price": 1,
            "taker_side": "no"
        },
        {
            "trade_id": "c6d0bd46-c582-4ffa-95ba-ffa64d5f28ce",
            "ticker": "KXHIGHDEN-24DEC24-B52.5",
            "count": 100,
            "created_time": "2024-12-25T00:27:07.969415Z",
            "yes_price": 99,
            "no_price": 1,
            "taker_side": "no"
        },
        {
            "trade_id": "c16b8913-a4af-4265-8047-5ae2bbca6695",
            "ticker": "KXHIGHDEN-24DEC24-B52.5",
            "count": 100,
            "created_time": "2024-12-25T00:27:07.969415Z",
            "yes_price": 99,
            "no_price": 1,
            "taker_side": "no"
        },
        {
            "trade_id": "b77c50ca-2788-4106-90d9-b2e06fbb66a0",
            "ticker": "KXHIGHDEN-24DEC24-B52.5",
            "count": 100,
            "created_time": "2024-12-25T00:27:07.969415Z",
            "yes_price": 99,
            "no_price": 1,
            "taker_side": "no"
        },
        {
            "trade_id": "aefbacc5-dc92-42f3-a7bc-84aea6a56f4c",
            "ticker": "KXHIGHDEN-24DEC24-B52.5",
            "count": 100,
            "created_time": "2024-12-25T00:27:07.969415Z",
            "yes_price": 99,
            "no_price": 1,
            "taker_side": "no"
        },
        {
            "trade_id": "a4b7a06e-237c-4a59-9e4d-486325a147f0",
            "ticker": "KXHIGHDEN-24DEC24-B52.5",
            "count": 100,
            "created_time": "2024-12-25T00:27:07.969415Z",
            "yes_price": 99,
            "no_price": 1,
            "taker_side": "no"
        },
        {
            "trade_id": "99209cb0-1c7c-4da1-a92a-98788b3997f1",
            "ticker": "KXHIGHDEN-24DEC24-B52.5",
            "count": 100,
            "created_time": "2024-12-25T00:27:07.969415Z",
            "yes_price": 99,
            "no_price": 1,
            "taker_side": "no"
        },
        {
            "trade_id": "8f1d7027-c332-4064-a77f-d774a1c0444e",
            "ticker": "KXHIGHDEN-24DEC24-B52.5",
            "count": 1002,
            "created_time": "2024-12-25T00:27:07.969415Z",
            "yes_price": 99,
            "no_price": 1,
            "taker_side": "no"
        },
        {
            "trade_id": "52c2d654-1f58-4d89-8daa-563b3b699572",
            "ticker": "KXHIGHDEN-24DEC24-B52.5",
            "count": 100,
            "created_time": "2024-12-25T00:27:07.969415Z",
            "yes_price": 99,
            "no_price": 1,
            "taker_side": "no"
        },
        {
            "trade_id": "41542d7c-7d2e-4554-aa6b-75545dcd982f",
            "ticker": "KXHIGHDEN-24DEC24-B52.5",
            "count": 100,
            "created_time": "2024-12-25T00:27:07.969415Z",
            "yes_price": 99,
            "no_price": 1,
            "taker_side": "no"
        },
        {
            "trade_id": "3aeba0d6-e5a7-44ca-8258-8b922f4a56ee",
            "ticker": "KXHIGHDEN-24DEC24-B52.5",
            "count": 100,
            "created_time": "2024-12-25T00:27:07.969415Z",
            "yes_price": 99,
            "no_price": 1,
            "taker_side": "no"
        },
        {
            "trade_id": "356d68e7-f555-4045-aa6f-4cb256f0ce88",
            "ticker": "KXHIGHDEN-24DEC24-B52.5",
            "count": 100,
            "created_time": "2024-12-25T00:27:07.969415Z",
            "yes_price": 99,
            "no_price": 1,
            "taker_side": "no"
        },
        {
            "trade_id": "2544071c-28f0-45ea-8a85-c6532ea57447",
            "ticker": "KXHIGHDEN-24DEC24-B52.5",
            "count": 10,
            "created_time": "2024-12-25T00:27:07.969415Z",
            "yes_price": 99,
            "no_price": 1,
            "taker_side": "no"
        },
        {
            "trade_id": "1a730c3f-7255-477b-b1a3-faffcc51f6ae",
            "ticker": "KXHIGHDEN-24DEC24-B52.5",
            "count": 100,
            "created_time": "2024-12-25T00:27:07.969415Z",
            "yes_price": 99,
            "no_price": 1,
            "taker_side": "no"
        },
        {
            "trade_id": "0fe700aa-f1c0-47d7-a85b-775c68cf0800",
            "ticker": "KXHIGHDEN-24DEC24-B52.5",
            "count": 100,
            "created_time": "2024-12-25T00:27:07.969415Z",
            "yes_price": 99,
            "no_price": 1,
            "taker_side": "no"
        },
        {
            "trade_id": "0a5e1b77-c977-4c97-b783-844d67c9d01b",
            "ticker": "KXHIGHDEN-24DEC24-B52.5",
            "count": 100,
            "created_time": "2024-12-25T00:27:07.969415Z",
            "yes_price": 99,
            "no_price": 1,
            "taker_side": "no"
        },
        {
            "trade_id": "f33d667a-5dd3-49af-8e88-3556e4192e6b",
            "ticker": "KXHIGHDEN-24DEC24-B52.5",
            "count": 5000,
            "created_time": "2024-12-25T00:24:30.127613Z",
            "yes_price": 99,
            "no_price": 1,
            "taker_side": "no"
        },
        {
            "trade_id": "c6e8750c-80c1-4acb-8e5c-80f36648e350",
            "ticker": "KXHIGHDEN-24DEC24-B52.5",
            "count": 10000,
            "created_time": "2024-12-25T00:11:56.59728Z",
            "yes_price": 99,
            "no_price": 1,
            "taker_side": "no"
        },
        {
            "trade_id": "f08ffb74-061c-40f2-98a1-23c59350c30f",
            "ticker": "KXHIGHDEN-24DEC24-B52.5",
            "count": 100,
            "created_time": "2024-12-25T00:10:33.809653Z",
            "yes_price": 99,
            "no_price": 1,
            "taker_side": "no"
        },
        {
            "trade_id": "baf84d0b-c3fd-4bdc-a27a-2dfc4fa3e778",
            "ticker": "KXHIGHDEN-24DEC24-B52.5",
            "count": 100,
            "created_time": "2024-12-25T00:10:33.809653Z",
            "yes_price": 99,
            "no_price": 1,
            "taker_side": "no"
        },
        {
            "trade_id": "63e4cab1-b1bf-44f3-bcec-8c304afa48f8",
            "ticker": "KXHIGHDEN-24DEC24-B52.5",
            "count": 102,
            "created_time": "2024-12-25T00:10:33.809653Z",
            "yes_price": 99,
            "no_price": 1,
            "taker_side": "no"
        },
        {
            "trade_id": "5dca1ce2-0fb4-40a8-8c92-137c40807404",
            "ticker": "KXHIGHDEN-24DEC24-B52.5",
            "count": 500,
            "created_time": "2024-12-25T00:10:33.809653Z",
            "yes_price": 99,
            "no_price": 1,
            "taker_side": "no"
        },
        {
            "trade_id": "3066d200-18fe-4577-bf7b-f59d3347131a",
            "ticker": "KXHIGHDEN-24DEC24-B52.5",
            "count": 23998,
            "created_time": "2024-12-25T00:10:33.809653Z",
            "yes_price": 99,
            "no_price": 1,
            "taker_side": "no"
        },
        {
            "trade_id": "2b9f418a-6763-4cdb-9d8c-e0c6bfc6cd9b",
            "ticker": "KXHIGHDEN-24DEC24-B52.5",
            "count": 100,
            "created_time": "2024-12-25T00:10:33.809653Z",
            "yes_price": 99,
            "no_price": 1,
            "taker_side": "no"
        },
        {
            "trade_id": "0f7a083a-e4dc-45ba-a540-f6b57c4e2a69",
            "ticker": "KXHIGHDEN-24DEC24-B52.5",
            "count": 100,
            "created_time": "2024-12-25T00:10:33.809653Z",
            "yes_price": 99,
            "no_price": 1,
            "taker_side": "no"
        },
        {
            "trade_id": "b83770fd-7e39-4e56-bca6-5f1312bed270",
            "ticker": "KXHIGHDEN-24DEC24-B52.5",
            "count": 800,
            "created_time": "2024-12-25T00:10:10.618901Z",
            "yes_price": 99,
            "no_price": 1,
            "taker_side": "no"
        },
        {
            "trade_id": "dd3363eb-5c09-47a8-ba7c-5691597bb5f0",
            "ticker": "KXHIGHDEN-24DEC24-B52.5",
            "count": 20,
            "created_time": "2024-12-24T23:28:18.543961Z",
            "yes_price": 99,
            "no_price": 1,
            "taker_side": "no"
        },
        {
            "trade_id": "83152100-9dd8-4106-a88d-0bb4352be0ca",
            "ticker": "KXHIGHDEN-24DEC24-B52.5",
            "count": 133,
            "created_time": "2024-12-24T23:26:00.094773Z",
            "yes_price": 99,
            "no_price": 1,
            "taker_side": "no"
        },
        {
            "trade_id": "45c4cc05-8be7-470d-aad6-384740abeaab",
            "ticker": "KXHIGHDEN-24DEC24-B52.5",
            "count": 25,
            "created_time": "2024-12-24T23:23:21.088078Z",
            "yes_price": 99,
            "no_price": 1,
            "taker_side": "no"
        },
        {
            "trade_id": "ad11fe04-01ce-46fc-98c7-601325de8b36",
            "ticker": "KXHIGHDEN-24DEC24-B52.5",
            "count": 93,
            "created_time": "2024-12-24T23:22:29.516745Z",
            "yes_price": 99,
            "no_price": 1,
            "taker_side": "no"
        },
        {
            "trade_id": "596ed315-072d-445f-8003-fe6e903d311f",
            "ticker": "KXHIGHDEN-24DEC24-B52.5",
            "count": 50,
            "created_time": "2024-12-24T23:21:04.51071Z",
            "yes_price": 99,
            "no_price": 1,
            "taker_side": "no"
        },
        {
            "trade_id": "1574312c-3aa7-445c-85ed-043ca9682824",
            "ticker": "KXHIGHDEN-24DEC24-B52.5",
            "count": 8000,
            "created_time": "2024-12-24T23:20:59.407922Z",
            "yes_price": 99,
            "no_price": 1,
            "taker_side": "no"
        },
        {
            "trade_id": "b96644bb-75e2-4e27-a9c6-38a052334b96",
            "ticker": "KXHIGHDEN-24DEC24-B52.5",
            "count": 777,
            "created_time": "2024-12-24T23:19:48.11013Z",
            "yes_price": 99,
            "no_price": 1,
            "taker_side": "no"
        },
        {
            "trade_id": "fa03cc3c-f6f9-4eaa-9131-c69676330a0a",
            "ticker": "KXHIGHDEN-24DEC24-B52.5",
            "count": 40,
            "created_time": "2024-12-24T23:17:12.281973Z",
            "yes_price": 95,
            "no_price": 5,
            "taker_side": "yes"
        },
        {
            "trade_id": "25161e6d-3f7f-45a1-b509-79455335c663",
            "ticker": "KXHIGHDEN-24DEC24-B52.5",
            "count": 50,
            "created_time": "2024-12-24T23:17:12.281973Z",
            "yes_price": 97,
            "no_price": 3,
            "taker_side": "yes"
        },
        {
            "trade_id": "1be5414f-b86d-45bf-8ce8-e8b082238ee6",
            "ticker": "KXHIGHDEN-24DEC24-B52.5",
            "count": 134,
            "created_time": "2024-12-24T23:17:12.281973Z",
            "yes_price": 99,
            "no_price": 1,
            "taker_side": "yes"
        },
        {
            "trade_id": "1980a340-e566-49fc-bf81-de0598508960",
            "ticker": "KXHIGHDEN-24DEC24-B52.5",
            "count": 120,
            "created_time": "2024-12-24T23:17:12.281973Z",
            "yes_price": 95,
            "no_price": 5,
            "taker_side": "yes"
        },
        {
            "trade_id": "0c67e001-7d1c-4b12-8be5-110d321db6d7",
            "ticker": "KXHIGHDEN-24DEC24-B52.5",
            "count": 500,
            "created_time": "2024-12-24T23:17:12.281973Z",
            "yes_price": 99,
            "no_price": 1,
            "taker_side": "yes"
        },
        {
            "trade_id": "096b131a-f42b-40b7-8cff-64bce2fdda36",
            "ticker": "KXHIGHDEN-24DEC24-B52.5",
            "count": 50,
            "created_time": "2024-12-24T23:17:12.281973Z",
            "yes_price": 98,
            "no_price": 2,
            "taker_side": "yes"
        },
        {
            "trade_id": "c2abec3e-5ca6-4bd3-ae9d-1c91d55db55c",
            "ticker": "KXHIGHDEN-24DEC24-B52.5",
            "count": 40,
            "created_time": "2024-12-24T23:17:08.767345Z",
            "yes_price": 93,
            "no_price": 7,
            "taker_side": "yes"
        },
        {
            "trade_id": "b33943eb-e783-4857-a635-eb45f40bf90a",
            "ticker": "KXHIGHDEN-24DEC24-B52.5",
            "count": 11,
            "created_time": "2024-12-24T23:17:08.767345Z",
            "yes_price": 75,
            "no_price": 25,
            "taker_side": "yes"
        },
        {
            "trade_id": "ad485a6e-abe2-40fa-8008-ab481810be9f",
            "ticker": "KXHIGHDEN-24DEC24-B52.5",
            "count": 40,
            "created_time": "2024-12-24T23:17:08.767345Z",
            "yes_price": 93,
            "no_price": 7,
            "taker_side": "yes"
        },
        {
            "trade_id": "753d6743-0ece-4209-8abf-76803f62a09c",
            "ticker": "KXHIGHDEN-24DEC24-B52.5",
            "count": 40,
            "created_time": "2024-12-24T23:17:08.767345Z",
            "yes_price": 93,
            "no_price": 7,
            "taker_side": "yes"
        },
        {
            "trade_id": "6467bea6-db69-4989-a9ba-f5e4faa21892",
            "ticker": "KXHIGHDEN-24DEC24-B52.5",
            "count": 40,
            "created_time": "2024-12-24T23:17:08.767345Z",
            "yes_price": 94,
            "no_price": 6,
            "taker_side": "yes"
        },
        {
            "trade_id": "23f7285b-0f0e-4f55-9042-077f6899c163",
            "ticker": "KXHIGHDEN-24DEC24-B52.5",
            "count": 45,
            "created_time": "2024-12-24T23:17:08.767345Z",
            "yes_price": 90,
            "no_price": 10,
            "taker_side": "yes"
        },
        {
            "trade_id": "03bc7d2f-bc8e-48d6-a48f-ea1c6abebfa2",
            "ticker": "KXHIGHDEN-24DEC24-B52.5",
            "count": 23,
            "created_time": "2024-12-24T23:17:08.767345Z",
            "yes_price": 84,
            "no_price": 16,
            "taker_side": "yes"
        },
        {
            "trade_id": "2723eac6-c351-4e0b-9ce3-edc4261e3c8e",
            "ticker": "KXHIGHDEN-24DEC24-B52.5",
            "count": 68,
            "created_time": "2024-12-24T23:14:44.433641Z",
            "yes_price": 74,
            "no_price": 26,
            "taker_side": "no"
        },
        {
            "trade_id": "fb5679d4-5c1f-4989-929e-a4bb1e0f3111",
            "ticker": "KXHIGHDEN-24DEC24-B52.5",
            "count": 10,
            "created_time": "2024-12-24T23:13:43.028916Z",
            "yes_price": 74,
            "no_price": 26,
            "taker_side": "yes"
        },
        {
            "trade_id": "bac5916c-0cbc-49a2-9487-add703ddd726",
            "ticker": "KXHIGHDEN-24DEC24-B52.5",
            "count": 11,
            "created_time": "2024-12-24T23:13:43.028916Z",
            "yes_price": 74,
            "no_price": 26,
            "taker_side": "yes"
        },
        {
            "trade_id": "56654f6b-4b55-40cb-8604-6b64fe282748",
            "ticker": "KXHIGHDEN-24DEC24-B52.5",
            "count": 11,
            "created_time": "2024-12-24T23:13:43.028916Z",
            "yes_price": 74,
            "no_price": 26,
            "taker_side": "yes"
        },
        {
            "trade_id": "6cd4c909-f86c-4910-bcf4-674534234b5e",
            "ticker": "KXHIGHDEN-24DEC24-B52.5",
            "count": 6,
            "created_time": "2024-12-24T23:06:26.817309Z",
            "yes_price": 71,
            "no_price": 29,
            "taker_side": "yes"
        },
        {
            "trade_id": "f05ab38f-5649-440c-86a1-38b21b7d7353",
            "ticker": "KXHIGHDEN-24DEC24-B52.5",
            "count": 26,
            "created_time": "2024-12-24T23:06:18.693779Z",
            "yes_price": 71,
            "no_price": 29,
            "taker_side": "yes"
        },
        {
            "trade_id": "34e79418-c0e6-431e-87a3-7a585e8aa153",
            "ticker": "KXHIGHDEN-24DEC24-B52.5",
            "count": 10,
            "created_time": "2024-12-24T23:05:43.077064Z",
            "yes_price": 65,
            "no_price": 35,
            "taker_side": "yes"
        },
        {
            "trade_id": "da521509-e58f-4438-97a7-1a48558d2a60",
            "ticker": "KXHIGHDEN-24DEC24-B52.5",
            "count": 10,
            "created_time": "2024-12-24T22:54:42.786487Z",
            "yes_price": 59,
            "no_price": 41,
            "taker_side": "no"
        },
        {
            "trade_id": "49fc7cf8-bfdf-47b4-8cfe-f5374919accd",
            "ticker": "KXHIGHDEN-24DEC24-B52.5",
            "count": 33,
            "created_time": "2024-12-24T22:54:42.786487Z",
            "yes_price": 58,
            "no_price": 42,
            "taker_side": "no"
        },
        {
            "trade_id": "b668f010-ba43-4282-81a0-076719b5013e",
            "ticker": "KXHIGHDEN-24DEC24-B52.5",
            "count": 32,
            "created_time": "2024-12-24T22:53:17.766528Z",
            "yes_price": 73,
            "no_price": 27,
            "taker_side": "yes"
        },
        {
            "trade_id": "83f60cda-9915-4b7d-a612-84884685ca27",
            "ticker": "KXHIGHDEN-24DEC24-B52.5",
            "count": 8,
            "created_time": "2024-12-24T22:53:17.766528Z",
            "yes_price": 74,
            "no_price": 26,
            "taker_side": "yes"
        },
        {
            "trade_id": "306ea96b-cdd7-48a8-abdf-08677d7bca35",
            "ticker": "KXHIGHDEN-24DEC24-B52.5",
            "count": 12,
            "created_time": "2024-12-24T22:53:17.766528Z",
            "yes_price": 74,
            "no_price": 26,
            "taker_side": "yes"
        },
        {
            "trade_id": "1458c01f-a751-4e8b-a454-71ddc24d259f",
            "ticker": "KXHIGHDEN-24DEC24-B52.5",
            "count": 14,
            "created_time": "2024-12-24T22:53:17.766528Z",
            "yes_price": 74,
            "no_price": 26,
            "taker_side": "yes"
        },
        {
            "trade_id": "e8a04590-6e84-4714-a9e8-a4762036163c",
            "ticker": "KXHIGHDEN-24DEC24-B52.5",
            "count": 80,
            "created_time": "2024-12-24T22:53:13.456795Z",
            "yes_price": 72,
            "no_price": 28,
            "taker_side": "no"
        },
        {
            "trade_id": "d597851b-a646-4ba0-a423-66d5e259563a",
            "ticker": "KXHIGHDEN-24DEC24-B52.5",
            "count": 10,
            "created_time": "2024-12-24T22:52:35.297139Z",
            "yes_price": 73,
            "no_price": 27,
            "taker_side": "yes"
        },
        {
            "trade_id": "86213eb6-f45c-4bcb-a675-21f1ea6a1e8e",
            "ticker": "KXHIGHDEN-24DEC24-B52.5",
            "count": 10,
            "created_time": "2024-12-24T22:51:54.705446Z",
            "yes_price": 72,
            "no_price": 28,
            "taker_side": "yes"
        },
        {
            "trade_id": "75dd4089-b129-4c15-8457-91efd4df2060",
            "ticker": "KXHIGHDEN-24DEC24-B52.5",
            "count": 10,
            "created_time": "2024-12-24T22:51:54.705446Z",
            "yes_price": 72,
            "no_price": 28,
            "taker_side": "yes"
        },
        {
            "trade_id": "fa5fe00c-64fd-4991-83d9-972801a9db63",
            "ticker": "KXHIGHDEN-24DEC24-B52.5",
            "count": 10,
            "created_time": "2024-12-24T22:48:32.585392Z",
            "yes_price": 57,
            "no_price": 43,
            "taker_side": "no"
        },
        {
            "trade_id": "d4aa08db-dc2d-4083-bd77-59e343647837",
            "ticker": "KXHIGHDEN-24DEC24-B52.5",
            "count": 3,
            "created_time": "2024-12-24T22:47:56.918254Z",
            "yes_price": 72,
            "no_price": 28,
            "taker_side": "no"
        },
        {
            "trade_id": "bb236110-48b2-4c46-8737-0a5678d2f84b",
            "ticker": "KXHIGHDEN-24DEC24-B52.5",
            "count": 1,
            "created_time": "2024-12-24T22:47:52.400296Z",
            "yes_price": 72,
            "no_price": 28,
            "taker_side": "no"
        },
        {
            "trade_id": "ae60a15d-8e85-435a-b761-cf040b5ce672",
            "ticker": "KXHIGHDEN-24DEC24-B52.5",
            "count": 1,
            "created_time": "2024-12-24T22:47:52.32707Z",
            "yes_price": 72,
            "no_price": 28,
            "taker_side": "no"
        },
        {
            "trade_id": "cd9f2a97-579d-4609-8536-a96ecc0a8eba",
            "ticker": "KXHIGHDEN-24DEC24-B52.5",
            "count": 1,
            "created_time": "2024-12-24T22:47:52.239464Z",
            "yes_price": 72,
            "no_price": 28,
            "taker_side": "yes"
        },
        {
            "trade_id": "ec5e358a-ba1e-40ae-87cb-0d90db5025cc",
            "ticker": "KXHIGHDEN-24DEC24-B52.5",
            "count": 86,
            "created_time": "2024-12-24T22:46:10.359077Z",
            "yes_price": 57,
            "no_price": 43,
            "taker_side": "no"
        },
        {
            "trade_id": "ea729ae1-8daf-4ef2-8aae-5b2502b2ad02",
            "ticker": "KXHIGHDEN-24DEC24-B52.5",
            "count": 26,
            "created_time": "2024-12-24T22:46:10.359077Z",
            "yes_price": 58,
            "no_price": 42,
            "taker_side": "no"
        },
        {
            "trade_id": "2cd3ff90-5ad8-4f02-8f13-7b66b009849a",
            "ticker": "KXHIGHDEN-24DEC24-B52.5",
            "count": 1,
            "created_time": "2024-12-24T22:45:06.608008Z",
            "yes_price": 72,
            "no_price": 28,
            "taker_side": "yes"
        },
        {
            "trade_id": "e7c58e4a-9262-4524-a4e9-8d6b7a444169",
            "ticker": "KXHIGHDEN-24DEC24-B52.5",
            "count": 154,
            "created_time": "2024-12-24T22:44:19.942396Z",
            "yes_price": 66,
            "no_price": 34,
            "taker_side": "no"
        },
        {
            "trade_id": "9aecdada-1f2b-4cfb-99be-b1316c7837d4",
            "ticker": "KXHIGHDEN-24DEC24-B52.5",
            "count": 79,
            "created_time": "2024-12-24T22:44:19.942396Z",
            "yes_price": 65,
            "no_price": 35,
            "taker_side": "no"
        },
        {
            "trade_id": "bc6204b0-52b2-437b-b569-0f9260a05f6c",
            "ticker": "KXHIGHDEN-24DEC24-B52.5",
            "count": 737,
            "created_time": "2024-12-24T22:40:22.254452Z",
            "yes_price": 72,
            "no_price": 28,
            "taker_side": "no"
        },
        {
            "trade_id": "784623b4-dbd7-40ee-b629-b4756618d1fc",
            "ticker": "KXHIGHDEN-24DEC24-B52.5",
            "count": 10,
            "created_time": "2024-12-24T22:40:22.251653Z",
            "yes_price": 72,
            "no_price": 28,
            "taker_side": "no"
        },
        {
            "trade_id": "3cab8f93-6fc7-45ef-bb6e-e701567703f6",
            "ticker": "KXHIGHDEN-24DEC24-B52.5",
            "count": 20,
            "created_time": "2024-12-24T22:40:22.182258Z",
            "yes_price": 72,
            "no_price": 28,
            "taker_side": "no"
        },
        {
            "trade_id": "546c8b26-d847-42c8-bc82-b72254c4e4db",
            "ticker": "KXHIGHDEN-24DEC24-B52.5",
            "count": 10,
            "created_time": "2024-12-24T22:40:22.105611Z",
            "yes_price": 72,
            "no_price": 28,
            "taker_side": "yes"
        },
        {
            "trade_id": "6865abab-5854-4567-81c0-5d95744ee77c",
            "ticker": "KXHIGHDEN-24DEC24-B52.5",
            "count": 30,
            "created_time": "2024-12-24T22:40:11.176306Z",
            "yes_price": 57,
            "no_price": 43,
            "taker_side": "no"
        },
        {
            "trade_id": "a4b02908-7e25-49b6-9f1d-57b243321cfb",
            "ticker": "KXHIGHDEN-24DEC24-B52.5",
            "count": 2,
            "created_time": "2024-12-24T22:36:37.146194Z",
            "yes_price": 70,
            "no_price": 30,
            "taker_side": "no"
        },
        {
            "trade_id": "94f2c782-dd50-4e06-bb34-d9b7a99c5463",
            "ticker": "KXHIGHDEN-24DEC24-B52.5",
            "count": 171,
            "created_time": "2024-12-24T22:31:10.09629Z",
            "yes_price": 72,
            "no_price": 28,
            "taker_side": "yes"
        },
        {
            "trade_id": "60eaa9e6-2508-48d2-8b88-908dff48faea",
            "ticker": "KXHIGHDEN-24DEC24-B52.5",
            "count": 27,
            "created_time": "2024-12-24T22:31:10.09629Z",
            "yes_price": 72,
            "no_price": 28,
            "taker_side": "yes"
        },
        {
            "trade_id": "150c5473-dce1-4cbe-ad3d-a5396fb25194",
            "ticker": "KXHIGHDEN-24DEC24-B52.5",
            "count": 58,
            "created_time": "2024-12-24T22:31:10.09629Z",
            "yes_price": 73,
            "no_price": 27,
            "taker_side": "yes"
        },
        {
            "trade_id": "b3bcc198-0305-473e-bc9c-7c83b4a59ea2",
            "ticker": "KXHIGHDEN-24DEC24-B52.5",
            "count": 2,
            "created_time": "2024-12-24T22:30:10.207362Z",
            "yes_price": 72,
            "no_price": 28,
            "taker_side": "yes"
        },
        {
            "trade_id": "6039bb57-2e01-402b-820a-5f4a73632351",
            "ticker": "KXHIGHDEN-24DEC24-B52.5",
            "count": 4,
            "created_time": "2024-12-24T22:30:10.207362Z",
            "yes_price": 71,
            "no_price": 29,
            "taker_side": "yes"
        },
        {
            "trade_id": "2610b705-ca37-4ee9-a4f5-954e7e205216",
            "ticker": "KXHIGHDEN-24DEC24-B52.5",
            "count": 6,
            "created_time": "2024-12-24T22:30:10.207362Z",
            "yes_price": 71,
            "no_price": 29,
            "taker_side": "yes"
        },
        {
            "trade_id": "61bf3792-6457-4ac2-8517-bd195523dbf1",
            "ticker": "KXHIGHDEN-24DEC24-B52.5",
            "count": 8,
            "created_time": "2024-12-24T22:22:47.380399Z",
            "yes_price": 53,
            "no_price": 47,
            "taker_side": "yes"
        },
        {
            "trade_id": "a57746d4-b86d-4464-b6fc-505f6d6cda34",
            "ticker": "KXHIGHDEN-24DEC24-B52.5",
            "count": 134,
            "created_time": "2024-12-24T22:22:17.224515Z",
            "yes_price": 53,
            "no_price": 47,
            "taker_side": "no"
        },
        {
            "trade_id": "8b654bec-9d1c-4d1a-a934-706bf9089925",
            "ticker": "KXHIGHDEN-24DEC24-B52.5",
            "count": 12,
            "created_time": "2024-12-24T22:22:17.224515Z",
            "yes_price": 53,
            "no_price": 47,
            "taker_side": "no"
        },
        {
            "trade_id": "3027cabf-008e-4eb3-8a74-672ccf6ba092",
            "ticker": "KXHIGHDEN-24DEC24-B52.5",
            "count": 150,
            "created_time": "2024-12-24T22:22:17.224515Z",
            "yes_price": 52,
            "no_price": 48,
            "taker_side": "no"
        },
        {
            "trade_id": "1901dd77-19fd-49a3-a791-3a2acf867488",
            "ticker": "KXHIGHDEN-24DEC24-B52.5",
            "count": 4,
            "created_time": "2024-12-24T22:22:17.224515Z",
            "yes_price": 50,
            "no_price": 50,
            "taker_side": "no"
        },
        {
            "trade_id": "983cebd2-111f-4af6-ad82-0beb770181a8",
            "ticker": "KXHIGHDEN-24DEC24-B52.5",
            "count": 15,
            "created_time": "2024-12-24T22:21:41.852704Z",
            "yes_price": 53,
            "no_price": 47,
            "taker_side": "no"
        },
        {
            "trade_id": "d22a5213-e93c-4ed7-b738-d1a03da93d8f",
            "ticker": "KXHIGHDEN-24DEC24-B52.5",
            "count": 2,
            "created_time": "2024-12-24T22:21:23.843332Z",
            "yes_price": 53,
            "no_price": 47,
            "taker_side": "no"
        },
        {
            "trade_id": "a702c3a1-762e-428d-a63a-1c0ed5ee0311",
            "ticker": "KXHIGHDEN-24DEC24-B52.5",
            "count": 2,
            "created_time": "2024-12-24T22:21:23.843332Z",
            "yes_price": 53,
            "no_price": 47,
            "taker_side": "no"
        },
        {
            "trade_id": "00c16d70-eb8c-44a4-81f6-ff00393b1073",
            "ticker": "KXHIGHDEN-24DEC24-B52.5",
            "count": 16,
            "created_time": "2024-12-24T22:21:23.843332Z",
            "yes_price": 53,
            "no_price": 47,
            "taker_side": "no"
        },
        {
            "trade_id": "7ca0fe58-6821-48a9-bebc-72ca57d8a21a",
            "ticker": "KXHIGHDEN-24DEC24-B52.5",
            "count": 86,
            "created_time": "2024-12-24T22:20:18.872422Z",
            "yes_price": 55,
            "no_price": 45,
            "taker_side": "yes"
        },
        {
            "trade_id": "b2bd2093-1880-40f8-a257-63a54f3b8c67",
            "ticker": "KXHIGHDEN-24DEC24-B52.5",
            "count": 19,
            "created_time": "2024-12-24T22:20:17.409194Z",
            "yes_price": 55,
            "no_price": 45,
            "taker_side": "no"
        },
        {
            "trade_id": "f27f8853-4f1b-48fa-a4a6-d9b6b0a5afcf",
            "ticker": "KXHIGHDEN-24DEC24-B52.5",
            "count": 1,
            "created_time": "2024-12-24T22:18:59.529722Z",
            "yes_price": 55,
            "no_price": 45,
            "taker_side": "no"
        },
        {
            "trade_id": "bc92991a-4648-4c1b-91d3-82d53644ae53",
            "ticker": "KXHIGHDEN-24DEC24-B52.5",
            "count": 9,
            "created_time": "2024-12-24T22:18:35.355585Z",
            "yes_price": 69,
            "no_price": 31,
            "taker_side": "yes"
        },
        {
            "trade_id": "9ce4ed52-1ee6-4e66-aefa-14f09ec258d3",
            "ticker": "KXHIGHDEN-24DEC24-B52.5",
            "count": 153,
            "created_time": "2024-12-24T22:18:35.355585Z",
            "yes_price": 69,
            "no_price": 31,
            "taker_side": "yes"
        },
        {
            "trade_id": "9c18e683-f3eb-40eb-ac2f-9b4b7350a3dd",
            "ticker": "KXHIGHDEN-24DEC24-B52.5",
            "count": 2,
            "created_time": "2024-12-24T22:18:35.355585Z",
            "yes_price": 68,
            "no_price": 32,
            "taker_side": "yes"
        },
        {
            "trade_id": "32ce98e6-70df-4732-a37d-175718fdc4b9",
            "ticker": "KXHIGHDEN-24DEC24-B52.5",
            "count": 118,
            "created_time": "2024-12-24T22:18:35.355585Z",
            "yes_price": 70,
            "no_price": 30,
            "taker_side": "yes"
        },
        {
            "trade_id": "ecd75e7c-78c5-48db-93b1-db77118301ea",
            "ticker": "KXHIGHDEN-24DEC24-B52.5",
            "count": 100,
            "created_time": "2024-12-24T22:15:34.229331Z",
            "yes_price": 67,
            "no_price": 33,
            "taker_side": "yes"
        },
        {
            "trade_id": "d2377180-5953-4081-a641-e1f506bc3d16",
            "ticker": "KXHIGHDEN-24DEC24-B52.5",
            "count": 44,
            "created_time": "2024-12-24T22:14:14.076819Z",
            "yes_price": 70,
            "no_price": 30,
            "taker_side": "yes"
        },
        {
            "trade_id": "ce774e5b-8b44-4eaf-935a-6c7b16ce77ab",
            "ticker": "KXHIGHDEN-24DEC24-B52.5",
            "count": 40,
            "created_time": "2024-12-24T22:14:14.076819Z",
            "yes_price": 70,
            "no_price": 30,
            "taker_side": "yes"
        },
        {
            "trade_id": "8fad55b4-3af9-4a0e-8031-d2a23645c6c6",
            "ticker": "KXHIGHDEN-24DEC24-B52.5",
            "count": 8,
            "created_time": "2024-12-24T22:14:14.076819Z",
            "yes_price": 71,
            "no_price": 29,
            "taker_side": "yes"
        },
        {
            "trade_id": "0a506cf4-b5bd-4889-a914-4c3b7d714887",
            "ticker": "KXHIGHDEN-24DEC24-B52.5",
            "count": 8,
            "created_time": "2024-12-24T22:14:14.076819Z",
            "yes_price": 70,
            "no_price": 30,
            "taker_side": "yes"
        },
        {
            "trade_id": "15f4e49b-ab03-4128-a0e0-eb76662b9a32",
            "ticker": "KXHIGHDEN-24DEC24-B52.5",
            "count": 16,
            "created_time": "2024-12-24T22:12:02.343188Z",
            "yes_price": 60,
            "no_price": 40,
            "taker_side": "no"
        },
        {
            "trade_id": "094fc5dc-271d-4f59-a567-0dbb55d17a8f",
            "ticker": "KXHIGHDEN-24DEC24-B52.5",
            "count": 24,
            "created_time": "2024-12-24T22:11:47.51441Z",
            "yes_price": 60,
            "no_price": 40,
            "taker_side": "no"
        },
        {
            "trade_id": "fc0c5191-18a2-4c56-b672-ad61d3a8729b",
            "ticker": "KXHIGHDEN-24DEC24-B52.5",
            "count": 119,
            "created_time": "2024-12-24T22:11:45.756841Z",
            "yes_price": 60,
            "no_price": 40,
            "taker_side": "no"
        },
        {
            "trade_id": "3937233a-266e-4b7d-b80d-9da3c507077e",
            "ticker": "KXHIGHDEN-24DEC24-B52.5",
            "count": 27,
            "created_time": "2024-12-24T22:11:36.545832Z",
            "yes_price": 61,
            "no_price": 39,
            "taker_side": "no"
        },
        {
            "trade_id": "4b057085-49cb-405e-9ad3-c064f49837a2",
            "ticker": "KXHIGHDEN-24DEC24-B52.5",
            "count": 200,
            "created_time": "2024-12-24T22:10:02.593716Z",
            "yes_price": 70,
            "no_price": 30,
            "taker_side": "yes"
        },
        {
            "trade_id": "bb32bb66-0189-4ff7-93de-230b8dbd6d57",
            "ticker": "KXHIGHDEN-24DEC24-B52.5",
            "count": 10,
            "created_time": "2024-12-24T22:09:51.807023Z",
            "yes_price": 76,
            "no_price": 24,
            "taker_side": "yes"
        },
        {
            "trade_id": "88ad45e0-e6e6-4e6b-a8a2-c038a1a1aae6",
            "ticker": "KXHIGHDEN-24DEC24-B52.5",
            "count": 25,
            "created_time": "2024-12-24T22:09:39.57727Z",
            "yes_price": 76,
            "no_price": 24,
            "taker_side": "yes"
        },
        {
            "trade_id": "ec71de87-9f9c-49a3-a8ab-c23c2e05ff3c",
            "ticker": "KXHIGHDEN-24DEC24-B52.5",
            "count": 104,
            "created_time": "2024-12-24T22:09:34.044582Z",
            "yes_price": 65,
            "no_price": 35,
            "taker_side": "no"
        },
        {
            "trade_id": "ab8b338d-1d33-4916-bfb2-70ba164cd2df",
            "ticker": "KXHIGHDEN-24DEC24-B52.5",
            "count": 25,
            "created_time": "2024-12-24T22:09:34.044582Z",
            "yes_price": 66,
            "no_price": 34,
            "taker_side": "no"
        },
        {
            "trade_id": "294e8f21-4ef8-4246-993e-edf48e2ed564",
            "ticker": "KXHIGHDEN-24DEC24-B52.5",
            "count": 8,
            "created_time": "2024-12-24T22:09:34.044582Z",
            "yes_price": 66,
            "no_price": 34,
            "taker_side": "no"
        },
        {
            "trade_id": "5f0c5b18-f744-409d-a5a1-71deb78361f6",
            "ticker": "KXHIGHDEN-24DEC24-B52.5",
            "count": 205,
            "created_time": "2024-12-24T22:08:06.601593Z",
            "yes_price": 76,
            "no_price": 24,
            "taker_side": "no"
        },
        {
            "trade_id": "f85e523c-0547-4e5b-9699-9f132079d223",
            "ticker": "KXHIGHDEN-24DEC24-B52.5",
            "count": 444,
            "created_time": "2024-12-24T22:08:06.52344Z",
            "yes_price": 75,
            "no_price": 25,
            "taker_side": "yes"
        },
        {
            "trade_id": "c72c4d4e-d3ee-4d41-b62f-0f953d933362",
            "ticker": "KXHIGHDEN-24DEC24-B52.5",
            "count": 151,
            "created_time": "2024-12-24T22:08:06.52344Z",
            "yes_price": 76,
            "no_price": 24,
            "taker_side": "yes"
        },
        {
            "trade_id": "3a9c1540-1116-4c8c-9836-9525f9673c07",
            "ticker": "KXHIGHDEN-24DEC24-B52.5",
            "count": 200,
            "created_time": "2024-12-24T22:08:06.52344Z",
            "yes_price": 75,
            "no_price": 25,
            "taker_side": "yes"
        },
        {
            "trade_id": "b58dac1a-2dce-4659-be82-1225ff1a0e86",
            "ticker": "KXHIGHDEN-24DEC24-B52.5",
            "count": 9,
            "created_time": "2024-12-24T22:07:28.713347Z",
            "yes_price": 73,
            "no_price": 27,
            "taker_side": "yes"
        },
        {
            "trade_id": "695696fa-f7d2-4017-81bc-091088049a02",
            "ticker": "KXHIGHDEN-24DEC24-B52.5",
            "count": 100,
            "created_time": "2024-12-24T22:07:28.713347Z",
            "yes_price": 75,
            "no_price": 25,
            "taker_side": "yes"
        },
        {
            "trade_id": "539f0aaa-8519-49e8-9862-3124c26131d2",
            "ticker": "KXHIGHDEN-24DEC24-B52.5",
            "count": 73,
            "created_time": "2024-12-24T22:07:28.713347Z",
            "yes_price": 75,
            "no_price": 25,
            "taker_side": "yes"
        },
        {
            "trade_id": "277c0298-e93f-4b9a-aa6c-6af66e82f55e",
            "ticker": "KXHIGHDEN-24DEC24-B52.5",
            "count": 8,
            "created_time": "2024-12-24T22:07:08.2278Z",
            "yes_price": 74,
            "no_price": 26,
            "taker_side": "no"
        },
        {
            "trade_id": "8161ea62-fea7-44d0-a1f3-7651794b2085",
            "ticker": "KXHIGHDEN-24DEC24-B52.5",
            "count": 125,
            "created_time": "2024-12-24T22:07:07.686883Z",
            "yes_price": 74,
            "no_price": 26,
            "taker_side": "no"
        },
        {
            "trade_id": "6f245c96-3694-41ae-a1cf-2da1ca28692b",
            "ticker": "KXHIGHDEN-24DEC24-B52.5",
            "count": 4,
            "created_time": "2024-12-24T22:07:07.550444Z",
            "yes_price": 74,
            "no_price": 26,
            "taker_side": "no"
        },
        {
            "trade_id": "e437cab8-8ab6-429c-8a27-57845b62e835",
            "ticker": "KXHIGHDEN-24DEC24-B52.5",
            "count": 4,
            "created_time": "2024-12-24T22:07:07.543033Z",
            "yes_price": 74,
            "no_price": 26,
            "taker_side": "no"
        },
        {
            "trade_id": "6f9affa2-ec2d-4ad2-a434-9dbd55e5363f",
            "ticker": "KXHIGHDEN-24DEC24-B52.5",
            "count": 4,
            "created_time": "2024-12-24T22:07:07.539529Z",
            "yes_price": 74,
            "no_price": 26,
            "taker_side": "no"
        },
        {
            "trade_id": "c435ff0d-8c07-4dca-a94a-5b4b2baba9a7",
            "ticker": "KXHIGHDEN-24DEC24-B52.5",
            "count": 34,
            "created_time": "2024-12-24T22:07:07.4727Z",
            "yes_price": 67,
            "no_price": 33,
            "taker_side": "yes"
        },
        {
            "trade_id": "c15956e0-ac21-47e9-b557-9c69ac3d04db",
            "ticker": "KXHIGHDEN-24DEC24-B52.5",
            "count": 1000,
            "created_time": "2024-12-24T22:07:07.4727Z",
            "yes_price": 74,
            "no_price": 26,
            "taker_side": "yes"
        },
        {
            "trade_id": "9b980bb5-be8e-4330-a221-e55a27863a6b",
            "ticker": "KXHIGHDEN-24DEC24-B52.5",
            "count": 28,
            "created_time": "2024-12-24T22:07:07.4727Z",
            "yes_price": 67,
            "no_price": 33,
            "taker_side": "yes"
        },
        {
            "trade_id": "753f85dd-7a12-42db-9705-588b6d5801cc",
            "ticker": "KXHIGHDEN-24DEC24-B52.5",
            "count": 151,
            "created_time": "2024-12-24T22:07:07.4727Z",
            "yes_price": 67,
            "no_price": 33,
            "taker_side": "yes"
        },
        {
            "trade_id": "64655cf5-6ddd-4270-b590-fb51eff774c9",
            "ticker": "KXHIGHDEN-24DEC24-B52.5",
            "count": 501,
            "created_time": "2024-12-24T22:07:07.4727Z",
            "yes_price": 73,
            "no_price": 27,
            "taker_side": "yes"
        },
        {
            "trade_id": "627d9861-ac89-4a4b-819b-3b1befb49f1b",
            "ticker": "KXHIGHDEN-24DEC24-B52.5",
            "count": 40,
            "created_time": "2024-12-24T22:07:07.4727Z",
            "yes_price": 67,
            "no_price": 33,
            "taker_side": "yes"
        },
        {
            "trade_id": "511d388e-5220-4739-ac9b-a4b0005f4271",
            "ticker": "KXHIGHDEN-24DEC24-B52.5",
            "count": 40,
            "created_time": "2024-12-24T22:07:07.4727Z",
            "yes_price": 66,
            "no_price": 34,
            "taker_side": "yes"
        },
        {
            "trade_id": "42838100-2a22-4c89-b633-b326f075c707",
            "ticker": "KXHIGHDEN-24DEC24-B52.5",
            "count": 40,
            "created_time": "2024-12-24T22:07:07.4727Z",
            "yes_price": 74,
            "no_price": 26,
            "taker_side": "yes"
        },
        {
            "trade_id": "3a20aabc-05cc-48b2-84d0-1b5f524ad2b3",
            "ticker": "KXHIGHDEN-24DEC24-B52.5",
            "count": 12,
            "created_time": "2024-12-24T22:07:07.4727Z",
            "yes_price": 65,
            "no_price": 35,
            "taker_side": "yes"
        },
        {
            "trade_id": "0c2a94e7-4a52-466f-bee1-f2241fdb5cae",
            "ticker": "KXHIGHDEN-24DEC24-B52.5",
            "count": 9,
            "created_time": "2024-12-24T22:07:07.4727Z",
            "yes_price": 69,
            "no_price": 31,
            "taker_side": "yes"
        },
        {
            "trade_id": "fcb9d3f5-2182-49a7-bd8f-4aedbea0064f",
            "ticker": "KXHIGHDEN-24DEC24-B52.5",
            "count": 40,
            "created_time": "2024-12-24T22:06:38.564242Z",
            "yes_price": 62,
            "no_price": 38,
            "taker_side": "yes"
        },
        {
            "trade_id": "6e2c4306-1c51-401e-a09e-33f7b0dcd463",
            "ticker": "KXHIGHDEN-24DEC24-B52.5",
            "count": 40,
            "created_time": "2024-12-24T22:06:38.564242Z",
            "yes_price": 62,
            "no_price": 38,
            "taker_side": "yes"
        },
        {
            "trade_id": "bc9c271b-ec57-4239-ac18-390c2682b25f",
            "ticker": "KXHIGHDEN-24DEC24-B52.5",
            "count": 151,
            "created_time": "2024-12-24T22:06:11.755873Z",
            "yes_price": 58,
            "no_price": 42,
            "taker_side": "yes"
        },
        {
            "trade_id": "a13ec020-8379-4c3d-9d6e-3409465c7ef8",
            "ticker": "KXHIGHDEN-24DEC24-B52.5",
            "count": 134,
            "created_time": "2024-12-24T22:06:11.755873Z",
            "yes_price": 58,
            "no_price": 42,
            "taker_side": "yes"
        },
        {
            "trade_id": "94c322e0-bc9f-49be-877c-060e6e19c7e1",
            "ticker": "KXHIGHDEN-24DEC24-B52.5",
            "count": 10,
            "created_time": "2024-12-24T22:06:11.755873Z",
            "yes_price": 58,
            "no_price": 42,
            "taker_side": "yes"
        },
        {
            "trade_id": "13407847-4dab-4396-83ab-223a06ecb1dc",
            "ticker": "KXHIGHDEN-24DEC24-B52.5",
            "count": 12,
            "created_time": "2024-12-24T22:04:16.172136Z",
            "yes_price": 51,
            "no_price": 49,
            "taker_side": "yes"
        },
        {
            "trade_id": "fece4ec9-49b6-429b-a576-08853bf5ccd2",
            "ticker": "KXHIGHDEN-24DEC24-B52.5",
            "count": 11,
            "created_time": "2024-12-24T22:04:11.049326Z",
            "yes_price": 51,
            "no_price": 49,
            "taker_side": "yes"
        },
        {
            "trade_id": "ea150537-e1e1-4a6e-98de-d39db4f3203d",
            "ticker": "KXHIGHDEN-24DEC24-B52.5",
            "count": 5,
            "created_time": "2024-12-24T22:04:11.049326Z",
            "yes_price": 51,
            "no_price": 49,
            "taker_side": "yes"
        },
        {
            "trade_id": "92a20b30-b98c-4be1-b57b-efba32efe5e9",
            "ticker": "KXHIGHDEN-24DEC24-B52.5",
            "count": 9,
            "created_time": "2024-12-24T22:03:59.499261Z",
            "yes_price": 51,
            "no_price": 49,
            "taker_side": "yes"
        },
        {
            "trade_id": "6295c84d-a3af-497a-8ba0-f6ecb498a6b3",
            "ticker": "KXHIGHDEN-24DEC24-B52.5",
            "count": 9,
            "created_time": "2024-12-24T22:03:58.214974Z",
            "yes_price": 51,
            "no_price": 49,
            "taker_side": "yes"
        },
        {
            "trade_id": "aa7ccc76-034e-489e-80a3-7f62c0bc6fd8",
            "ticker": "KXHIGHDEN-24DEC24-B52.5",
            "count": 156,
            "created_time": "2024-12-24T22:03:19.453455Z",
            "yes_price": 50,
            "no_price": 50,
            "taker_side": "yes"
        },
        {
            "trade_id": "f28b8b56-b7de-485a-9495-96945ee1697d",
            "ticker": "KXHIGHDEN-24DEC24-B52.5",
            "count": 19,
            "created_time": "2024-12-24T22:02:25.2034Z",
            "yes_price": 49,
            "no_price": 51,
            "taker_side": "yes"
        },
        {
            "trade_id": "8ed75f68-9e25-49fd-8d48-f6987a7e59f6",
            "ticker": "KXHIGHDEN-24DEC24-B52.5",
            "count": 19,
            "created_time": "2024-12-24T22:01:55.473457Z",
            "yes_price": 42,
            "no_price": 58,
            "taker_side": "no"
        },
        {
            "trade_id": "06c91acf-8adc-4fbb-837a-03cb9323ea4f",
            "ticker": "KXHIGHDEN-24DEC24-B52.5",
            "count": 10,
            "created_time": "2024-12-24T22:01:55.344205Z",
            "yes_price": 43,
            "no_price": 57,
            "taker_side": "no"
        },
        {
            "trade_id": "e1f785ff-93f1-4705-8640-1b5ed1e2945e",
            "ticker": "KXHIGHDEN-24DEC24-B52.5",
            "count": 10,
            "created_time": "2024-12-24T22:01:52.561602Z",
            "yes_price": 42,
            "no_price": 58,
            "taker_side": "no"
        },
        {
            "trade_id": "a275d552-1e4f-42ee-80d8-1083f42b648e",
            "ticker": "KXHIGHDEN-24DEC24-B52.5",
            "count": 10,
            "created_time": "2024-12-24T22:01:52.551721Z",
            "yes_price": 42,
            "no_price": 58,
            "taker_side": "no"
        },
        {
            "trade_id": "3c0dc36c-2ba2-466a-8f55-3327fd2cb6de",
            "ticker": "KXHIGHDEN-24DEC24-B52.5",
            "count": 21,
            "created_time": "2024-12-24T22:01:51.674991Z",
            "yes_price": 42,
            "no_price": 58,
            "taker_side": "no"
        },
        {
            "trade_id": "41b02b04-58ba-401c-a2cb-06adfb049f86",
            "ticker": "KXHIGHDEN-24DEC24-B52.5",
            "count": 10,
            "created_time": "2024-12-24T22:01:40.96215Z",
            "yes_price": 35,
            "no_price": 65,
            "taker_side": "no"
        },
        {
            "trade_id": "fcadab4e-7463-45a2-93a3-10c7afaca1dc",
            "ticker": "KXHIGHDEN-24DEC24-B52.5",
            "count": 9,
            "created_time": "2024-12-24T21:58:10.990975Z",
            "yes_price": 34,
            "no_price": 66,
            "taker_side": "yes"
        },
        {
            "trade_id": "ed134a4e-f697-4b47-9667-80882efd1183",
            "ticker": "KXHIGHDEN-24DEC24-B52.5",
            "count": 363,
            "created_time": "2024-12-24T21:58:10.990975Z",
            "yes_price": 34,
            "no_price": 66,
            "taker_side": "yes"
        },
        {
            "trade_id": "3668cd15-f98d-425e-9505-ade892219344",
            "ticker": "KXHIGHDEN-24DEC24-B52.5",
            "count": 100,
            "created_time": "2024-12-24T21:58:10.990975Z",
            "yes_price": 35,
            "no_price": 65,
            "taker_side": "yes"
        },
        {
            "trade_id": "ed245bf0-3464-4903-8928-9540e1e9c3aa",
            "ticker": "KXHIGHDEN-24DEC24-B52.5",
            "count": 137,
            "created_time": "2024-12-24T21:57:40.098926Z",
            "yes_price": 34,
            "no_price": 66,
            "taker_side": "yes"
        },
        {
            "trade_id": "a4c28312-ed97-4283-85f7-1806701d72cb",
            "ticker": "KXHIGHDEN-24DEC24-B52.5",
            "count": 25,
            "created_time": "2024-12-24T21:57:40.098926Z",
            "yes_price": 33,
            "no_price": 67,
            "taker_side": "yes"
        },
        {
            "trade_id": "99db9bde-4fbf-4b79-a2e5-16246c86a5c0",
            "ticker": "KXHIGHDEN-24DEC24-B52.5",
            "count": 40,
            "created_time": "2024-12-24T21:57:40.098926Z",
            "yes_price": 33,
            "no_price": 67,
            "taker_side": "yes"
        },
        {
            "trade_id": "8080ed32-ded6-4d96-86a0-d748e75c8485",
            "ticker": "KXHIGHDEN-24DEC24-B52.5",
            "count": 23,
            "created_time": "2024-12-24T21:57:40.098926Z",
            "yes_price": 32,
            "no_price": 68,
            "taker_side": "yes"
        },
        {
            "trade_id": "358f88ee-8d74-41ee-865c-8f248c52f027",
            "ticker": "KXHIGHDEN-24DEC24-B52.5",
            "count": 12,
            "created_time": "2024-12-24T21:54:04.069973Z",
            "yes_price": 27,
            "no_price": 73,
            "taker_side": "no"
        },
        {
            "trade_id": "8440d136-a60e-4699-a2f9-31b51dfc416d",
            "ticker": "KXHIGHDEN-24DEC24-B52.5",
            "count": 53,
            "created_time": "2024-12-24T21:50:27.609405Z",
            "yes_price": 34,
            "no_price": 66,
            "taker_side": "yes"
        },
        {
            "trade_id": "a413f1eb-2338-41a7-97b4-9a3f89ced1fc",
            "ticker": "KXHIGHDEN-24DEC24-B52.5",
            "count": 10,
            "created_time": "2024-12-24T21:49:36.622005Z",
            "yes_price": 27,
            "no_price": 73,
            "taker_side": "no"
        },
        {
            "trade_id": "13d30ecb-ad8a-4aee-b4cc-1406d6e24dea",
            "ticker": "KXHIGHDEN-24DEC24-B52.5",
            "count": 5,
            "created_time": "2024-12-24T21:47:38.149477Z",
            "yes_price": 33,
            "no_price": 67,
            "taker_side": "yes"
        },
        {
            "trade_id": "51111992-5603-4902-946f-e860067f077a",
            "ticker": "KXHIGHDEN-24DEC24-B52.5",
            "count": 4,
            "created_time": "2024-12-24T21:41:06.423296Z",
            "yes_price": 23,
            "no_price": 77,
            "taker_side": "no"
        },
        {
            "trade_id": "c69b4b5a-f5a3-42cc-897b-a3318bd58ad4",
            "ticker": "KXHIGHDEN-24DEC24-B52.5",
            "count": 6,
            "created_time": "2024-12-24T21:38:05.887303Z",
            "yes_price": 23,
            "no_price": 77,
            "taker_side": "yes"
        },
        {
            "trade_id": "29dd2a78-37c3-4c20-8c78-61771827b1be",
            "ticker": "KXHIGHDEN-24DEC24-B52.5",
            "count": 20,
            "created_time": "2024-12-24T21:38:05.887303Z",
            "yes_price": 24,
            "no_price": 76,
            "taker_side": "yes"
        },
        {
            "trade_id": "d133803d-8cd0-4c59-8a46-5db4a19b35f1",
            "ticker": "KXHIGHDEN-24DEC24-B52.5",
            "count": 19,
            "created_time": "2024-12-24T21:37:00.483267Z",
            "yes_price": 24,
            "no_price": 76,
            "taker_side": "yes"
        },
        {
            "trade_id": "34dd886c-ea50-4b43-a2e6-f57e604ab352",
            "ticker": "KXHIGHDEN-24DEC24-B52.5",
            "count": 162,
            "created_time": "2024-12-24T21:35:42.652068Z",
            "yes_price": 18,
            "no_price": 82,
            "taker_side": "no"
        },
        {
            "trade_id": "dc1617ca-cbb2-4afa-83f2-545b41bff25b",
            "ticker": "KXHIGHDEN-24DEC24-B52.5",
            "count": 35,
            "created_time": "2024-12-24T21:35:37.375373Z",
            "yes_price": 19,
            "no_price": 81,
            "taker_side": "no"
        },
        {
            "trade_id": "e5ef67b5-059e-4d6f-923b-77ae155e7983",
            "ticker": "KXHIGHDEN-24DEC24-B52.5",
            "count": 50,
            "created_time": "2024-12-24T21:34:56.656687Z",
            "yes_price": 25,
            "no_price": 75,
            "taker_side": "no"
        },
        {
            "trade_id": "fae4f9cf-bb44-4f27-a5eb-61057f3cf237",
            "ticker": "KXHIGHDEN-24DEC24-B52.5",
            "count": 153,
            "created_time": "2024-12-24T21:33:46.948481Z",
            "yes_price": 26,
            "no_price": 74,
            "taker_side": "yes"
        },
        {
            "trade_id": "edde72b0-389c-4200-85b2-472a50329c49",
            "ticker": "KXHIGHDEN-24DEC24-B52.5",
            "count": 11,
            "created_time": "2024-12-24T21:32:47.004577Z",
            "yes_price": 25,
            "no_price": 75,
            "taker_side": "yes"
        },
        {
            "trade_id": "1c518be2-281e-42e3-b53c-d70f1ebf375e",
            "ticker": "KXHIGHDEN-24DEC24-B52.5",
            "count": 23,
            "created_time": "2024-12-24T21:32:35.712242Z",
            "yes_price": 25,
            "no_price": 75,
            "taker_side": "yes"
        },
        {
            "trade_id": "d2eebe6f-c337-4cdc-b325-43b5bd7d3c3d",
            "ticker": "KXHIGHDEN-24DEC24-B52.5",
            "count": 153,
            "created_time": "2024-12-24T21:32:20.761251Z",
            "yes_price": 27,
            "no_price": 73,
            "taker_side": "no"
        },
        {
            "trade_id": "ec8b0330-4a98-49e5-a4e5-8fad4fa77cce",
            "ticker": "KXHIGHDEN-24DEC24-B52.5",
            "count": 87,
            "created_time": "2024-12-24T21:32:16.6729Z",
            "yes_price": 29,
            "no_price": 71,
            "taker_side": "no"
        },
        {
            "trade_id": "ada7ee13-a338-43c1-934f-33ddb668c218",
            "ticker": "KXHIGHDEN-24DEC24-B52.5",
            "count": 21,
            "created_time": "2024-12-24T21:32:16.6729Z",
            "yes_price": 29,
            "no_price": 71,
            "taker_side": "no"
        },
        {
            "trade_id": "91052b7d-7505-4fb2-b52f-383bb6b9c257",
            "ticker": "KXHIGHDEN-24DEC24-B52.5",
            "count": 20,
            "created_time": "2024-12-24T21:27:26.434342Z",
            "yes_price": 34,
            "no_price": 66,
            "taker_side": "yes"
        },
        {
            "trade_id": "d12694f6-b08b-4b9c-b34c-89c4b86b851e",
            "ticker": "KXHIGHDEN-24DEC24-B52.5",
            "count": 55,
            "created_time": "2024-12-24T21:22:07.664577Z",
            "yes_price": 29,
            "no_price": 71,
            "taker_side": "yes"
        },
        {
            "trade_id": "631911a1-7ff5-42f8-98c6-01d07eeade4d",
            "ticker": "KXHIGHDEN-24DEC24-B52.5",
            "count": 156,
            "created_time": "2024-12-24T21:22:06.488914Z",
            "yes_price": 28,
            "no_price": 72,
            "taker_side": "yes"
        },
        {
            "trade_id": "ab16a738-613c-4f76-b0e9-c4ca9a4b43ea",
            "ticker": "KXHIGHDEN-24DEC24-B52.5",
            "count": 21,
            "created_time": "2024-12-24T21:22:05.568255Z",
            "yes_price": 27,
            "no_price": 73,
            "taker_side": "yes"
        },
        {
            "trade_id": "9f342609-7d34-430f-b5ee-c52d42746ed2",
            "ticker": "KXHIGHDEN-24DEC24-B52.5",
            "count": 148,
            "created_time": "2024-12-24T21:22:05.568255Z",
            "yes_price": 27,
            "no_price": 73,
            "taker_side": "yes"
        },
        {
            "trade_id": "94ea642c-909d-43eb-8e1f-b3c7eba0900c",
            "ticker": "KXHIGHDEN-24DEC24-B52.5",
            "count": 24,
            "created_time": "2024-12-24T21:20:03.194048Z",
            "yes_price": 24,
            "no_price": 76,
            "taker_side": "no"
        },
        {
            "trade_id": "43c5550e-e156-47be-9794-7bca7aae7959",
            "ticker": "KXHIGHDEN-24DEC24-B52.5",
            "count": 100,
            "created_time": "2024-12-24T21:19:28.695076Z",
            "yes_price": 27,
            "no_price": 73,
            "taker_side": "yes"
        },
        {
            "trade_id": "ac0f4f84-25f3-40c7-9230-045b47523c74",
            "ticker": "KXHIGHDEN-24DEC24-B52.5",
            "count": 67,
            "created_time": "2024-12-24T21:18:50.189628Z",
            "yes_price": 27,
            "no_price": 73,
            "taker_side": "no"
        },
        {
            "trade_id": "eb021aed-07c4-4971-837c-61c027fc0104",
            "ticker": "KXHIGHDEN-24DEC24-B52.5",
            "count": 128,
            "created_time": "2024-12-24T21:18:44.723166Z",
            "yes_price": 27,
            "no_price": 73,
            "taker_side": "no"
        },
        {
            "trade_id": "1401c2a5-f72b-48b5-8eb3-f10fc4f92df8",
            "ticker": "KXHIGHDEN-24DEC24-B52.5",
            "count": 31,
            "created_time": "2024-12-24T21:18:38.015126Z",
            "yes_price": 28,
            "no_price": 72,
            "taker_side": "no"
        },
        {
            "trade_id": "fe10ea59-f45e-49db-a94b-0522c76b3649",
            "ticker": "KXHIGHDEN-24DEC24-B52.5",
            "count": 68,
            "created_time": "2024-12-24T21:17:30.958009Z",
            "yes_price": 31,
            "no_price": 69,
            "taker_side": "yes"
        },
        {
            "trade_id": "db283109-cbe9-4e20-a191-0e1b8c6abc20",
            "ticker": "KXHIGHDEN-24DEC24-B52.5",
            "count": 251,
            "created_time": "2024-12-24T21:17:30.958009Z",
            "yes_price": 31,
            "no_price": 69,
            "taker_side": "yes"
        },
        {
            "trade_id": "0db47a14-21d3-422a-8e12-f64f143c8c1c",
            "ticker": "KXHIGHDEN-24DEC24-B52.5",
            "count": 60,
            "created_time": "2024-12-24T21:17:30.958009Z",
            "yes_price": 31,
            "no_price": 69,
            "taker_side": "yes"
        },
        {
            "trade_id": "f17404d8-2707-44cd-a816-539fccc67f09",
            "ticker": "KXHIGHDEN-24DEC24-B52.5",
            "count": 103,
            "created_time": "2024-12-24T21:17:24.936167Z",
            "yes_price": 28,
            "no_price": 72,
            "taker_side": "no"
        },
        {
            "trade_id": "5f0dd75c-ba62-40fa-b259-349cfccf27ac",
            "ticker": "KXHIGHDEN-24DEC24-B52.5",
            "count": 150,
            "created_time": "2024-12-24T21:17:24.936167Z",
            "yes_price": 27,
            "no_price": 73,
            "taker_side": "no"
        },
        {
            "trade_id": "2f0ef709-0dfb-4c22-bba1-7d6d36a6f3e3",
            "ticker": "KXHIGHDEN-24DEC24-B52.5",
            "count": 14,
            "created_time": "2024-12-24T21:17:24.936167Z",
            "yes_price": 28,
            "no_price": 72,
            "taker_side": "no"
        },
        {
            "trade_id": "88c5af0a-ec40-4ced-a9e1-5044441cd0ea",
            "ticker": "KXHIGHDEN-24DEC24-B52.5",
            "count": 171,
            "created_time": "2024-12-24T21:17:14.394919Z",
            "yes_price": 27,
            "no_price": 73,
            "taker_side": "yes"
        },
        {
            "trade_id": "125c525f-fb9e-4d3e-a3fb-24959399f424",
            "ticker": "KXHIGHDEN-24DEC24-B52.5",
            "count": 69,
            "created_time": "2024-12-24T21:17:01.495571Z",
            "yes_price": 27,
            "no_price": 73,
            "taker_side": "yes"
        },
        {
            "trade_id": "b4868483-694d-41b0-a4c5-936f0f5b4767",
            "ticker": "KXHIGHDEN-24DEC24-B52.5",
            "count": 28,
            "created_time": "2024-12-24T21:15:22.621592Z",
            "yes_price": 30,
            "no_price": 70,
            "taker_side": "yes"
        },
        {
            "trade_id": "2b0e5d79-58d8-477b-989f-3cc9407fee1a",
            "ticker": "KXHIGHDEN-24DEC24-B52.5",
            "count": 35,
            "created_time": "2024-12-24T21:15:22.621592Z",
            "yes_price": 30,
            "no_price": 70,
            "taker_side": "yes"
        },
        {
            "trade_id": "867e558f-53fc-4f69-b32c-38d3f0cee606",
            "ticker": "KXHIGHDEN-24DEC24-B52.5",
            "count": 151,
            "created_time": "2024-12-24T21:14:53.215803Z",
            "yes_price": 30,
            "no_price": 70,
            "taker_side": "yes"
        },
        {
            "trade_id": "372c1fd8-5dfd-4dbc-b827-d2752d5e30f3",
            "ticker": "KXHIGHDEN-24DEC24-B52.5",
            "count": 70,
            "created_time": "2024-12-24T21:14:53.215803Z",
            "yes_price": 29,
            "no_price": 71,
            "taker_side": "yes"
        },
        {
            "trade_id": "2cade5f6-dc56-457a-9b13-78ea54c623eb",
            "ticker": "KXHIGHDEN-24DEC24-B52.5",
            "count": 36,
            "created_time": "2024-12-24T21:14:53.215803Z",
            "yes_price": 29,
            "no_price": 71,
            "taker_side": "yes"
        },
        {
            "trade_id": "dc898350-d049-44a0-9a1f-7e0880aff98c",
            "ticker": "KXHIGHDEN-24DEC24-B52.5",
            "count": 171,
            "created_time": "2024-12-24T21:13:49.990802Z",
            "yes_price": 25,
            "no_price": 75,
            "taker_side": "no"
        },
        {
            "trade_id": "8e95a5f4-eaff-4059-877a-90d8e5a4aaf1",
            "ticker": "KXHIGHDEN-24DEC24-B52.5",
            "count": 16,
            "created_time": "2024-12-24T21:13:49.990802Z",
            "yes_price": 24,
            "no_price": 76,
            "taker_side": "no"
        },
        {
            "trade_id": "ed4c30f8-99eb-4b57-87b0-d6af6136244f",
            "ticker": "KXHIGHDEN-24DEC24-B52.5",
            "count": 124,
            "created_time": "2024-12-24T21:12:40.982854Z",
            "yes_price": 25,
            "no_price": 75,
            "taker_side": "yes"
        },
        {
            "trade_id": "70c8f101-0d46-435c-bcde-0b88146454b2",
            "ticker": "KXHIGHDEN-24DEC24-B52.5",
            "count": 30,
            "created_time": "2024-12-24T21:12:28.63817Z",
            "yes_price": 25,
            "no_price": 75,
            "taker_side": "yes"
        },
        {
            "trade_id": "b3ca2946-6b30-4d48-9334-ded7ef4d62e6",
            "ticker": "KXHIGHDEN-24DEC24-B52.5",
            "count": 11,
            "created_time": "2024-12-24T21:12:14.948441Z",
            "yes_price": 35,
            "no_price": 65,
            "taker_side": "no"
        },
        {
            "trade_id": "9ed3957d-e4e1-4c4e-9c8b-1c727e601995",
            "ticker": "KXHIGHDEN-24DEC24-B52.5",
            "count": 103,
            "created_time": "2024-12-24T21:12:14.948441Z",
            "yes_price": 34,
            "no_price": 66,
            "taker_side": "no"
        },
        {
            "trade_id": "548685e2-16a2-4fe5-9bb2-4375aaf6f2bd",
            "ticker": "KXHIGHDEN-24DEC24-B52.5",
            "count": 100,
            "created_time": "2024-12-24T21:12:14.948441Z",
            "yes_price": 25,
            "no_price": 75,
            "taker_side": "no"
        },
        {
            "trade_id": "905fcd12-5288-4004-a975-8401be91b3c5",
            "ticker": "KXHIGHDEN-24DEC24-B52.5",
            "count": 100,
            "created_time": "2024-12-24T21:12:13.650404Z",
            "yes_price": 36,
            "no_price": 64,
            "taker_side": "no"
        },
        {
            "trade_id": "acfa8fcf-93c4-4d8d-90d9-8d846b1a7719",
            "ticker": "KXHIGHDEN-24DEC24-B52.5",
            "count": 50,
            "created_time": "2024-12-24T21:10:02.7516Z",
            "yes_price": 44,
            "no_price": 56,
            "taker_side": "yes"
        },
        {
            "trade_id": "36d4af52-caae-49a0-8cc3-a80d9a5e45aa",
            "ticker": "KXHIGHDEN-24DEC24-B52.5",
            "count": 61,
            "created_time": "2024-12-24T21:09:53.740618Z",
            "yes_price": 44,
            "no_price": 56,
            "taker_side": "yes"
        },
        {
            "trade_id": "f933d5c1-3c50-4abf-b60c-4ae9051c1d05",
            "ticker": "KXHIGHDEN-24DEC24-B52.5",
            "count": 50,
            "created_time": "2024-12-24T21:09:49.84416Z",
            "yes_price": 44,
            "no_price": 56,
            "taker_side": "yes"
        },
        {
            "trade_id": "99ab9595-384e-4c93-bf9c-ee130d485964",
            "ticker": "KXHIGHDEN-24DEC24-B52.5",
            "count": 93,
            "created_time": "2024-12-24T21:09:49.84416Z",
            "yes_price": 44,
            "no_price": 56,
            "taker_side": "yes"
        },
        {
            "trade_id": "e17040ee-5f6f-4309-a638-763f9a576591",
            "ticker": "KXHIGHDEN-24DEC24-B52.5",
            "count": 187,
            "created_time": "2024-12-24T21:08:24.213557Z",
            "yes_price": 28,
            "no_price": 72,
            "taker_side": "no"
        },
        {
            "trade_id": "17802a9a-2739-4f72-a9c7-9f29935ff6d2",
            "ticker": "KXHIGHDEN-24DEC24-B52.5",
            "count": 16,
            "created_time": "2024-12-24T21:08:24.213557Z",
            "yes_price": 28,
            "no_price": 72,
            "taker_side": "no"
        },
        {
            "trade_id": "14077890-88c9-4834-b809-20e769861945",
            "ticker": "KXHIGHDEN-24DEC24-B52.5",
            "count": 36,
            "created_time": "2024-12-24T21:08:24.213557Z",
            "yes_price": 27,
            "no_price": 73,
            "taker_side": "no"
        },
        {
            "trade_id": "74ab9b8a-4e85-4a91-9408-79c27bf82b85",
            "ticker": "KXHIGHDEN-24DEC24-B52.5",
            "count": 31,
            "created_time": "2024-12-24T21:07:02.665493Z",
            "yes_price": 30,
            "no_price": 70,
            "taker_side": "no"
        },
        {
            "trade_id": "3e831a43-3378-4203-b01c-998a478ab7f9",
            "ticker": "KXHIGHDEN-24DEC24-B52.5",
            "count": 24,
            "created_time": "2024-12-24T21:07:02.665493Z",
            "yes_price": 31,
            "no_price": 69,
            "taker_side": "no"
        },
        {
            "trade_id": "0d4f6f46-dfd8-485d-8c94-3248ba2061be",
            "ticker": "KXHIGHDEN-24DEC24-B52.5",
            "count": 14,
            "created_time": "2024-12-24T21:07:02.665493Z",
            "yes_price": 26,
            "no_price": 74,
            "taker_side": "no"
        },
        {
            "trade_id": "7d251698-9456-4723-9717-64a7bf6970e5",
            "ticker": "KXHIGHDEN-24DEC24-B52.5",
            "count": 17,
            "created_time": "2024-12-24T21:06:37.571996Z",
            "yes_price": 55,
            "no_price": 45,
            "taker_side": "yes"
        },
        {
            "trade_id": "cb4f491a-68dd-4b9a-8a3c-913aa544c350",
            "ticker": "KXHIGHDEN-24DEC24-B52.5",
            "count": 46,
            "created_time": "2024-12-24T21:05:46.988522Z",
            "yes_price": 36,
            "no_price": 64,
            "taker_side": "no"
        },
        {
            "trade_id": "bf4550ee-5e64-471d-a31a-2aed2ffe17d7",
            "ticker": "KXHIGHDEN-24DEC24-B52.5",
            "count": 35,
            "created_time": "2024-12-24T21:05:46.988522Z",
            "yes_price": 26,
            "no_price": 74,
            "taker_side": "no"
        },
        {
            "trade_id": "67dfa3b7-957d-4840-8689-ea2d0183d501",
            "ticker": "KXHIGHDEN-24DEC24-B52.5",
            "count": 24,
            "created_time": "2024-12-24T21:05:46.988522Z",
            "yes_price": 38,
            "no_price": 62,
            "taker_side": "no"
        },
        {
            "trade_id": "1decb6c4-3a62-4259-8a71-d3bdcffda68a",
            "ticker": "KXHIGHDEN-24DEC24-B52.5",
            "count": 174,
            "created_time": "2024-12-24T21:05:46.988522Z",
            "yes_price": 37,
            "no_price": 63,
            "taker_side": "no"
        },
        {
            "trade_id": "2c2db2cf-ed02-47a1-b348-c3ad981f99e1",
            "ticker": "KXHIGHDEN-24DEC24-B52.5",
            "count": 50,
            "created_time": "2024-12-24T21:01:14.317445Z",
            "yes_price": 55,
            "no_price": 45,
            "taker_side": "no"
        },
        {
            "trade_id": "dc10d49b-5ebd-49fc-b1e2-35702ba5320b",
            "ticker": "KXHIGHDEN-24DEC24-B52.5",
            "count": 201,
            "created_time": "2024-12-24T20:53:43.479889Z",
            "yes_price": 60,
            "no_price": 40,
            "taker_side": "yes"
        },
        {
            "trade_id": "59d30d49-36e0-46f6-863c-019209d6f6ce",
            "ticker": "KXHIGHDEN-24DEC24-B52.5",
            "count": 9,
            "created_time": "2024-12-24T20:53:43.479889Z",
            "yes_price": 60,
            "no_price": 40,
            "taker_side": "yes"
        },
        {
            "trade_id": "c2c140d8-5750-43a2-9add-61fddf25b025",
            "ticker": "KXHIGHDEN-24DEC24-B52.5",
            "count": 50,
            "created_time": "2024-12-24T20:52:25.805883Z",
            "yes_price": 60,
            "no_price": 40,
            "taker_side": "yes"
        },
        {
            "trade_id": "28192928-5105-488e-b378-8604b1e00e8e",
            "ticker": "KXHIGHDEN-24DEC24-B52.5",
            "count": 7,
            "created_time": "2024-12-24T20:50:58.465012Z",
            "yes_price": 47,
            "no_price": 53,
            "taker_side": "no"
        },
        {
            "trade_id": "e9395e7c-baa8-479e-b677-8c366369ccd8",
            "ticker": "KXHIGHDEN-24DEC24-B52.5",
            "count": 126,
            "created_time": "2024-12-24T20:49:48.183785Z",
            "yes_price": 47,
            "no_price": 53,
            "taker_side": "no"
        },
        {
            "trade_id": "8787fc9d-9589-43cf-8a26-f79f3b82befc",
            "ticker": "KXHIGHDEN-24DEC24-B52.5",
            "count": 55,
            "created_time": "2024-12-24T20:49:48.183785Z",
            "yes_price": 46,
            "no_price": 54,
            "taker_side": "no"
        },
        {
            "trade_id": "a8ec4ae6-ff0c-4677-a6f4-d852e70357f1",
            "ticker": "KXHIGHDEN-24DEC24-B52.5",
            "count": 1,
            "created_time": "2024-12-24T20:49:01.921196Z",
            "yes_price": 60,
            "no_price": 40,
            "taker_side": "yes"
        },
        {
            "trade_id": "deaaf6a8-4f6e-470d-9422-4140119df5cc",
            "ticker": "KXHIGHDEN-24DEC24-B52.5",
            "count": 26,
            "created_time": "2024-12-24T20:48:50.008364Z",
            "yes_price": 60,
            "no_price": 40,
            "taker_side": "yes"
        },
        {
            "trade_id": "9e3b1a11-5988-43a9-84b2-9d4f0c16802e",
            "ticker": "KXHIGHDEN-24DEC24-B52.5",
            "count": 1,
            "created_time": "2024-12-24T20:48:18.420028Z",
            "yes_price": 47,
            "no_price": 53,
            "taker_side": "no"
        },
        {
            "trade_id": "f5a760f4-a0ab-4a92-94cf-cec56059cd07",
            "ticker": "KXHIGHDEN-24DEC24-B52.5",
            "count": 9,
            "created_time": "2024-12-24T20:48:08.030531Z",
            "yes_price": 47,
            "no_price": 53,
            "taker_side": "no"
        },
        {
            "trade_id": "3589eb59-601e-4b6e-874c-7c825eceea51",
            "ticker": "KXHIGHDEN-24DEC24-B52.5",
            "count": 14,
            "created_time": "2024-12-24T20:48:00.399817Z",
            "yes_price": 46,
            "no_price": 54,
            "taker_side": "no"
        },
        {
            "trade_id": "2f3c9c8b-4e60-41f6-baa1-588c06d590c6",
            "ticker": "KXHIGHDEN-24DEC24-B52.5",
            "count": 14,
            "created_time": "2024-12-24T20:47:53.221282Z",
            "yes_price": 60,
            "no_price": 40,
            "taker_side": "yes"
        },
        {
            "trade_id": "4e68afc8-3c27-4190-9749-3faf455821b7",
            "ticker": "KXHIGHDEN-24DEC24-B52.5",
            "count": 133,
            "created_time": "2024-12-24T20:47:32.370905Z",
            "yes_price": 59,
            "no_price": 41,
            "taker_side": "no"
        },
        {
            "trade_id": "e631bb78-2dd0-45ea-a5a9-a77052a6ae67",
            "ticker": "KXHIGHDEN-24DEC24-B52.5",
            "count": 17,
            "created_time": "2024-12-24T20:47:20.052313Z",
            "yes_price": 59,
            "no_price": 41,
            "taker_side": "yes"
        },
        {
            "trade_id": "d38a04f1-1460-4aeb-9846-349c2563ec51",
            "ticker": "KXHIGHDEN-24DEC24-B52.5",
            "count": 24,
            "created_time": "2024-12-24T20:45:08.376839Z",
            "yes_price": 56,
            "no_price": 44,
            "taker_side": "yes"
        },
        {
            "trade_id": "f7b0e951-e358-488b-a41d-b7b14b72e20b",
            "ticker": "KXHIGHDEN-24DEC24-B52.5",
            "count": 40,
            "created_time": "2024-12-24T20:44:26.239637Z",
            "yes_price": 45,
            "no_price": 55,
            "taker_side": "yes"
        },
        {
            "trade_id": "cb702473-22dc-4ae9-a47e-4e79c2ffd135",
            "ticker": "KXHIGHDEN-24DEC24-B52.5",
            "count": 3,
            "created_time": "2024-12-24T20:44:08.52418Z",
            "yes_price": 40,
            "no_price": 60,
            "taker_side": "no"
        },
        {
            "trade_id": "6aabd818-39d3-4978-98dd-0abf8675f14f",
            "ticker": "KXHIGHDEN-24DEC24-B52.5",
            "count": 100,
            "created_time": "2024-12-24T20:41:08.912402Z",
            "yes_price": 36,
            "no_price": 64,
            "taker_side": "no"
        },
        {
            "trade_id": "5eb8f010-0550-41d3-8f97-3643ad24316b",
            "ticker": "KXHIGHDEN-24DEC24-B52.5",
            "count": 8,
            "created_time": "2024-12-24T20:41:01.848552Z",
            "yes_price": 55,
            "no_price": 45,
            "taker_side": "yes"
        },
        {
            "trade_id": "b7c8227d-f181-437e-9d68-11cd8be5deaa",
            "ticker": "KXHIGHDEN-24DEC24-B52.5",
            "count": 100,
            "created_time": "2024-12-24T20:39:11.57237Z",
            "yes_price": 37,
            "no_price": 63,
            "taker_side": "yes"
        },
        {
            "trade_id": "effaecd8-63e5-475d-98d9-4277f8fad978",
            "ticker": "KXHIGHDEN-24DEC24-B52.5",
            "count": 40,
            "created_time": "2024-12-24T20:37:51.478209Z",
            "yes_price": 39,
            "no_price": 61,
            "taker_side": "yes"
        },
        {
            "trade_id": "c18bc28d-e20b-4b23-bd66-c62593fa2524",
            "ticker": "KXHIGHDEN-24DEC24-B52.5",
            "count": 300,
            "created_time": "2024-12-24T20:37:51.478209Z",
