{
    "KXHIGHDEN-25FEB26-T42": [
        {
            "trade_id": "e0d91759-dd50-440d-aa54-4e9465eed681",
            "ticker": "KXHIGHDEN-25FEB26-T42",
            "count": 80,
            "created_time": "2025-02-26T06:59:16.112816Z",
            "yes_price": 1,
            "no_price": 99,
            "taker_side": "no"
        },
        {
            "trade_id": "00eb76cb-2d04-4320-bfb5-42415d7ec5b5",
            "ticker": "KXHIGHDEN-25FEB26-T42",
            "count": 10,
            "created_time": "2025-02-26T06:38:10.700354Z",
            "yes_price": 1,
            "no_price": 99,
            "taker_side": "no"
        },
        {
            "trade_id": "08fb8ee1-4f4e-4c00-b590-738cde146450",
            "ticker": "KXHIGHDEN-25FEB26-T42",
            "count": 49,
            "created_time": "2025-02-26T06:03:29.689255Z",
            "yes_price": 2,
            "no_price": 98,
            "taker_side": "no"
        },
        {
            "trade_id": "707526c7-319b-4944-b478-f595f582f3f9",
            "ticker": "KXHIGHDEN-25FEB26-T42",
            "count": 1,
            "created_time": "2025-02-26T05:02:14.74547Z",
            "yes_price": 2,
            "no_price": 98,
            "taker_side": "no"
        },
        {
            "trade_id": "6d6719e8-3e6b-4c9b-b85c-f0a3dafc0b08",
            "ticker": "KXHIGHDEN-25FEB26-T42",
            "count": 10,
            "created_time": "2025-02-26T03:17:16.177697Z",
            "yes_price": 1,
            "no_price": 99,
            "taker_side": "no"
        },
        {
            "trade_id": "88dc9cb6-a1c9-4a31-9057-20ebd10ff679",
            "ticker": "KXHIGHDEN-25FEB26-T42",
            "count": 10,
            "created_time": "2025-02-26T01:04:06.544052Z",
            "yes_price": 5,
            "no_price": 95,
            "taker_side": "yes"
        }
    ],
    "KXHIGHDEN-25FEB26-B42.5": [
        {
            "trade_id": "ab8e2a50-0adf-4f62-8676-b14068098e4c",
            "ticker": "KXHIGHDEN-25FEB26-B42.5",
            "count": 111,
            "created_time": "2025-02-26T22:40:38.300937Z",
            "yes_price": 1,
            "no_price": 99,
            "taker_side": "yes"
        },
        {
            "trade_id": "68e2ee0f-a72a-4111-8cf3-7df4169f7025",
            "ticker": "KXHIGHDEN-25FEB26-B42.5",
            "count": 93,
            "created_time": "2025-02-26T22:33:25.829104Z",
            "yes_price": 1,
            "no_price": 99,
            "taker_side": "yes"
        },
        {
            "trade_id": "c8ff1e40-04d6-45d1-bc61-740eaf3d593b",
            "ticker": "KXHIGHDEN-25FEB26-B42.5",
            "count": 1,
            "created_time": "2025-02-26T14:07:19.557739Z",
            "yes_price": 3,
            "no_price": 97,
            "taker_side": "yes"
        },
        {
            "trade_id": "9505f6f5-d6bd-46d4-8104-33b941ccf5d3",
            "ticker": "KXHIGHDEN-25FEB26-B42.5",
            "count": 85,
            "created_time": "2025-02-26T13:28:33.188666Z",
            "yes_price": 1,
            "no_price": 99,
            "taker_side": "no"
        },
        {
            "trade_id": "3b0079ff-8407-47f7-ba55-f5cf7f65e1d0",
            "ticker": "KXHIGHDEN-25FEB26-B42.5",
            "count": 5,
            "created_time": "2025-02-26T13:10:46.651158Z",
            "yes_price": 1,
            "no_price": 99,
            "taker_side": "no"
        },
        {
            "trade_id": "a6b9a789-60f9-4849-8fe6-01447e13e3f5",
            "ticker": "KXHIGHDEN-25FEB26-B42.5",
            "count": 10,
            "created_time": "2025-02-26T06:49:50.53562Z",
            "yes_price": 1,
            "no_price": 99,
            "taker_side": "no"
        },
        {
            "trade_id": "3b57bda2-5db7-4c54-8280-dfd461208a19",
            "ticker": "KXHIGHDEN-25FEB26-B42.5",
            "count": 10,
            "created_time": "2025-02-26T06:38:10.823762Z",
            "yes_price": 1,
            "no_price": 99,
            "taker_side": "no"
        },
        {
            "trade_id": "6aae06f0-3746-463b-a494-37e7addd47ac",
            "ticker": "KXHIGHDEN-25FEB26-B42.5",
            "count": 1,
            "created_time": "2025-02-26T06:12:08.184799Z",
            "yes_price": 2,
            "no_price": 98,
            "taker_side": "no"
        },
        {
            "trade_id": "bc692efa-d08f-430c-8baa-e3b0d79e431a",
            "ticker": "KXHIGHDEN-25FEB26-B42.5",
            "count": 49,
            "created_time": "2025-02-26T06:03:29.687634Z",
            "yes_price": 2,
            "no_price": 98,
            "taker_side": "no"
        },
        {
            "trade_id": "53248e11-49e9-44b7-bca3-252410108f9c",
            "ticker": "KXHIGHDEN-25FEB26-B42.5",
            "count": 10,
            "created_time": "2025-02-26T03:17:16.172686Z",
            "yes_price": 3,
            "no_price": 97,
            "taker_side": "no"
        },
        {
            "trade_id": "651ff1c9-9927-41e0-9290-e858b742dd16",
            "ticker": "KXHIGHDEN-25FEB26-B42.5",
            "count": 2,
            "created_time": "2025-02-26T01:54:38.63658Z",
            "yes_price": 3,
            "no_price": 97,
            "taker_side": "no"
        },
        {
            "trade_id": "bfaea685-a7c8-45ae-a2bb-0fa5def37243",
            "ticker": "KXHIGHDEN-25FEB26-B42.5",
            "count": 6,
            "created_time": "2025-02-26T01:54:38.473381Z",
            "yes_price": 3,
            "no_price": 97,
            "taker_side": "no"
        },
        {
            "trade_id": "bd38adfd-0dce-4b11-9b93-29b8ca649229",
            "ticker": "KXHIGHDEN-25FEB26-B42.5",
            "count": 4,
            "created_time": "2025-02-26T01:44:31.78694Z",
            "yes_price": 3,
            "no_price": 97,
            "taker_side": "no"
        }
    ],
    "KXHIGHDEN-25FEB26-B44.5": [
        {
            "trade_id": "034718de-7b9b-4891-8ff1-523fedf87bfb",
            "ticker": "KXHIGHDEN-25FEB26-B44.5",
            "count": 93,
            "created_time": "2025-02-26T19:09:15.221468Z",
            "yes_price": 1,
            "no_price": 99,
            "taker_side": "yes"
        },
        {
            "trade_id": "28049e04-3859-45c4-8e5e-091e504af643",
            "ticker": "KXHIGHDEN-25FEB26-B44.5",
            "count": 93,
            "created_time": "2025-02-26T18:53:09.062522Z",
            "yes_price": 1,
            "no_price": 99,
            "taker_side": "yes"
        },
        {
            "trade_id": "94f5fbdb-c76f-4d72-b4bd-966314b21ddd",
            "ticker": "KXHIGHDEN-25FEB26-B44.5",
            "count": 5,
            "created_time": "2025-02-26T17:50:37.776984Z",
            "yes_price": 1,
            "no_price": 99,
            "taker_side": "no"
        },
        {
            "trade_id": "41336704-259f-48a9-85b0-42f40139d452",
            "ticker": "KXHIGHDEN-25FEB26-B44.5",
            "count": 5,
            "created_time": "2025-02-26T17:50:36.833575Z",
            "yes_price": 1,
            "no_price": 99,
            "taker_side": "no"
        },
        {
            "trade_id": "ea541d15-078e-4255-ad33-7b2ec28a0535",
            "ticker": "KXHIGHDEN-25FEB26-B44.5",
            "count": 15,
            "created_time": "2025-02-26T17:50:35.95893Z",
            "yes_price": 1,
            "no_price": 99,
            "taker_side": "no"
        },
        {
            "trade_id": "82f39f01-c56a-4c60-8ab2-14e52239250a",
            "ticker": "KXHIGHDEN-25FEB26-B44.5",
            "count": 15,
            "created_time": "2025-02-26T17:50:35.095591Z",
            "yes_price": 1,
            "no_price": 99,
            "taker_side": "no"
        },
        {
            "trade_id": "2b5a5cf3-cdee-4b74-9bd9-0cd1f3f0ebdd",
            "ticker": "KXHIGHDEN-25FEB26-B44.5",
            "count": 4,
            "created_time": "2025-02-26T17:33:03.642385Z",
            "yes_price": 2,
            "no_price": 98,
            "taker_side": "no"
        },
        {
            "trade_id": "874535ba-bd85-4af7-a7f2-229ed613a038",
            "ticker": "KXHIGHDEN-25FEB26-B44.5",
            "count": 86,
            "created_time": "2025-02-26T16:34:11.207558Z",
            "yes_price": 1,
            "no_price": 99,
            "taker_side": "yes"
        },
        {
            "trade_id": "e6aaafe2-65b7-472c-bcb7-a0dbe8712daa",
            "ticker": "KXHIGHDEN-25FEB26-B44.5",
            "count": 200,
            "created_time": "2025-02-26T16:01:40.854794Z",
            "yes_price": 1,
            "no_price": 99,
            "taker_side": "no"
        },
        {
            "trade_id": "d6b31731-aef9-4216-a41a-6b919a4ba41a",
            "ticker": "KXHIGHDEN-25FEB26-B44.5",
            "count": 20,
            "created_time": "2025-02-26T15:42:55.874368Z",
            "yes_price": 2,
            "no_price": 98,
            "taker_side": "no"
        },
        {
            "trade_id": "9d5aee04-a8ee-4332-8f3e-e8394f218771",
            "ticker": "KXHIGHDEN-25FEB26-B44.5",
            "count": 134,
            "created_time": "2025-02-26T15:36:18.292308Z",
            "yes_price": 3,
            "no_price": 97,
            "taker_side": "no"
        },
        {
            "trade_id": "a7acf57b-a2a7-4844-9a1f-31f573239137",
            "ticker": "KXHIGHDEN-25FEB26-B44.5",
            "count": 88,
            "created_time": "2025-02-26T15:35:58.851383Z",
            "yes_price": 3,
            "no_price": 97,
            "taker_side": "no"
        },
        {
            "trade_id": "6fcc928a-195e-44e4-bd00-ccd5058f938c",
            "ticker": "KXHIGHDEN-25FEB26-B44.5",
            "count": 26,
            "created_time": "2025-02-26T13:26:16.575258Z",
            "yes_price": 4,
            "no_price": 96,
            "taker_side": "yes"
        },
        {
            "trade_id": "d2849985-0cee-4c4b-a052-e665ee614b32",
            "ticker": "KXHIGHDEN-25FEB26-B44.5",
            "count": 8,
            "created_time": "2025-02-26T13:22:47.249391Z",
            "yes_price": 4,
            "no_price": 96,
            "taker_side": "yes"
        },
        {
            "trade_id": "cc35db80-9a86-4c7a-a8fc-a9894715392b",
            "ticker": "KXHIGHDEN-25FEB26-B44.5",
            "count": 300,
            "created_time": "2025-02-26T13:22:47.249391Z",
            "yes_price": 5,
            "no_price": 95,
            "taker_side": "yes"
        },
        {
            "trade_id": "afa83d33-b466-4fcd-8997-e76e82138d4b",
            "ticker": "KXHIGHDEN-25FEB26-B44.5",
            "count": 50,
            "created_time": "2025-02-26T13:22:47.249391Z",
            "yes_price": 3,
            "no_price": 97,
            "taker_side": "yes"
        },
        {
            "trade_id": "7f988419-d060-49bb-9513-a9fb63efeafa",
            "ticker": "KXHIGHDEN-25FEB26-B44.5",
            "count": 1,
            "created_time": "2025-02-26T13:22:47.249391Z",
            "yes_price": 4,
            "no_price": 96,
            "taker_side": "yes"
        },
        {
            "trade_id": "79d3cfe2-1246-4161-b730-163f8e6b62d5",
            "ticker": "KXHIGHDEN-25FEB26-B44.5",
            "count": 11,
            "created_time": "2025-02-26T13:22:47.249391Z",
            "yes_price": 4,
            "no_price": 96,
            "taker_side": "yes"
        },
        {
            "trade_id": "b1acf65d-bcf1-4575-8159-953eb388a512",
            "ticker": "KXHIGHDEN-25FEB26-B44.5",
            "count": 5,
            "created_time": "2025-02-26T13:10:46.633499Z",
            "yes_price": 2,
            "no_price": 98,
            "taker_side": "no"
        },
        {
            "trade_id": "bda68613-2167-4ece-8183-5105a111c0f3",
            "ticker": "KXHIGHDEN-25FEB26-B44.5",
            "count": 7,
            "created_time": "2025-02-26T06:51:27.478062Z",
            "yes_price": 6,
            "no_price": 94,
            "taker_side": "no"
        },
        {
            "trade_id": "db18c800-a37e-4d7d-b05d-86a65d07a82a",
            "ticker": "KXHIGHDEN-25FEB26-B44.5",
            "count": 10,
            "created_time": "2025-02-26T06:38:10.827934Z",
            "yes_price": 6,
            "no_price": 94,
            "taker_side": "no"
        },
        {
            "trade_id": "79dd0866-cced-4d01-9c33-ba76539a0b1a",
            "ticker": "KXHIGHDEN-25FEB26-B44.5",
            "count": 49,
            "created_time": "2025-02-26T06:03:29.688332Z",
            "yes_price": 6,
            "no_price": 94,
            "taker_side": "no"
        },
        {
            "trade_id": "2ffbeac8-d6a7-4bf3-b9fb-3638a7fe22c4",
            "ticker": "KXHIGHDEN-25FEB26-B44.5",
            "count": 16,
            "created_time": "2025-02-26T06:03:29.265293Z",
            "yes_price": 6,
            "no_price": 94,
            "taker_side": "no"
        },
        {
            "trade_id": "2e4f7854-18e5-455d-968a-9586e8c5d681",
            "ticker": "KXHIGHDEN-25FEB26-B44.5",
            "count": 18,
            "created_time": "2025-02-26T06:01:18.279456Z",
            "yes_price": 6,
            "no_price": 94,
            "taker_side": "no"
        },
        {
            "trade_id": "c8778bb0-0edc-478a-99d4-37841bef7e47",
            "ticker": "KXHIGHDEN-25FEB26-B44.5",
            "count": 1,
            "created_time": "2025-02-26T04:43:57.688807Z",
            "yes_price": 6,
            "no_price": 94,
            "taker_side": "yes"
        },
        {
            "trade_id": "36c54293-4943-49aa-b818-8d5f1ac82e70",
            "ticker": "KXHIGHDEN-25FEB26-B44.5",
            "count": 8,
            "created_time": "2025-02-26T04:43:57.688807Z",
            "yes_price": 6,
            "no_price": 94,
            "taker_side": "yes"
        },
        {
            "trade_id": "ff20b933-37a7-4023-9e8a-437912eeb463",
            "ticker": "KXHIGHDEN-25FEB26-B44.5",
            "count": 1,
            "created_time": "2025-02-26T04:09:21.020809Z",
            "yes_price": 7,
            "no_price": 93,
            "taker_side": "yes"
        },
        {
            "trade_id": "bace59c6-8574-4ac2-b00b-be148fed655f",
            "ticker": "KXHIGHDEN-25FEB26-B44.5",
            "count": 3,
            "created_time": "2025-02-26T04:09:21.020809Z",
            "yes_price": 7,
            "no_price": 93,
            "taker_side": "yes"
        },
        {
            "trade_id": "331f66de-b3f9-49d8-b9be-505142dc3ead",
            "ticker": "KXHIGHDEN-25FEB26-B44.5",
            "count": 6,
            "created_time": "2025-02-26T04:09:21.020809Z",
            "yes_price": 7,
            "no_price": 93,
            "taker_side": "yes"
        },
        {
            "trade_id": "ad6cf3dd-6a15-474f-b8f4-2577a01c0be8",
            "ticker": "KXHIGHDEN-25FEB26-B44.5",
            "count": 10,
            "created_time": "2025-02-26T03:17:16.142404Z",
            "yes_price": 5,
            "no_price": 95,
            "taker_side": "no"
        },
        {
            "trade_id": "2827d3b0-ba60-40f2-a4fc-2320d90e4c16",
            "ticker": "KXHIGHDEN-25FEB26-B44.5",
            "count": 17,
            "created_time": "2025-02-26T02:26:15.172915Z",
            "yes_price": 7,
            "no_price": 93,
            "taker_side": "yes"
        },
        {
            "trade_id": "d0e07f2f-7dbd-47a4-a62d-fc7999048495",
            "ticker": "KXHIGHDEN-25FEB26-B44.5",
            "count": 3,
            "created_time": "2025-02-26T02:24:50.361956Z",
            "yes_price": 7,
            "no_price": 93,
            "taker_side": "yes"
        },
        {
            "trade_id": "582e20a8-f24f-4891-868a-0dbe3f9b4d61",
            "ticker": "KXHIGHDEN-25FEB26-B44.5",
            "count": 13,
            "created_time": "2025-02-26T02:24:50.361956Z",
            "yes_price": 7,
            "no_price": 93,
            "taker_side": "yes"
        },
        {
            "trade_id": "6c9d7c83-32a7-4553-bb67-20d328192bca",
            "ticker": "KXHIGHDEN-25FEB26-B44.5",
            "count": 2,
            "created_time": "2025-02-26T02:16:12.611312Z",
            "yes_price": 1,
            "no_price": 99,
            "taker_side": "yes"
        },
        {
            "trade_id": "6a6819bf-0685-46fa-8fef-fd44a59dd99a",
            "ticker": "KXHIGHDEN-25FEB26-B44.5",
            "count": 6,
            "created_time": "2025-02-26T01:54:38.475259Z",
            "yes_price": 5,
            "no_price": 95,
            "taker_side": "no"
        },
        {
            "trade_id": "9875a534-10e4-49ce-b8d0-489b3d0f0a7c",
            "ticker": "KXHIGHDEN-25FEB26-B44.5",
            "count": 4,
            "created_time": "2025-02-26T01:54:37.204203Z",
            "yes_price": 7,
            "no_price": 93,
            "taker_side": "no"
        },
        {
            "trade_id": "4b3b4e80-e2cb-4064-ba20-567d5c214af5",
            "ticker": "KXHIGHDEN-25FEB26-B44.5",
            "count": 21,
            "created_time": "2025-02-26T01:54:37.204203Z",
            "yes_price": 7,
            "no_price": 93,
            "taker_side": "no"
        },
        {
            "trade_id": "6d0ae74f-e989-46f3-a2a2-a16ff6b3714c",
            "ticker": "KXHIGHDEN-25FEB26-B44.5",
            "count": 4,
            "created_time": "2025-02-26T01:44:31.82838Z",
            "yes_price": 7,
            "no_price": 93,
            "taker_side": "no"
        },
        {
            "trade_id": "243fc4e8-9606-4658-96c2-677e99d65a33",
            "ticker": "KXHIGHDEN-25FEB26-B44.5",
            "count": 22,
            "created_time": "2025-02-25T22:30:52.425176Z",
            "yes_price": 9,
            "no_price": 91,
            "taker_side": "yes"
        },
        {
            "trade_id": "d1bab5e3-c1ed-4a2c-ae4d-e0cc8018cfc8",
            "ticker": "KXHIGHDEN-25FEB26-B44.5",
            "count": 27,
            "created_time": "2025-02-25T22:30:12.5332Z",
            "yes_price": 10,
            "no_price": 90,
            "taker_side": "yes"
        },
        {
            "trade_id": "b9049d98-5ada-44ca-8674-fb1482ef5f37",
            "ticker": "KXHIGHDEN-25FEB26-B44.5",
            "count": 8,
            "created_time": "2025-02-25T22:30:12.5332Z",
            "yes_price": 10,
            "no_price": 90,
            "taker_side": "yes"
        },
        {
            "trade_id": "89a3684b-cfb1-4cda-93a2-07b7fd16c01e",
            "ticker": "KXHIGHDEN-25FEB26-B44.5",
            "count": 49,
            "created_time": "2025-02-25T22:30:12.5332Z",
            "yes_price": 10,
            "no_price": 90,
            "taker_side": "yes"
        },
        {
            "trade_id": "04b900a4-2c2f-49e9-9b45-f6b62883127a",
            "ticker": "KXHIGHDEN-25FEB26-B44.5",
            "count": 8,
            "created_time": "2025-02-25T22:30:12.5332Z",
            "yes_price": 12,
            "no_price": 88,
            "taker_side": "yes"
        },
        {
            "trade_id": "6e8f307e-0dc2-4504-aa2a-ac60c5e99445",
            "ticker": "KXHIGHDEN-25FEB26-B44.5",
            "count": 8,
            "created_time": "2025-02-25T22:24:49.031049Z",
            "yes_price": 10,
            "no_price": 90,
            "taker_side": "no"
        }
    ],
    "KXHIGHDEN-25FEB26-B46.5": [
        {
            "trade_id": "43092009-13bd-40fa-90c6-d97eaa5646f6",
            "ticker": "KXHIGHDEN-25FEB26-B46.5",
            "count": 93,
            "created_time": "2025-02-26T21:06:36.02047Z",
            "yes_price": 1,
            "no_price": 99,
            "taker_side": "yes"
        },
        {
            "trade_id": "a267a2c6-5548-442b-ab41-4282b0b96ded",
            "ticker": "KXHIGHDEN-25FEB26-B46.5",
            "count": 17,
            "created_time": "2025-02-26T20:41:56.923069Z",
            "yes_price": 1,
            "no_price": 99,
            "taker_side": "yes"
        },
        {
            "trade_id": "54c92f5b-b4cb-496c-8114-7293affaf8a3",
            "ticker": "KXHIGHDEN-25FEB26-B46.5",
            "count": 11,
            "created_time": "2025-02-26T20:30:08.922697Z",
            "yes_price": 1,
            "no_price": 99,
            "taker_side": "yes"
        },
        {
            "trade_id": "5c49f892-884f-4475-9b27-f103ff6551a0",
            "ticker": "KXHIGHDEN-25FEB26-B46.5",
            "count": 115,
            "created_time": "2025-02-26T20:11:34.664304Z",
            "yes_price": 1,
            "no_price": 99,
            "taker_side": "yes"
        },
        {
            "trade_id": "f23a2fd3-03b7-41ca-b913-259938bb94ce",
            "ticker": "KXHIGHDEN-25FEB26-B46.5",
            "count": 37,
            "created_time": "2025-02-26T20:10:42.35416Z",
            "yes_price": 1,
            "no_price": 99,
            "taker_side": "yes"
        },
        {
            "trade_id": "dad78677-f3a0-4cae-9689-a8fcb68934a1",
            "ticker": "KXHIGHDEN-25FEB26-B46.5",
            "count": 100,
            "created_time": "2025-02-26T20:02:11.713752Z",
            "yes_price": 1,
            "no_price": 99,
            "taker_side": "no"
        },
        {
            "trade_id": "d131b8cc-1de7-43ea-aa2a-8b99824a5f32",
            "ticker": "KXHIGHDEN-25FEB26-B46.5",
            "count": 99,
            "created_time": "2025-02-26T20:02:11.713752Z",
            "yes_price": 3,
            "no_price": 97,
            "taker_side": "no"
        },
        {
            "trade_id": "842fdea1-ef10-4c8b-8f9d-46a19bfc5189",
            "ticker": "KXHIGHDEN-25FEB26-B46.5",
            "count": 120,
            "created_time": "2025-02-26T20:02:11.713752Z",
            "yes_price": 1,
            "no_price": 99,
            "taker_side": "no"
        },
        {
            "trade_id": "7f5c91cf-58f7-4f93-82f8-24f2250bad09",
            "ticker": "KXHIGHDEN-25FEB26-B46.5",
            "count": 40,
            "created_time": "2025-02-26T20:02:11.713752Z",
            "yes_price": 2,
            "no_price": 98,
            "taker_side": "no"
        },
        {
            "trade_id": "6157c997-4f7d-4364-a4e8-9faba3a6e175",
            "ticker": "KXHIGHDEN-25FEB26-B46.5",
            "count": 200,
            "created_time": "2025-02-26T20:02:11.713752Z",
            "yes_price": 1,
            "no_price": 99,
            "taker_side": "no"
        },
        {
            "trade_id": "566081e2-e26f-4d30-bb0d-e373b01cc054",
            "ticker": "KXHIGHDEN-25FEB26-B46.5",
            "count": 300,
            "created_time": "2025-02-26T20:02:11.713752Z",
            "yes_price": 2,
            "no_price": 98,
            "taker_side": "no"
        },
        {
            "trade_id": "4b50bb40-c011-4d3d-9635-5aac0c1d99bd",
            "ticker": "KXHIGHDEN-25FEB26-B46.5",
            "count": 19,
            "created_time": "2025-02-26T20:02:11.713752Z",
            "yes_price": 2,
            "no_price": 98,
            "taker_side": "no"
        },
        {
            "trade_id": "ee174976-b1ef-4a0b-ba29-61311111b0e0",
            "ticker": "KXHIGHDEN-25FEB26-B46.5",
            "count": 99,
            "created_time": "2025-02-26T20:00:07.794896Z",
            "yes_price": 4,
            "no_price": 96,
            "taker_side": "no"
        },
        {
            "trade_id": "af8499b1-95fc-41f3-979a-589d378cff87",
            "ticker": "KXHIGHDEN-25FEB26-B46.5",
            "count": 50,
            "created_time": "2025-02-26T20:00:07.794896Z",
            "yes_price": 13,
            "no_price": 87,
            "taker_side": "no"
        },
        {
            "trade_id": "79db92ea-736b-413c-abb7-0827b2b100b0",
            "ticker": "KXHIGHDEN-25FEB26-B46.5",
            "count": 42,
            "created_time": "2025-02-26T20:00:07.794896Z",
            "yes_price": 12,
            "no_price": 88,
            "taker_side": "no"
        },
        {
            "trade_id": "433f147b-d299-4de0-a411-f406a27a5d9c",
            "ticker": "KXHIGHDEN-25FEB26-B46.5",
            "count": 21,
            "created_time": "2025-02-26T20:00:07.794896Z",
            "yes_price": 5,
            "no_price": 95,
            "taker_side": "no"
        },
        {
            "trade_id": "25d0b218-c90f-48d3-be78-cb10b6436682",
            "ticker": "KXHIGHDEN-25FEB26-B46.5",
            "count": 270,
            "created_time": "2025-02-26T20:00:07.794896Z",
            "yes_price": 3,
            "no_price": 97,
            "taker_side": "no"
        },
        {
            "trade_id": "15b055a8-c943-4290-bb61-732ec3bba6c5",
            "ticker": "KXHIGHDEN-25FEB26-B46.5",
            "count": 40,
            "created_time": "2025-02-26T20:00:07.794896Z",
            "yes_price": 3,
            "no_price": 97,
            "taker_side": "no"
        },
        {
            "trade_id": "f2c62278-3baa-4e1e-a4e1-06fa023e3613",
            "ticker": "KXHIGHDEN-25FEB26-B46.5",
            "count": 6,
            "created_time": "2025-02-26T19:56:14.662906Z",
            "yes_price": 15,
            "no_price": 85,
            "taker_side": "no"
        },
        {
            "trade_id": "b0715c91-0e76-466e-a329-7adfa4ea888c",
            "ticker": "KXHIGHDEN-25FEB26-B46.5",
            "count": 50,
            "created_time": "2025-02-26T19:56:14.662906Z",
            "yes_price": 14,
            "no_price": 86,
            "taker_side": "no"
        },
        {
            "trade_id": "37a74a76-f65b-47e1-b8ef-788181cf3ed8",
            "ticker": "KXHIGHDEN-25FEB26-B46.5",
            "count": 38,
            "created_time": "2025-02-26T19:56:14.662906Z",
            "yes_price": 11,
            "no_price": 89,
            "taker_side": "no"
        },
        {
            "trade_id": "c0dc2fab-f1a4-4712-99b2-7c505cac2aa0",
            "ticker": "KXHIGHDEN-25FEB26-B46.5",
            "count": 4,
            "created_time": "2025-02-26T19:55:02.160432Z",
            "yes_price": 15,
            "no_price": 85,
            "taker_side": "yes"
        },
        {
            "trade_id": "b72102b9-e429-4ece-a4b0-4ea1b28ed36b",
            "ticker": "KXHIGHDEN-25FEB26-B46.5",
            "count": 1,
            "created_time": "2025-02-26T19:52:53.9238Z",
            "yes_price": 15,
            "no_price": 85,
            "taker_side": "yes"
        },
        {
            "trade_id": "7c63358d-e62a-4344-9d4f-3b9cba5f5bc1",
            "ticker": "KXHIGHDEN-25FEB26-B46.5",
            "count": 10,
            "created_time": "2025-02-26T19:51:52.978765Z",
            "yes_price": 15,
            "no_price": 85,
            "taker_side": "yes"
        },
        {
            "trade_id": "9f86186c-5b84-4fcc-b00f-57d87a789481",
            "ticker": "KXHIGHDEN-25FEB26-B46.5",
            "count": 50,
            "created_time": "2025-02-26T19:42:57.810809Z",
            "yes_price": 15,
            "no_price": 85,
            "taker_side": "no"
        },
        {
            "trade_id": "7e7db469-d6d4-4240-80fd-0fbb9af92436",
            "ticker": "KXHIGHDEN-25FEB26-B46.5",
            "count": 15,
            "created_time": "2025-02-26T19:42:57.810809Z",
            "yes_price": 14,
            "no_price": 86,
            "taker_side": "no"
        },
        {
            "trade_id": "76c4afdc-7a7e-4a95-9577-091aba1dac7e",
            "ticker": "KXHIGHDEN-25FEB26-B46.5",
            "count": 50,
            "created_time": "2025-02-26T19:42:57.810809Z",
            "yes_price": 13,
            "no_price": 87,
            "taker_side": "no"
        },
        {
            "trade_id": "5a223c03-c2d6-4b00-ad04-251d893dab4a",
            "ticker": "KXHIGHDEN-25FEB26-B46.5",
            "count": 50,
            "created_time": "2025-02-26T19:40:13.854193Z",
            "yes_price": 30,
            "no_price": 70,
            "taker_side": "yes"
        },
        {
            "trade_id": "4e9ee3b0-1232-4356-a367-1d7d0a226752",
            "ticker": "KXHIGHDEN-25FEB26-B46.5",
            "count": 29,
            "created_time": "2025-02-26T19:40:13.854193Z",
            "yes_price": 30,
            "no_price": 70,
            "taker_side": "yes"
        },
        {
            "trade_id": "c25dc7a1-34a1-4af7-a7f7-491c9ee0ff5a",
            "ticker": "KXHIGHDEN-25FEB26-B46.5",
            "count": 9,
            "created_time": "2025-02-26T19:24:31.551441Z",
            "yes_price": 29,
            "no_price": 71,
            "taker_side": "no"
        },
        {
            "trade_id": "abb6c16b-4677-4831-8fdb-3cbc27f3a330",
            "ticker": "KXHIGHDEN-25FEB26-B46.5",
            "count": 1,
            "created_time": "2025-02-26T19:24:31.47375Z",
            "yes_price": 29,
            "no_price": 71,
            "taker_side": "yes"
        },
        {
            "trade_id": "b0020f46-c49e-41c8-91ab-a805222ba265",
            "ticker": "KXHIGHDEN-25FEB26-B46.5",
            "count": 10,
            "created_time": "2025-02-26T19:23:58.392525Z",
            "yes_price": 29,
            "no_price": 71,
            "taker_side": "yes"
        },
        {
            "trade_id": "15266f69-fbb2-459b-a06a-81bbec4c3624",
            "ticker": "KXHIGHDEN-25FEB26-B46.5",
            "count": 9,
            "created_time": "2025-02-26T19:20:59.08397Z",
            "yes_price": 29,
            "no_price": 71,
            "taker_side": "yes"
        },
        {
            "trade_id": "502e23c6-3aab-42d2-8912-96489b722b14",
            "ticker": "KXHIGHDEN-25FEB26-B46.5",
            "count": 37,
            "created_time": "2025-02-26T19:16:43.596797Z",
            "yes_price": 7,
            "no_price": 93,
            "taker_side": "no"
        },
        {
            "trade_id": "992c15e8-ff5f-47b6-92cb-40881258829a",
            "ticker": "KXHIGHDEN-25FEB26-B46.5",
            "count": 60,
            "created_time": "2025-02-26T19:06:32.859008Z",
            "yes_price": 6,
            "no_price": 94,
            "taker_side": "no"
        },
        {
            "trade_id": "c1572b0c-5f12-450e-8610-69dfb70dfe38",
            "ticker": "KXHIGHDEN-25FEB26-B46.5",
            "count": 10,
            "created_time": "2025-02-26T19:03:12.771442Z",
            "yes_price": 5,
            "no_price": 95,
            "taker_side": "no"
        },
        {
            "trade_id": "e7fc12b4-e005-4c53-a0b8-78b49be0eb4a",
            "ticker": "KXHIGHDEN-25FEB26-B46.5",
            "count": 3,
            "created_time": "2025-02-26T19:03:00.440194Z",
            "yes_price": 6,
            "no_price": 94,
            "taker_side": "no"
        },
        {
            "trade_id": "a057040c-b1cb-4463-9954-c20677d39682",
            "ticker": "KXHIGHDEN-25FEB26-B46.5",
            "count": 7,
            "created_time": "2025-02-26T19:02:56.932871Z",
            "yes_price": 6,
            "no_price": 94,
            "taker_side": "no"
        },
        {
            "trade_id": "ae548953-7f04-4801-9cf3-563025e54e4e",
            "ticker": "KXHIGHDEN-25FEB26-B46.5",
            "count": 7,
            "created_time": "2025-02-26T18:56:27.012921Z",
            "yes_price": 12,
            "no_price": 88,
            "taker_side": "yes"
        },
        {
            "trade_id": "75a7a99a-b4bc-4e1a-abd1-e8a0789b811c",
            "ticker": "KXHIGHDEN-25FEB26-B46.5",
            "count": 15,
            "created_time": "2025-02-26T18:52:03.781592Z",
            "yes_price": 12,
            "no_price": 88,
            "taker_side": "yes"
        },
        {
            "trade_id": "f39682f9-0720-4a7c-90dc-c960aa336b71",
            "ticker": "KXHIGHDEN-25FEB26-B46.5",
            "count": 12,
            "created_time": "2025-02-26T18:32:40.337946Z",
            "yes_price": 5,
            "no_price": 95,
            "taker_side": "no"
        },
        {
            "trade_id": "52df499d-6b08-4fd1-a18a-41d8eccf1bee",
            "ticker": "KXHIGHDEN-25FEB26-B46.5",
            "count": 25,
            "created_time": "2025-02-26T18:12:01.67774Z",
            "yes_price": 6,
            "no_price": 94,
            "taker_side": "no"
        },
        {
            "trade_id": "4ba074d4-0a40-4233-8a9e-b4f41682a27e",
            "ticker": "KXHIGHDEN-25FEB26-B46.5",
            "count": 7,
            "created_time": "2025-02-26T18:07:37.235041Z",
            "yes_price": 8,
            "no_price": 92,
            "taker_side": "no"
        },
        {
            "trade_id": "a276c583-4e90-485f-a7a9-b408a89e8f73",
            "ticker": "KXHIGHDEN-25FEB26-B46.5",
            "count": 23,
            "created_time": "2025-02-26T18:06:57.001195Z",
            "yes_price": 9,
            "no_price": 91,
            "taker_side": "no"
        },
        {
            "trade_id": "16324292-35f4-4bec-851a-b27c82da2ccd",
            "ticker": "KXHIGHDEN-25FEB26-B46.5",
            "count": 10,
            "created_time": "2025-02-26T18:06:53.857249Z",
            "yes_price": 10,
            "no_price": 90,
            "taker_side": "no"
        },
        {
            "trade_id": "00ca635f-3561-4b38-80a1-5d1738dcfd78",
            "ticker": "KXHIGHDEN-25FEB26-B46.5",
            "count": 99,
            "created_time": "2025-02-26T18:04:45.379701Z",
            "yes_price": 15,
            "no_price": 85,
            "taker_side": "yes"
        },
        {
            "trade_id": "c9c34145-a081-42f7-9583-a65d84fc19db",
            "ticker": "KXHIGHDEN-25FEB26-B46.5",
            "count": 2,
            "created_time": "2025-02-26T18:04:39.10018Z",
            "yes_price": 9,
            "no_price": 91,
            "taker_side": "no"
        },
        {
            "trade_id": "b692fc48-aaf9-4d66-a7aa-6456fad256b1",
            "ticker": "KXHIGHDEN-25FEB26-B46.5",
            "count": 10,
            "created_time": "2025-02-26T18:04:39.10018Z",
            "yes_price": 9,
            "no_price": 91,
            "taker_side": "no"
        },
        {
            "trade_id": "a9a91121-375f-4c6f-a1e8-36a0b1e1de0c",
            "ticker": "KXHIGHDEN-25FEB26-B46.5",
            "count": 8,
            "created_time": "2025-02-26T17:52:37.8068Z",
            "yes_price": 12,
            "no_price": 88,
            "taker_side": "no"
        },
        {
            "trade_id": "0c6736f2-b95c-48b4-9652-0c4754435624",
            "ticker": "KXHIGHDEN-25FEB26-B46.5",
            "count": 3,
            "created_time": "2025-02-26T17:52:37.8068Z",
            "yes_price": 8,
            "no_price": 92,
            "taker_side": "no"
        },
        {
            "trade_id": "5c2085d4-a339-4440-85c9-fb4296d7b8eb",
            "ticker": "KXHIGHDEN-25FEB26-B46.5",
            "count": 2,
            "created_time": "2025-02-26T17:52:26.979163Z",
            "yes_price": 12,
            "no_price": 88,
            "taker_side": "no"
        },
        {
            "trade_id": "3681a808-9c70-4315-a28e-b9cf3f37c0d0",
            "ticker": "KXHIGHDEN-25FEB26-B46.5",
            "count": 5,
            "created_time": "2025-02-26T17:50:37.78279Z",
            "yes_price": 13,
            "no_price": 87,
            "taker_side": "no"
        },
        {
            "trade_id": "bcad391d-2af5-4cd1-ad42-522f3c3ab404",
            "ticker": "KXHIGHDEN-25FEB26-B46.5",
            "count": 5,
            "created_time": "2025-02-26T17:50:36.850424Z",
            "yes_price": 13,
            "no_price": 87,
            "taker_side": "no"
        },
        {
            "trade_id": "10529ec2-beea-4d86-89f0-d3a3e414e12c",
            "ticker": "KXHIGHDEN-25FEB26-B46.5",
            "count": 15,
            "created_time": "2025-02-26T17:50:35.963626Z",
            "yes_price": 13,
            "no_price": 87,
            "taker_side": "no"
        },
        {
            "trade_id": "1b646f78-cc60-4bf3-a578-40ed4cb8819f",
            "ticker": "KXHIGHDEN-25FEB26-B46.5",
            "count": 15,
            "created_time": "2025-02-26T17:50:35.101789Z",
            "yes_price": 13,
            "no_price": 87,
            "taker_side": "no"
        },
        {
            "trade_id": "4b94c51f-6215-49d8-aa87-b4009762a13f",
            "ticker": "KXHIGHDEN-25FEB26-B46.5",
            "count": 2,
            "created_time": "2025-02-26T17:34:44.932617Z",
            "yes_price": 13,
            "no_price": 87,
            "taker_side": "yes"
        },
        {
            "trade_id": "61e5cd29-6da6-40b9-9eac-739f1acc06f2",
            "ticker": "KXHIGHDEN-25FEB26-B46.5",
            "count": 14,
            "created_time": "2025-02-26T17:33:43.108047Z",
            "yes_price": 13,
            "no_price": 87,
            "taker_side": "yes"
        },
        {
            "trade_id": "a32116e3-b0f1-4d8f-a235-57e339d0a478",
            "ticker": "KXHIGHDEN-25FEB26-B46.5",
            "count": 4,
            "created_time": "2025-02-26T17:33:03.633002Z",
            "yes_price": 6,
            "no_price": 94,
            "taker_side": "no"
        },
        {
            "trade_id": "59cf0f29-23a3-4fcb-bf32-cdbc4fa7c957",
            "ticker": "KXHIGHDEN-25FEB26-B46.5",
            "count": 47,
            "created_time": "2025-02-26T17:30:12.332796Z",
            "yes_price": 5,
            "no_price": 95,
            "taker_side": "no"
        },
        {
            "trade_id": "60000450-682e-47d0-96a6-d16f60dd652b",
            "ticker": "KXHIGHDEN-25FEB26-B46.5",
            "count": 29,
            "created_time": "2025-02-26T17:26:49.142434Z",
            "yes_price": 4,
            "no_price": 96,
            "taker_side": "no"
        },
        {
            "trade_id": "626ece02-2df6-4263-849e-a0ed7036dbb2",
            "ticker": "KXHIGHDEN-25FEB26-B46.5",
            "count": 47,
            "created_time": "2025-02-26T17:26:09.600446Z",
            "yes_price": 14,
            "no_price": 86,
            "taker_side": "yes"
        },
        {
            "trade_id": "e0cf2ab6-f05f-4d74-9b03-6845ad338813",
            "ticker": "KXHIGHDEN-25FEB26-B46.5",
            "count": 50,
            "created_time": "2025-02-26T17:09:36.375571Z",
            "yes_price": 13,
            "no_price": 87,
            "taker_side": "yes"
        },
        {
            "trade_id": "865a11dd-e8f0-41e6-a844-863c9e58ef02",
            "ticker": "KXHIGHDEN-25FEB26-B46.5",
            "count": 17,
            "created_time": "2025-02-26T17:09:36.375571Z",
            "yes_price": 14,
            "no_price": 86,
            "taker_side": "yes"
        },
        {
            "trade_id": "1525f58a-efaf-45db-a061-2951b8381449",
            "ticker": "KXHIGHDEN-25FEB26-B46.5",
            "count": 33,
            "created_time": "2025-02-26T17:09:36.375571Z",
            "yes_price": 15,
            "no_price": 85,
            "taker_side": "yes"
        },
        {
            "trade_id": "0d8709ca-db93-470b-9030-d4c589086440",
            "ticker": "KXHIGHDEN-25FEB26-B46.5",
            "count": 300,
            "created_time": "2025-02-26T17:09:36.375571Z",
            "yes_price": 14,
            "no_price": 86,
            "taker_side": "yes"
        },
        {
            "trade_id": "e97a73e3-c93a-4831-b7f5-0eda1adad22d",
            "ticker": "KXHIGHDEN-25FEB26-B46.5",
            "count": 10,
            "created_time": "2025-02-26T17:01:04.905293Z",
            "yes_price": 6,
            "no_price": 94,
            "taker_side": "no"
        },
        {
            "trade_id": "d9bf31f5-3ae7-4754-8fd8-b41632b2516e",
            "ticker": "KXHIGHDEN-25FEB26-B46.5",
            "count": 27,
            "created_time": "2025-02-26T17:01:04.905293Z",
            "yes_price": 6,
            "no_price": 94,
            "taker_side": "no"
        },
        {
            "trade_id": "ad880bbb-6dde-4849-a310-da1580c74fa2",
            "ticker": "KXHIGHDEN-25FEB26-B46.5",
            "count": 50,
            "created_time": "2025-02-26T17:01:04.905293Z",
            "yes_price": 7,
            "no_price": 93,
            "taker_side": "no"
        },
        {
            "trade_id": "a6441a7d-bb05-4a28-a277-598f01868241",
            "ticker": "KXHIGHDEN-25FEB26-B46.5",
            "count": 40,
            "created_time": "2025-02-26T17:01:04.905293Z",
            "yes_price": 3,
            "no_price": 97,
            "taker_side": "no"
        },
        {
            "trade_id": "9404e3f6-5922-48d3-a38f-c08203b873e4",
            "ticker": "KXHIGHDEN-25FEB26-B46.5",
            "count": 25,
            "created_time": "2025-02-26T17:01:04.905293Z",
            "yes_price": 7,
            "no_price": 93,
            "taker_side": "no"
        },
        {
            "trade_id": "81fde975-30de-4b18-8abb-2adc1837957f",
            "ticker": "KXHIGHDEN-25FEB26-B46.5",
            "count": 10,
            "created_time": "2025-02-26T17:01:04.905293Z",
            "yes_price": 8,
            "no_price": 92,
            "taker_side": "no"
        },
        {
            "trade_id": "660d445c-aa66-4e3b-a805-fc17334f0272",
            "ticker": "KXHIGHDEN-25FEB26-B46.5",
            "count": 11,
            "created_time": "2025-02-26T17:01:04.905293Z",
            "yes_price": 3,
            "no_price": 97,
            "taker_side": "no"
        },
        {
            "trade_id": "dac0c3c8-a511-4492-b406-5c512f390048",
            "ticker": "KXHIGHDEN-25FEB26-B46.5",
            "count": 4,
            "created_time": "2025-02-26T16:07:29.049451Z",
            "yes_price": 7,
            "no_price": 93,
            "taker_side": "no"
        },
        {
            "trade_id": "971d0021-6a96-41dc-9ca3-7e407fd8ff99",
            "ticker": "KXHIGHDEN-25FEB26-B46.5",
            "count": 47,
            "created_time": "2025-02-26T16:07:29.049451Z",
            "yes_price": 8,
            "no_price": 92,
            "taker_side": "no"
        },
        {
            "trade_id": "90f7b8aa-438f-47d2-90dd-45494155e58c",
            "ticker": "KXHIGHDEN-25FEB26-B46.5",
            "count": 7,
            "created_time": "2025-02-26T16:07:29.049451Z",
            "yes_price": 6,
            "no_price": 94,
            "taker_side": "no"
        },
        {
            "trade_id": "00449ad0-b169-41d8-acc6-d2b98d4b8616",
            "ticker": "KXHIGHDEN-25FEB26-B46.5",
            "count": 28,
            "created_time": "2025-02-26T16:07:29.049451Z",
            "yes_price": 7,
            "no_price": 93,
            "taker_side": "no"
        },
        {
            "trade_id": "f283dd74-f3d0-4c65-8679-18095a282dc7",
            "ticker": "KXHIGHDEN-25FEB26-B46.5",
            "count": 33,
            "created_time": "2025-02-26T15:47:17.799387Z",
            "yes_price": 13,
            "no_price": 87,
            "taker_side": "yes"
        },
        {
            "trade_id": "c6f9462d-bda6-4cc1-87d3-2eddb7814943",
            "ticker": "KXHIGHDEN-25FEB26-B46.5",
            "count": 2,
            "created_time": "2025-02-26T15:47:17.799387Z",
            "yes_price": 15,
            "no_price": 85,
            "taker_side": "yes"
        },
        {
            "trade_id": "bc1dad7c-235e-457d-9025-3cf324a8f2ab",
            "ticker": "KXHIGHDEN-25FEB26-B46.5",
            "count": 42,
            "created_time": "2025-02-26T15:47:17.799387Z",
            "yes_price": 12,
            "no_price": 88,
            "taker_side": "yes"
        },
        {
            "trade_id": "7e54f503-4200-4c90-8255-2e75ecc9e97a",
            "ticker": "KXHIGHDEN-25FEB26-B46.5",
            "count": 71,
            "created_time": "2025-02-26T15:47:17.799387Z",
            "yes_price": 15,
            "no_price": 85,
            "taker_side": "yes"
        },
        {
            "trade_id": "7dc2b4d3-42e4-43e1-9154-1cfe18050af8",
            "ticker": "KXHIGHDEN-25FEB26-B46.5",
            "count": 11,
            "created_time": "2025-02-26T15:47:17.799387Z",
            "yes_price": 13,
            "no_price": 87,
            "taker_side": "yes"
        },
        {
            "trade_id": "6cf4bcd6-4295-4ba3-bb11-22d451498274",
            "ticker": "KXHIGHDEN-25FEB26-B46.5",
            "count": 14,
            "created_time": "2025-02-26T15:47:17.799387Z",
            "yes_price": 13,
            "no_price": 87,
            "taker_side": "yes"
        },
        {
            "trade_id": "f8cc0a66-d91b-487c-aac4-21b80483d50e",
            "ticker": "KXHIGHDEN-25FEB26-B46.5",
            "count": 64,
            "created_time": "2025-02-26T15:37:31.064428Z",
            "yes_price": 8,
            "no_price": 92,
            "taker_side": "no"
        },
        {
            "trade_id": "df0db0a3-44fc-419e-8b25-7d3b180d8725",
            "ticker": "KXHIGHDEN-25FEB26-B46.5",
            "count": 72,
            "created_time": "2025-02-26T15:37:31.064428Z",
            "yes_price": 9,
            "no_price": 91,
            "taker_side": "no"
        },
        {
            "trade_id": "34692c89-52e9-46b5-b09c-90b29a44d729",
            "ticker": "KXHIGHDEN-25FEB26-B46.5",
            "count": 139,
            "created_time": "2025-02-26T15:37:21.636081Z",
            "yes_price": 8,
            "no_price": 92,
            "taker_side": "no"
        },
        {
            "trade_id": "f0f60243-f45b-4f63-8998-c7d291351ec1",
            "ticker": "KXHIGHDEN-25FEB26-B46.5",
            "count": 100,
            "created_time": "2025-02-26T15:36:44.04924Z",
            "yes_price": 12,
            "no_price": 88,
            "taker_side": "no"
        },
        {
            "trade_id": "eac5889a-aa9f-40e1-854d-a7b706ee264b",
            "ticker": "KXHIGHDEN-25FEB26-B46.5",
            "count": 150,
            "created_time": "2025-02-26T15:36:44.04924Z",
            "yes_price": 10,
            "no_price": 90,
            "taker_side": "no"
        },
        {
            "trade_id": "d3a83a5b-e720-4d8f-a1ab-17a50a07d142",
            "ticker": "KXHIGHDEN-25FEB26-B46.5",
            "count": 70,
            "created_time": "2025-02-26T15:36:44.04924Z",
            "yes_price": 11,
            "no_price": 89,
            "taker_side": "no"
        },
        {
            "trade_id": "abe68e10-8c69-4332-897c-eade7ba1587e",
            "ticker": "KXHIGHDEN-25FEB26-B46.5",
            "count": 1,
            "created_time": "2025-02-26T15:36:44.04924Z",
            "yes_price": 11,
            "no_price": 89,
            "taker_side": "no"
        },
        {
            "trade_id": "aa9063a3-bac0-42c3-a158-276c3e271319",
            "ticker": "KXHIGHDEN-25FEB26-B46.5",
            "count": 17,
            "created_time": "2025-02-26T15:36:44.04924Z",
            "yes_price": 11,
            "no_price": 89,
            "taker_side": "no"
        },
        {
            "trade_id": "1a8d5a94-14c5-42b7-8397-f3059ac14377",
            "ticker": "KXHIGHDEN-25FEB26-B46.5",
            "count": 20,
            "created_time": "2025-02-26T15:36:44.04924Z",
            "yes_price": 9,
            "no_price": 91,
            "taker_side": "no"
        },
        {
            "trade_id": "171031b3-16e6-4b1b-92a3-6f2715538245",
            "ticker": "KXHIGHDEN-25FEB26-B46.5",
            "count": 31,
            "created_time": "2025-02-26T15:36:44.04924Z",
            "yes_price": 10,
            "no_price": 90,
            "taker_side": "no"
        },
        {
            "trade_id": "07085661-16e3-46cf-b155-fb074b7b1bbe",
            "ticker": "KXHIGHDEN-25FEB26-B46.5",
            "count": 163,
            "created_time": "2025-02-26T15:36:44.04924Z",
            "yes_price": 9,
            "no_price": 91,
            "taker_side": "no"
        },
        {
            "trade_id": "8c7a2df9-260a-4a1d-9b39-69f017a67e0f",
            "ticker": "KXHIGHDEN-25FEB26-B46.5",
            "count": 15,
            "created_time": "2025-02-26T15:36:21.493454Z",
            "yes_price": 13,
            "no_price": 87,
            "taker_side": "no"
        },
        {
            "trade_id": "72c9580a-fd20-4b69-aa1b-2987272241f5",
            "ticker": "KXHIGHDEN-25FEB26-B46.5",
            "count": 4,
            "created_time": "2025-02-26T15:36:21.493454Z",
            "yes_price": 13,
            "no_price": 87,
            "taker_side": "no"
        },
        {
            "trade_id": "3c96d790-89d7-4daf-9f28-c29a9a1e5b48",
            "ticker": "KXHIGHDEN-25FEB26-B46.5",
            "count": 42,
            "created_time": "2025-02-26T15:36:21.493454Z",
            "yes_price": 15,
            "no_price": 85,
            "taker_side": "no"
        },
        {
            "trade_id": "510ccc7a-5083-4815-964a-ba524db14e04",
            "ticker": "KXHIGHDEN-25FEB26-B46.5",
            "count": 104,
            "created_time": "2025-02-26T15:36:18.119524Z",
            "yes_price": 15,
            "no_price": 85,
            "taker_side": "no"
        },
        {
            "trade_id": "45d7d98e-f63a-4b77-b001-5691fd517a55",
            "ticker": "KXHIGHDEN-25FEB26-B46.5",
            "count": 30,
            "created_time": "2025-02-26T15:36:18.119524Z",
            "yes_price": 16,
            "no_price": 84,
            "taker_side": "no"
        },
        {
            "trade_id": "58852857-423c-4f8f-9db4-df23ead3b7ff",
            "ticker": "KXHIGHDEN-25FEB26-B46.5",
            "count": 88,
            "created_time": "2025-02-26T15:35:59.070335Z",
            "yes_price": 16,
            "no_price": 84,
            "taker_side": "no"
        },
        {
            "trade_id": "e60d35ec-1ded-4545-b689-627f77cfb545",
            "ticker": "KXHIGHDEN-25FEB26-B46.5",
            "count": 300,
            "created_time": "2025-02-26T13:22:56.599122Z",
            "yes_price": 18,
            "no_price": 82,
            "taker_side": "yes"
        },
        {
            "trade_id": "8864cbb0-157a-47fe-82a8-088771c20e5e",
            "ticker": "KXHIGHDEN-25FEB26-B46.5",
            "count": 4,
            "created_time": "2025-02-26T13:22:56.599122Z",
            "yes_price": 17,
            "no_price": 83,
            "taker_side": "yes"
        },
        {
            "trade_id": "2ce6842f-5043-4e4f-9005-7a3a0ca8c191",
            "ticker": "KXHIGHDEN-25FEB26-B46.5",
            "count": 50,
            "created_time": "2025-02-26T13:22:56.599122Z",
            "yes_price": 18,
            "no_price": 82,
            "taker_side": "yes"
        },
        {
            "trade_id": "deb1c8f0-c1aa-4458-9254-6f98a4ab309e",
            "ticker": "KXHIGHDEN-25FEB26-B46.5",
            "count": 17,
            "created_time": "2025-02-26T13:21:19.959154Z",
            "yes_price": 14,
            "no_price": 86,
            "taker_side": "no"
        },
        {
            "trade_id": "aff80256-2155-4e6f-a1f0-d95dae88b854",
            "ticker": "KXHIGHDEN-25FEB26-B46.5",
            "count": 5,
            "created_time": "2025-02-26T13:10:46.629508Z",
            "yes_price": 14,
            "no_price": 86,
            "taker_side": "no"
        },
        {
            "trade_id": "c5bd2610-f63a-49bd-a214-3ced8f5b4653",
            "ticker": "KXHIGHDEN-25FEB26-B46.5",
            "count": 10,
            "created_time": "2025-02-26T06:38:10.704078Z",
            "yes_price": 17,
            "no_price": 83,
            "taker_side": "no"
        },
        {
            "trade_id": "2251e499-2fd0-4efd-a438-d3b44d68c673",
            "ticker": "KXHIGHDEN-25FEB26-B46.5",
            "count": 49,
            "created_time": "2025-02-26T06:03:29.68976Z",
            "yes_price": 18,
            "no_price": 82,
            "taker_side": "no"
        },
        {
            "trade_id": "861fa56e-b616-40aa-905d-d82dcc0e2c13",
            "ticker": "KXHIGHDEN-25FEB26-B46.5",
            "count": 2,
            "created_time": "2025-02-26T05:05:18.692468Z",
            "yes_price": 32,
            "no_price": 68,
            "taker_side": "yes"
        },
        {
            "trade_id": "af9f4d56-d956-4545-b32f-f6e918012ec1",
            "ticker": "KXHIGHDEN-25FEB26-B46.5",
            "count": 4,
            "created_time": "2025-02-26T04:21:57.916208Z",
            "yes_price": 20,
            "no_price": 80,
            "taker_side": "yes"
        },
        {
            "trade_id": "cf961055-e4f3-45a9-8a83-873567a95fda",
            "ticker": "KXHIGHDEN-25FEB26-B46.5",
            "count": 10,
            "created_time": "2025-02-26T04:19:23.720992Z",
            "yes_price": 19,
            "no_price": 81,
            "taker_side": "yes"
        },
        {
            "trade_id": "6f6f6334-6959-4e36-8188-b3b2cc4df852",
            "ticker": "KXHIGHDEN-25FEB26-B46.5",
            "count": 99,
            "created_time": "2025-02-26T04:19:23.720992Z",
            "yes_price": 20,
            "no_price": 80,
            "taker_side": "yes"
        },
        {
            "trade_id": "66e59f53-d662-45d7-935f-3cb827167bcf",
            "ticker": "KXHIGHDEN-25FEB26-B46.5",
            "count": 8,
            "created_time": "2025-02-26T04:19:23.720992Z",
            "yes_price": 17,
            "no_price": 83,
            "taker_side": "yes"
        },
        {
            "trade_id": "4f7ba7bf-a582-4113-bff5-46ff14d55dab",
            "ticker": "KXHIGHDEN-25FEB26-B46.5",
            "count": 240,
            "created_time": "2025-02-26T04:19:23.720992Z",
            "yes_price": 19,
            "no_price": 81,
            "taker_side": "yes"
        },
        {
            "trade_id": "2c7dbf8d-0237-4d5d-ae07-2f8162a7eed8",
            "ticker": "KXHIGHDEN-25FEB26-B46.5",
            "count": 1,
            "created_time": "2025-02-26T04:19:23.720992Z",
            "yes_price": 17,
            "no_price": 83,
            "taker_side": "yes"
        },
        {
            "trade_id": "2143efbe-88de-4d0c-98e2-da5f160e32f4",
            "ticker": "KXHIGHDEN-25FEB26-B46.5",
            "count": 116,
            "created_time": "2025-02-26T04:19:23.720992Z",
            "yes_price": 21,
            "no_price": 79,
            "taker_side": "yes"
        },
        {
            "trade_id": "1bf7b850-be6c-476e-904c-0e6fba695d77",
            "ticker": "KXHIGHDEN-25FEB26-B46.5",
            "count": 9,
            "created_time": "2025-02-26T04:19:23.720992Z",
            "yes_price": 17,
            "no_price": 83,
            "taker_side": "yes"
        },
        {
            "trade_id": "df52363c-d243-4fad-9c31-801a04568de3",
            "ticker": "KXHIGHDEN-25FEB26-B46.5",
            "count": 10,
            "created_time": "2025-02-26T04:08:56.63245Z",
            "yes_price": 17,
            "no_price": 83,
            "taker_side": "yes"
        },
        {
            "trade_id": "d0fb0915-f0b4-4403-8423-c6aece00e826",
            "ticker": "KXHIGHDEN-25FEB26-B46.5",
            "count": 14,
            "created_time": "2025-02-26T04:08:56.63245Z",
            "yes_price": 17,
            "no_price": 83,
            "taker_side": "yes"
        },
        {
            "trade_id": "2680c77b-ba57-4c38-8bdd-8a6c0b6be94d",
            "ticker": "KXHIGHDEN-25FEB26-B46.5",
            "count": 24,
            "created_time": "2025-02-26T04:08:56.63245Z",
            "yes_price": 17,
            "no_price": 83,
            "taker_side": "yes"
        },
        {
            "trade_id": "2c363ba9-a25f-405b-8caa-402fea4429c0",
            "ticker": "KXHIGHDEN-25FEB26-B46.5",
            "count": 10,
            "created_time": "2025-02-26T03:17:16.140225Z",
            "yes_price": 14,
            "no_price": 86,
            "taker_side": "no"
        },
        {
            "trade_id": "e6cc8fd6-d294-44bc-b865-5b2b8167723e",
            "ticker": "KXHIGHDEN-25FEB26-B46.5",
            "count": 86,
            "created_time": "2025-02-26T03:10:26.344374Z",
            "yes_price": 18,
            "no_price": 82,
            "taker_side": "yes"
        },
        {
            "trade_id": "cf1509ab-dfdb-48b2-9f73-1f394bf34a3e",
            "ticker": "KXHIGHDEN-25FEB26-B46.5",
            "count": 14,
            "created_time": "2025-02-26T03:10:26.344374Z",
            "yes_price": 16,
            "no_price": 84,
            "taker_side": "yes"
        },
        {
            "trade_id": "97b474fe-f3ea-4ddd-952d-00c63cf7b243",
            "ticker": "KXHIGHDEN-25FEB26-B46.5",
            "count": 24,
            "created_time": "2025-02-26T03:10:26.344374Z",
            "yes_price": 16,
            "no_price": 84,
            "taker_side": "yes"
        },
        {
            "trade_id": "53b4ad6a-5628-4ffd-8404-602f106a4cc2",
            "ticker": "KXHIGHDEN-25FEB26-B46.5",
            "count": 4,
            "created_time": "2025-02-26T03:10:26.344374Z",
            "yes_price": 16,
            "no_price": 84,
            "taker_side": "yes"
        },
        {
            "trade_id": "36ab045f-158f-4c96-aae4-45d30a3e5b28",
            "ticker": "KXHIGHDEN-25FEB26-B46.5",
            "count": 8,
            "created_time": "2025-02-26T03:10:26.344374Z",
            "yes_price": 16,
            "no_price": 84,
            "taker_side": "yes"
        },
        {
            "trade_id": "ed03eef3-57b6-4a18-b9c8-16530758ce18",
            "ticker": "KXHIGHDEN-25FEB26-B46.5",
            "count": 36,
            "created_time": "2025-02-26T03:00:54.839699Z",
            "yes_price": 16,
            "no_price": 84,
            "taker_side": "yes"
        },
        {
            "trade_id": "6819cb57-87d3-4eb4-ab11-c3fc9a5b7c99",
            "ticker": "KXHIGHDEN-25FEB26-B46.5",
            "count": 21,
            "created_time": "2025-02-26T03:00:54.839699Z",
            "yes_price": 16,
            "no_price": 84,
            "taker_side": "yes"
        },
        {
            "trade_id": "9ba26496-bf0c-413d-ad20-7a2dff8e3446",
            "ticker": "KXHIGHDEN-25FEB26-B46.5",
            "count": 29,
            "created_time": "2025-02-26T02:41:16.243433Z",
            "yes_price": 16,
            "no_price": 84,
            "taker_side": "yes"
        },
        {
            "trade_id": "c98ff96f-3ce0-4d87-891b-83f715e415f5",
            "ticker": "KXHIGHDEN-25FEB26-B46.5",
            "count": 19,
            "created_time": "2025-02-26T02:26:27.241471Z",
            "yes_price": 15,
            "no_price": 85,
            "taker_side": "yes"
        },
        {
            "trade_id": "95c38e7a-edbe-4f4d-bc8c-dcc6ea939926",
            "ticker": "KXHIGHDEN-25FEB26-B46.5",
            "count": 1,
            "created_time": "2025-02-26T02:24:45.469722Z",
            "yes_price": 15,
            "no_price": 85,
            "taker_side": "no"
        },
        {
            "trade_id": "ad42084e-c9d5-41e8-b161-7fe46a3a1e66",
            "ticker": "KXHIGHDEN-25FEB26-B46.5",
            "count": 6,
            "created_time": "2025-02-26T02:23:25.116413Z",
            "yes_price": 17,
            "no_price": 83,
            "taker_side": "yes"
        },
        {
            "trade_id": "69190ac7-db1c-4910-9b4b-3a383574bcd2",
            "ticker": "KXHIGHDEN-25FEB26-B46.5",
            "count": 3,
            "created_time": "2025-02-26T02:22:58.240442Z",
            "yes_price": 17,
            "no_price": 83,
            "taker_side": "yes"
        },
        {
            "trade_id": "87b34d38-207b-4600-bdc1-9073203feddb",
            "ticker": "KXHIGHDEN-25FEB26-B46.5",
            "count": 28,
            "created_time": "2025-02-26T02:22:47.554726Z",
            "yes_price": 17,
            "no_price": 83,
            "taker_side": "yes"
        },
        {
            "trade_id": "9dda03c0-dbd8-4c5f-ac0e-61ef1607164c",
            "ticker": "KXHIGHDEN-25FEB26-B46.5",
            "count": 9,
            "created_time": "2025-02-26T02:22:36.819325Z",
            "yes_price": 17,
            "no_price": 83,
            "taker_side": "yes"
        },
        {
            "trade_id": "f0fabf57-f1d2-43ba-9652-62984be76f96",
            "ticker": "KXHIGHDEN-25FEB26-B46.5",
            "count": 4,
            "created_time": "2025-02-26T02:16:46.72542Z",
            "yes_price": 16,
            "no_price": 84,
            "taker_side": "yes"
        },
        {
            "trade_id": "1bfe15f9-efe3-4836-b840-98c8939d036a",
            "ticker": "KXHIGHDEN-25FEB26-B46.5",
            "count": 2,
            "created_time": "2025-02-26T01:54:38.637364Z",
            "yes_price": 15,
            "no_price": 85,
            "taker_side": "no"
        },
        {
            "trade_id": "852cc559-4e0f-42e7-a4e3-324456bcae40",
            "ticker": "KXHIGHDEN-25FEB26-B46.5",
            "count": 5,
            "created_time": "2025-02-26T01:54:38.471528Z",
            "yes_price": 15,
            "no_price": 85,
            "taker_side": "no"
        },
        {
            "trade_id": "338464a2-82bc-4a0f-9200-cd5f876335e1",
            "ticker": "KXHIGHDEN-25FEB26-B46.5",
            "count": 1,
            "created_time": "2025-02-26T01:54:38.471528Z",
            "yes_price": 15,
            "no_price": 85,
            "taker_side": "no"
        },
        {
            "trade_id": "d578fa17-907b-49b7-be1b-30d64ef53d60",
            "ticker": "KXHIGHDEN-25FEB26-B46.5",
            "count": 2,
            "created_time": "2025-02-26T01:54:37.632519Z",
            "yes_price": 16,
            "no_price": 84,
            "taker_side": "no"
        },
        {
            "trade_id": "cf7b6285-83e6-4dd3-9254-81ac76562eaa",
            "ticker": "KXHIGHDEN-25FEB26-B46.5",
            "count": 2,
            "created_time": "2025-02-26T01:51:41.158011Z",
            "yes_price": 17,
            "no_price": 83,
            "taker_side": "no"
        },
        {
            "trade_id": "b9a7695b-29c1-4eac-97e1-ffc4d57f051f",
            "ticker": "KXHIGHDEN-25FEB26-B46.5",
            "count": 149,
            "created_time": "2025-02-26T01:51:41.158011Z",
            "yes_price": 17,
            "no_price": 83,
            "taker_side": "no"
        },
        {
            "trade_id": "ec343be7-bfac-452e-b193-260108b9983b",
            "ticker": "KXHIGHDEN-25FEB26-B46.5",
            "count": 21,
            "created_time": "2025-02-26T01:51:41.0724Z",
            "yes_price": 17,
            "no_price": 83,
            "taker_side": "no"
        },
        {
            "trade_id": "83d3afd2-2bd4-43a9-bd23-30103a425c0c",
            "ticker": "KXHIGHDEN-25FEB26-B46.5",
            "count": 26,
            "created_time": "2025-02-26T01:48:40.520169Z",
            "yes_price": 17,
            "no_price": 83,
            "taker_side": "no"
        },
        {
            "trade_id": "7fb8dba5-7081-4662-b6bb-76dfe7f47084",
            "ticker": "KXHIGHDEN-25FEB26-B46.5",
            "count": 4,
            "created_time": "2025-02-26T01:44:31.792839Z",
            "yes_price": 17,
            "no_price": 83,
            "taker_side": "no"
        },
        {
            "trade_id": "c9987c73-2927-4b3b-a22b-307ec2a64bc0",
            "ticker": "KXHIGHDEN-25FEB26-B46.5",
            "count": 50,
            "created_time": "2025-02-26T01:42:37.112678Z",
            "yes_price": 19,
            "no_price": 81,
            "taker_side": "no"
        },
        {
            "trade_id": "2c45e5f5-ca73-4e11-956d-dbc0b78e56e1",
            "ticker": "KXHIGHDEN-25FEB26-B46.5",
            "count": 15,
            "created_time": "2025-02-26T01:36:35.949945Z",
            "yes_price": 20,
            "no_price": 80,
            "taker_side": "no"
        },
        {
            "trade_id": "e733044b-04d0-4930-9bfc-92d19898218f",
            "ticker": "KXHIGHDEN-25FEB26-B46.5",
            "count": 10,
            "created_time": "2025-02-26T01:33:45.662999Z",
            "yes_price": 22,
            "no_price": 78,
            "taker_side": "no"
        },
        {
            "trade_id": "fa87f0c0-758d-4e3e-999d-db4f691606c4",
            "ticker": "KXHIGHDEN-25FEB26-B46.5",
            "count": 44,
            "created_time": "2025-02-26T01:25:39.945577Z",
            "yes_price": 23,
            "no_price": 77,
            "taker_side": "yes"
        },
        {
            "trade_id": "ec6a0d2d-efed-4879-9410-ac700cf2313b",
            "ticker": "KXHIGHDEN-25FEB26-B46.5",
            "count": 143,
            "created_time": "2025-02-26T01:25:39.945577Z",
            "yes_price": 25,
            "no_price": 75,
            "taker_side": "yes"
        },
        {
            "trade_id": "1ce684eb-140c-4e1b-a901-1b35ffc66588",
            "ticker": "KXHIGHDEN-25FEB26-B46.5",
            "count": 7,
            "created_time": "2025-02-26T01:25:39.945577Z",
            "yes_price": 23,
            "no_price": 77,
            "taker_side": "yes"
        },
        {
            "trade_id": "2cae2851-00ca-43a8-8997-223d1a0e589a",
            "ticker": "KXHIGHDEN-25FEB26-B46.5",
            "count": 1,
            "created_time": "2025-02-26T01:06:30.548419Z",
            "yes_price": 23,
            "no_price": 77,
            "taker_side": "yes"
        },
        {
            "trade_id": "147a89c7-8669-4d81-9bd6-f2203b9831b1",
            "ticker": "KXHIGHDEN-25FEB26-B46.5",
            "count": 1,
            "created_time": "2025-02-26T01:06:30.548419Z",
            "yes_price": 23,
            "no_price": 77,
            "taker_side": "yes"
        },
        {
            "trade_id": "946749a7-c86f-4904-8cdb-a5d8d7a98866",
            "ticker": "KXHIGHDEN-25FEB26-B46.5",
            "count": 21,
            "created_time": "2025-02-25T22:30:59.242095Z",
            "yes_price": 20,
            "no_price": 80,
            "taker_side": "yes"
        },
        {
            "trade_id": "7c14238a-640b-40c4-b2ac-55c4f31bb125",
            "ticker": "KXHIGHDEN-25FEB26-B46.5",
            "count": 29,
            "created_time": "2025-02-25T22:30:59.242095Z",
            "yes_price": 20,
            "no_price": 80,
            "taker_side": "yes"
        },
        {
            "trade_id": "7679a741-311d-4ae3-8666-3fb619bb3aee",
            "ticker": "KXHIGHDEN-25FEB26-B46.5",
            "count": 63,
            "created_time": "2025-02-25T22:29:08.741364Z",
            "yes_price": 20,
            "no_price": 80,
            "taker_side": "yes"
        },
        {
            "trade_id": "1afbd2ce-83d2-41cc-8a11-4cb4f51f5bd0",
            "ticker": "KXHIGHDEN-25FEB26-B46.5",
            "count": 31,
            "created_time": "2025-02-25T22:29:08.741364Z",
            "yes_price": 20,
            "no_price": 80,
            "taker_side": "yes"
        },
        {
            "trade_id": "5ab70a42-1073-486b-bdc3-530e7c5ac3e5",
            "ticker": "KXHIGHDEN-25FEB26-B46.5",
            "count": 4,
            "created_time": "2025-02-25T22:24:49.221324Z",
            "yes_price": 20,
            "no_price": 80,
            "taker_side": "no"
        },
        {
            "trade_id": "d26372d0-68a3-4a54-b6bd-d202a8432a57",
            "ticker": "KXHIGHDEN-25FEB26-B46.5",
            "count": 9,
            "created_time": "2025-02-25T15:33:03.29026Z",
            "yes_price": 18,
            "no_price": 82,
            "taker_side": "no"
        }
    ],
    "KXHIGHDEN-25FEB26-B48.5": [
        {
            "trade_id": "c8dc8fcd-d348-4021-8708-d30637cc7147",
            "ticker": "KXHIGHDEN-25FEB26-B48.5",
            "count": 2,
            "created_time": "2025-02-26T23:23:47.848653Z",
            "yes_price": 1,
            "no_price": 99,
            "taker_side": "yes"
        },
        {
            "trade_id": "566707c8-d72e-4081-9f1c-a6063c39f4be",
            "ticker": "KXHIGHDEN-25FEB26-B48.5",
            "count": 11,
            "created_time": "2025-02-26T21:40:15.768877Z",
            "yes_price": 1,
            "no_price": 99,
            "taker_side": "yes"
        },
        {
            "trade_id": "647d1ed6-cf17-4659-9c9c-be4bfd6e02e9",
            "ticker": "KXHIGHDEN-25FEB26-B48.5",
            "count": 14,
            "created_time": "2025-02-26T21:35:11.052323Z",
            "yes_price": 1,
            "no_price": 99,
            "taker_side": "yes"
        },
        {
            "trade_id": "8de3a738-be0f-491f-9cd5-516c5b907d0c",
            "ticker": "KXHIGHDEN-25FEB26-B48.5",
            "count": 100,
            "created_time": "2025-02-26T21:33:51.734601Z",
            "yes_price": 1,
            "no_price": 99,
            "taker_side": "yes"
        },
        {
            "trade_id": "1e4f3c8b-7ac3-4958-9399-6e82bab70e0b",
            "ticker": "KXHIGHDEN-25FEB26-B48.5",
            "count": 20,
            "created_time": "2025-02-26T21:30:11.195327Z",
            "yes_price": 1,
            "no_price": 99,
            "taker_side": "yes"
        },
        {
            "trade_id": "2a8449d5-bb09-4612-b730-c22d325afefa",
            "ticker": "KXHIGHDEN-25FEB26-B48.5",
            "count": 30,
            "created_time": "2025-02-26T21:25:26.92973Z",
            "yes_price": 1,
            "no_price": 99,
            "taker_side": "yes"
        },
        {
            "trade_id": "ca8e8efb-4af4-436c-a671-3867b5330854",
            "ticker": "KXHIGHDEN-25FEB26-B48.5",
            "count": 9,
            "created_time": "2025-02-26T21:25:25.95331Z",
            "yes_price": 1,
            "no_price": 99,
            "taker_side": "yes"
        },
        {
            "trade_id": "33071eb2-8027-44fb-836d-c25b959c705a",
            "ticker": "KXHIGHDEN-25FEB26-B48.5",
            "count": 918,
            "created_time": "2025-02-26T21:21:20.113397Z",
            "yes_price": 1,
            "no_price": 99,
            "taker_side": "yes"
        },
        {
            "trade_id": "06b834ae-6c3c-4eae-9aef-84ef0d0e9ffe",
            "ticker": "KXHIGHDEN-25FEB26-B48.5",
            "count": 82,
            "created_time": "2025-02-26T21:21:20.113397Z",
            "yes_price": 1,
            "no_price": 99,
            "taker_side": "yes"
        },
        {
            "trade_id": "64f79e49-fe62-4fe6-9fbc-28ef92c70dcb",
            "ticker": "KXHIGHDEN-25FEB26-B48.5",
            "count": 40,
            "created_time": "2025-02-26T21:20:16.74811Z",
            "yes_price": 1,
            "no_price": 99,
            "taker_side": "yes"
        },
        {
            "trade_id": "371fc2d1-045e-44ee-8e87-1694805207d7",
            "ticker": "KXHIGHDEN-25FEB26-B48.5",
            "count": 14,
            "created_time": "2025-02-26T21:20:16.560899Z",
            "yes_price": 1,
            "no_price": 99,
            "taker_side": "yes"
        },
        {
            "trade_id": "d47a1d8d-77ca-4df7-adb4-560c5a358287",
            "ticker": "KXHIGHDEN-25FEB26-B48.5",
            "count": 40,
            "created_time": "2025-02-26T21:15:26.027568Z",
            "yes_price": 1,
            "no_price": 99,
            "taker_side": "yes"
        },
        {
            "trade_id": "849858ed-8845-4b70-8136-542c14972d93",
            "ticker": "KXHIGHDEN-25FEB26-B48.5",
            "count": 26,
            "created_time": "2025-02-26T21:15:25.710189Z",
            "yes_price": 1,
            "no_price": 99,
            "taker_side": "yes"
        },
        {
            "trade_id": "326d472e-d961-454e-87bf-94ca76688305",
            "ticker": "KXHIGHDEN-25FEB26-B48.5",
            "count": 22,
            "created_time": "2025-02-26T21:15:25.510835Z",
            "yes_price": 1,
            "no_price": 99,
            "taker_side": "yes"
        },
        {
            "trade_id": "9d8b59b2-9746-4983-8033-cd7e89dbb939",
            "ticker": "KXHIGHDEN-25FEB26-B48.5",
            "count": 93,
            "created_time": "2025-02-26T21:11:46.53099Z",
            "yes_price": 1,
            "no_price": 99,
            "taker_side": "yes"
        },
        {
            "trade_id": "84660f51-73e3-4295-a02d-0bfce572f39a",
            "ticker": "KXHIGHDEN-25FEB26-B48.5",
            "count": 935,
            "created_time": "2025-02-26T21:11:18.95818Z",
            "yes_price": 1,
            "no_price": 99,
            "taker_side": "yes"
        },
        {
            "trade_id": "81d05b26-250e-47ab-b6f0-a6daea7439e5",
            "ticker": "KXHIGHDEN-25FEB26-B48.5",
            "count": 46,
            "created_time": "2025-02-26T21:10:14.752652Z",
            "yes_price": 1,
            "no_price": 99,
            "taker_side": "yes"
        },
        {
            "trade_id": "1d68f29b-4a01-4d72-8ab4-c78d903415f6",
            "ticker": "KXHIGHDEN-25FEB26-B48.5",
            "count": 40,
            "created_time": "2025-02-26T21:10:12.028307Z",
            "yes_price": 1,
            "no_price": 99,
            "taker_side": "yes"
        },
        {
            "trade_id": "3ef77317-af5c-4c2f-ae44-caefba1d15a2",
            "ticker": "KXHIGHDEN-25FEB26-B48.5",
            "count": 34,
            "created_time": "2025-02-26T21:10:11.799993Z",
            "yes_price": 1,
            "no_price": 99,
            "taker_side": "yes"
        },
        {
            "trade_id": "0145a6f6-5153-4fc6-a6ee-abb923f19d9b",
            "ticker": "KXHIGHDEN-25FEB26-B48.5",
            "count": 28,
            "created_time": "2025-02-26T21:10:11.517725Z",
            "yes_price": 1,
            "no_price": 99,
            "taker_side": "yes"
        },
        {
            "trade_id": "d4cc6da7-24d7-4490-bc29-e6f78c26285c",
            "ticker": "KXHIGHDEN-25FEB26-B48.5",
            "count": 74,
            "created_time": "2025-02-26T21:08:55.509219Z",
            "yes_price": 1,
            "no_price": 99,
            "taker_side": "yes"
        },
        {
            "trade_id": "4a5b7845-1622-4a58-a8b6-fc32290fb9af",
            "ticker": "KXHIGHDEN-25FEB26-B48.5",
            "count": 187,
            "created_time": "2025-02-26T21:08:13.316874Z",
            "yes_price": 1,
            "no_price": 99,
            "taker_side": "yes"
        },
        {
            "trade_id": "b71d40b8-c1f8-42ff-aca6-960af8f96376",
            "ticker": "KXHIGHDEN-25FEB26-B48.5",
            "count": 100,
            "created_time": "2025-02-26T21:07:12.535772Z",
            "yes_price": 3,
            "no_price": 97,
            "taker_side": "no"
        },
        {
            "trade_id": "745a20b6-60ae-44b2-a701-f6479f53a722",
            "ticker": "KXHIGHDEN-25FEB26-B48.5",
            "count": 300,
            "created_time": "2025-02-26T21:07:12.535772Z",
            "yes_price": 2,
            "no_price": 98,
            "taker_side": "no"
        },
        {
            "trade_id": "425bae6a-f052-498b-b1e1-80f4f62b82d5",
            "ticker": "KXHIGHDEN-25FEB26-B48.5",
            "count": 300,
            "created_time": "2025-02-26T21:07:12.535772Z",
            "yes_price": 2,
            "no_price": 98,
            "taker_side": "no"
        },
        {
            "trade_id": "347dfa90-eba7-4689-ae99-5c4f04b88a08",
            "ticker": "KXHIGHDEN-25FEB26-B48.5",
            "count": 120,
            "created_time": "2025-02-26T21:07:12.535772Z",
            "yes_price": 1,
            "no_price": 99,
            "taker_side": "no"
        },
        {
            "trade_id": "99c5169f-7e00-4902-8dcd-c69d86692596",
            "ticker": "KXHIGHDEN-25FEB26-B48.5",
            "count": 1,
            "created_time": "2025-02-26T21:06:56.842644Z",
            "yes_price": 71,
            "no_price": 29,
            "taker_side": "yes"
        },
        {
            "trade_id": "c45b83a1-fdd4-49c1-9e2a-f5b4013607c0",
            "ticker": "KXHIGHDEN-25FEB26-B48.5",
            "count": 134,
            "created_time": "2025-02-26T21:06:48.362214Z",
            "yes_price": 8,
            "no_price": 92,
            "taker_side": "no"
        },
        {
            "trade_id": "6353cfa9-76a1-400b-9316-4770761e2e1f",
            "ticker": "KXHIGHDEN-25FEB26-B48.5",
            "count": 4,
            "created_time": "2025-02-26T21:06:48.362214Z",
            "yes_price": 10,
            "no_price": 90,
            "taker_side": "no"
        },
        {
            "trade_id": "cf890b71-fb47-4750-8c04-465125036dab",
            "ticker": "KXHIGHDEN-25FEB26-B48.5",
            "count": 18,
            "created_time": "2025-02-26T21:06:18.619898Z",
            "yes_price": 9,
            "no_price": 91,
            "taker_side": "no"
        },
        {
            "trade_id": "a78bcf3b-359d-46d8-9152-170fdee4ec76",
            "ticker": "KXHIGHDEN-25FEB26-B48.5",
            "count": 66,
            "created_time": "2025-02-26T21:06:18.619898Z",
            "yes_price": 8,
            "no_price": 92,
            "taker_side": "no"
        },
        {
            "trade_id": "ae42650e-2d48-4b72-9759-c6adbb212751",
            "ticker": "KXHIGHDEN-25FEB26-B48.5",
            "count": 22,
            "created_time": "2025-02-26T21:06:17.852984Z",
            "yes_price": 9,
            "no_price": 91,
            "taker_side": "no"
        },
        {
            "trade_id": "7d1e7187-9165-458f-8a97-5e2ccf5414e2",
            "ticker": "KXHIGHDEN-25FEB26-B48.5",
            "count": 40,
            "created_time": "2025-02-26T21:06:17.852984Z",
            "yes_price": 9,
            "no_price": 91,
            "taker_side": "no"
        },
        {
            "trade_id": "d2402330-7f06-484b-a274-a7cd963aff95",
            "ticker": "KXHIGHDEN-25FEB26-B48.5",
            "count": 15,
            "created_time": "2025-02-26T21:06:12.164974Z",
            "yes_price": 15,
            "no_price": 85,
            "taker_side": "no"
        },
        {
            "trade_id": "cd9e6b71-0bb8-403e-81e7-33adf95afba7",
            "ticker": "KXHIGHDEN-25FEB26-B48.5",
            "count": 20,
            "created_time": "2025-02-26T21:06:12.164974Z",
            "yes_price": 26,
            "no_price": 74,
            "taker_side": "no"
        },
        {
            "trade_id": "ba3347c0-90d8-45ac-aa5d-a2d27155e91c",
            "ticker": "KXHIGHDEN-25FEB26-B48.5",
            "count": 100,
            "created_time": "2025-02-26T21:06:12.164974Z",
            "yes_price": 12,
            "no_price": 88,
            "taker_side": "no"
        },
        {
            "trade_id": "afdf5ff0-fc24-40a5-9acf-c731e32c47e4",
            "ticker": "KXHIGHDEN-25FEB26-B48.5",
            "count": 87,
            "created_time": "2025-02-26T21:06:12.164974Z",
            "yes_price": 14,
            "no_price": 86,
            "taker_side": "no"
        },
        {
            "trade_id": "a6c0e401-1757-44d2-ae77-d2dd5e017067",
            "ticker": "KXHIGHDEN-25FEB26-B48.5",
            "count": 551,
            "created_time": "2025-02-26T21:06:12.164974Z",
            "yes_price": 13,
            "no_price": 87,
            "taker_side": "no"
        },
        {
            "trade_id": "56247f8b-685b-44f8-ab7f-71e1f4674b41",
            "ticker": "KXHIGHDEN-25FEB26-B48.5",
            "count": 200,
            "created_time": "2025-02-26T21:06:12.164974Z",
            "yes_price": 12,
            "no_price": 88,
            "taker_side": "no"
        },
        {
            "trade_id": "041fb38e-80d0-464c-8ddc-4415e6475bd8",
            "ticker": "KXHIGHDEN-25FEB26-B48.5",
            "count": 300,
            "created_time": "2025-02-26T21:06:12.164974Z",
            "yes_price": 14,
            "no_price": 86,
            "taker_side": "no"
        },
        {
            "trade_id": "a3796434-8bc3-473a-adc6-d8d5df6a0fca",
            "ticker": "KXHIGHDEN-25FEB26-B48.5",
            "count": 20,
            "created_time": "2025-02-26T21:05:56.452756Z",
            "yes_price": 33,
            "no_price": 67,
            "taker_side": "no"
        },
        {
            "trade_id": "fb76938b-9394-4a2f-aa1d-fcf16c42d106",
            "ticker": "KXHIGHDEN-25FEB26-B48.5",
            "count": 49,
            "created_time": "2025-02-26T21:05:00.260769Z",
            "yes_price": 13,
            "no_price": 87,
            "taker_side": "no"
        },
        {
            "trade_id": "b42d083f-6c31-4a3e-98eb-3414691e6d97",
            "ticker": "KXHIGHDEN-25FEB26-B48.5",
            "count": 6,
            "created_time": "2025-02-26T21:05:00.260769Z",
            "yes_price": 42,
            "no_price": 58,
            "taker_side": "no"
        },
        {
            "trade_id": "7921be3e-143d-4e95-833c-e1c1971ddc11",
            "ticker": "KXHIGHDEN-25FEB26-B48.5",
            "count": 33,
            "created_time": "2025-02-26T21:05:00.260769Z",
            "yes_price": 29,
            "no_price": 71,
            "taker_side": "no"
        },
        {
            "trade_id": "59b7415d-5d31-4b0e-af86-b575cb8202f5",
            "ticker": "KXHIGHDEN-25FEB26-B48.5",
            "count": 16,
            "created_time": "2025-02-26T21:05:00.260769Z",
            "yes_price": 42,
            "no_price": 58,
            "taker_side": "no"
        },
        {
            "trade_id": "3caf59e7-5454-4973-9272-ea60b6ac1710",
            "ticker": "KXHIGHDEN-25FEB26-B48.5",
            "count": 99,
            "created_time": "2025-02-26T21:05:00.260769Z",
            "yes_price": 14,
            "no_price": 86,
            "taker_side": "no"
        },
        {
            "trade_id": "09542bd6-67c4-4f0e-9147-f2ed2966b1b5",
            "ticker": "KXHIGHDEN-25FEB26-B48.5",
            "count": 22,
            "created_time": "2025-02-26T21:05:00.260769Z",
            "yes_price": 14,
            "no_price": 86,
            "taker_side": "no"
        },
        {
            "trade_id": "f795dde4-3742-4be4-ba63-e7d474c778ea",
            "ticker": "KXHIGHDEN-25FEB26-B48.5",
            "count": 300,
            "created_time": "2025-02-26T21:04:05.117021Z",
            "yes_price": 66,
            "no_price": 34,
            "taker_side": "no"
        },
        {
            "trade_id": "91882cf3-025d-4fa0-99f0-cc93a243f56b",
            "ticker": "KXHIGHDEN-25FEB26-B48.5",
            "count": 300,
            "created_time": "2025-02-26T21:04:05.117021Z",
            "yes_price": 65,
            "no_price": 35,
            "taker_side": "no"
        },
        {
            "trade_id": "8d2298db-fac3-482e-acd9-bcd703d20b45",
            "ticker": "KXHIGHDEN-25FEB26-B48.5",
            "count": 100,
            "created_time": "2025-02-26T21:04:05.117021Z",
            "yes_price": 64,
            "no_price": 36,
            "taker_side": "no"
        },
        {
            "trade_id": "6ab5ca6d-eef7-44df-92bc-25209ca3cfc0",
            "ticker": "KXHIGHDEN-25FEB26-B48.5",
            "count": 9,
            "created_time": "2025-02-26T21:04:05.117021Z",
            "yes_price": 67,
            "no_price": 33,
            "taker_side": "no"
        },
        {
            "trade_id": "651c719a-7254-48f8-9282-46f43d5be233",
            "ticker": "KXHIGHDEN-25FEB26-B48.5",
            "count": 99,
            "created_time": "2025-02-26T21:04:05.117021Z",
            "yes_price": 66,
            "no_price": 34,
            "taker_side": "no"
        },
        {
            "trade_id": "5c5eab92-561c-4998-950e-573f77b3571d",
            "ticker": "KXHIGHDEN-25FEB26-B48.5",
            "count": 100,
            "created_time": "2025-02-26T21:04:05.117021Z",
            "yes_price": 51,
            "no_price": 49,
            "taker_side": "no"
        },
        {
            "trade_id": "56e7cadd-7772-4b64-af57-568f2bc36691",
            "ticker": "KXHIGHDEN-25FEB26-B48.5",
            "count": 50,
            "created_time": "2025-02-26T21:04:05.117021Z",
            "yes_price": 68,
            "no_price": 32,
            "taker_side": "no"
        },
        {
            "trade_id": "406753c0-5b67-4e22-a660-ed37886a558c",
            "ticker": "KXHIGHDEN-25FEB26-B48.5",
            "count": 100,
            "created_time": "2025-02-26T21:04:05.117021Z",
            "yes_price": 55,
            "no_price": 45,
            "taker_side": "no"
        },
        {
            "trade_id": "3eb413ac-e474-43e8-9647-cfee88722671",
            "ticker": "KXHIGHDEN-25FEB26-B48.5",
            "count": 30,
            "created_time": "2025-02-26T21:04:05.117021Z",
            "yes_price": 61,
            "no_price": 39,
            "taker_side": "no"
        },
        {
            "trade_id": "3939fd49-2e8c-4b61-81d9-043ade4fa218",
            "ticker": "KXHIGHDEN-25FEB26-B48.5",
            "count": 130,
            "created_time": "2025-02-26T21:04:05.117021Z",
            "yes_price": 65,
            "no_price": 35,
            "taker_side": "no"
        },
        {
            "trade_id": "1721fd66-14d9-4cee-a533-f744189f75d7",
            "ticker": "KXHIGHDEN-25FEB26-B48.5",
            "count": 490,
            "created_time": "2025-02-26T21:04:05.117021Z",
            "yes_price": 50,
            "no_price": 50,
            "taker_side": "no"
        },
        {
            "trade_id": "692072be-edf5-414b-8dc3-5fb48db8edbe",
            "ticker": "KXHIGHDEN-25FEB26-B48.5",
            "count": 20,
            "created_time": "2025-02-26T21:03:16.528458Z",
            "yes_price": 69,
            "no_price": 31,
            "taker_side": "no"
        },
        {
            "trade_id": "6fda88d1-335e-46cf-a7a7-356370a90797",
            "ticker": "KXHIGHDEN-25FEB26-B48.5",
            "count": 44,
            "created_time": "2025-02-26T21:02:12.912781Z",
            "yes_price": 90,
            "no_price": 10,
            "taker_side": "yes"
        },
        {
            "trade_id": "6f1d1598-9c01-4992-bf8f-0604c396447b",
            "ticker": "KXHIGHDEN-25FEB26-B48.5",
            "count": 40,
            "created_time": "2025-02-26T21:02:12.912781Z",
            "yes_price": 81,
            "no_price": 19,
            "taker_side": "yes"
        },
        {
            "trade_id": "d3dd2994-6ea8-4897-9639-c01e72d30bfd",
            "ticker": "KXHIGHDEN-25FEB26-B48.5",
            "count": 40,
            "created_time": "2025-02-26T21:01:55.524243Z",
            "yes_price": 80,
            "no_price": 20,
            "taker_side": "yes"
        },
        {
            "trade_id": "a1a137ff-ed93-4f2c-a764-2adea0b56266",
            "ticker": "KXHIGHDEN-25FEB26-B48.5",
            "count": 100,
            "created_time": "2025-02-26T21:01:55.524243Z",
            "yes_price": 80,
            "no_price": 20,
            "taker_side": "yes"
        },
        {
            "trade_id": "86abbdf9-5da1-46c4-b554-7d001250ee5a",
            "ticker": "KXHIGHDEN-25FEB26-B48.5",
            "count": 4,
            "created_time": "2025-02-26T21:00:53.598549Z",
            "yes_price": 77,
            "no_price": 23,
            "taker_side": "no"
        },
        {
            "trade_id": "0dccc2fc-f4e9-435d-9d77-5c1c14d8a239",
            "ticker": "KXHIGHDEN-25FEB26-B48.5",
            "count": 15,
            "created_time": "2025-02-26T20:59:45.918075Z",
            "yes_price": 75,
            "no_price": 25,
            "taker_side": "yes"
        },
        {
            "trade_id": "b882ac7a-2e49-4938-85b1-8f8c66eaeb83",
            "ticker": "KXHIGHDEN-25FEB26-B48.5",
            "count": 2,
            "created_time": "2025-02-26T20:58:53.850897Z",
            "yes_price": 65,
            "no_price": 35,
            "taker_side": "yes"
        },
        {
            "trade_id": "3aadb04a-c6c6-4079-9c14-b0411a209843",
            "ticker": "KXHIGHDEN-25FEB26-B48.5",
            "count": 2,
            "created_time": "2025-02-26T20:54:40.863302Z",
            "yes_price": 53,
            "no_price": 47,
            "taker_side": "no"
        },
        {
            "trade_id": "dcfb2b9e-d10d-4641-a4f3-96a92508bf66",
            "ticker": "KXHIGHDEN-25FEB26-B48.5",
            "count": 36,
            "created_time": "2025-02-26T20:53:04.437319Z",
            "yes_price": 67,
            "no_price": 33,
            "taker_side": "yes"
        },
        {
            "trade_id": "b246514c-cedf-41ec-bb51-5336103c8bc2",
            "ticker": "KXHIGHDEN-25FEB26-B48.5",
            "count": 2,
            "created_time": "2025-02-26T20:50:00.148746Z",
            "yes_price": 66,
            "no_price": 34,
            "taker_side": "yes"
        },
        {
            "trade_id": "d39e0151-65c0-4733-bf6b-b59f65b04099",
            "ticker": "KXHIGHDEN-25FEB26-B48.5",
            "count": 145,
            "created_time": "2025-02-26T20:33:29.736761Z",
            "yes_price": 79,
            "no_price": 21,
            "taker_side": "yes"
        },
        {
            "trade_id": "c6e7eff7-a12b-4569-a140-8474b7f73690",
            "ticker": "KXHIGHDEN-25FEB26-B48.5",
            "count": 2,
            "created_time": "2025-02-26T20:32:29.462348Z",
            "yes_price": 78,
            "no_price": 22,
            "taker_side": "yes"
        },
        {
            "trade_id": "cc25ced8-8f4b-40da-aa81-0228c3ea6983",
            "ticker": "KXHIGHDEN-25FEB26-B48.5",
            "count": 12,
            "created_time": "2025-02-26T20:32:17.59523Z",
            "yes_price": 79,
            "no_price": 21,
            "taker_side": "yes"
        },
        {
            "trade_id": "71261b5b-3a57-49bf-86c1-55b481b3e643",
            "ticker": "KXHIGHDEN-25FEB26-B48.5",
            "count": 20,
            "created_time": "2025-02-26T20:29:39.218834Z",
            "yes_price": 79,
            "no_price": 21,
            "taker_side": "yes"
        },
        {
            "trade_id": "58b8e1c7-dfbf-4ce5-9733-e6fac829b790",
            "ticker": "KXHIGHDEN-25FEB26-B48.5",
            "count": 2,
            "created_time": "2025-02-26T20:29:22.178774Z",
            "yes_price": 80,
            "no_price": 20,
            "taker_side": "yes"
        },
        {
            "trade_id": "f920c5f5-84b7-4303-8d56-5b6447f91442",
            "ticker": "KXHIGHDEN-25FEB26-B48.5",
            "count": 12,
            "created_time": "2025-02-26T20:28:46.813478Z",
            "yes_price": 79,
            "no_price": 21,
            "taker_side": "yes"
        },
        {
            "trade_id": "382dad05-6e45-4002-a3f7-54015250d21f",
            "ticker": "KXHIGHDEN-25FEB26-B48.5",
            "count": 2,
            "created_time": "2025-02-26T20:28:14.072929Z",
            "yes_price": 80,
            "no_price": 20,
            "taker_side": "yes"
        },
        {
            "trade_id": "3e081c81-3397-4799-9685-0f1eb532aa6e",
            "ticker": "KXHIGHDEN-25FEB26-B48.5",
            "count": 11,
            "created_time": "2025-02-26T20:27:53.433093Z",
            "yes_price": 78,
            "no_price": 22,
            "taker_side": "yes"
        },
        {
            "trade_id": "df44c6d7-82cf-41db-bb87-d6b7c9e9bf1b",
            "ticker": "KXHIGHDEN-25FEB26-B48.5",
            "count": 1,
            "created_time": "2025-02-26T20:27:31.604583Z",
            "yes_price": 79,
            "no_price": 21,
            "taker_side": "yes"
        },
        {
            "trade_id": "aac8c669-313e-4a2e-ba2b-0f38b9730f33",
            "ticker": "KXHIGHDEN-25FEB26-B48.5",
            "count": 50,
            "created_time": "2025-02-26T20:23:30.021376Z",
            "yes_price": 65,
            "no_price": 35,
            "taker_side": "yes"
        },
        {
            "trade_id": "6bfb176f-5f0a-46d1-9a32-7a5a31ca2826",
            "ticker": "KXHIGHDEN-25FEB26-B48.5",
            "count": 11,
            "created_time": "2025-02-26T20:17:58.299183Z",
            "yes_price": 58,
            "no_price": 42,
            "taker_side": "no"
        },
        {
            "trade_id": "b883497b-aea9-420c-9348-47e4c634c95b",
            "ticker": "KXHIGHDEN-25FEB26-B48.5",
            "count": 50,
            "created_time": "2025-02-26T20:17:45.508356Z",
            "yes_price": 64,
            "no_price": 36,
            "taker_side": "yes"
        },
        {
            "trade_id": "e9f1251b-5381-4665-baef-d2fed087f1af",
            "ticker": "KXHIGHDEN-25FEB26-B48.5",
            "count": 96,
            "created_time": "2025-02-26T20:14:52.38005Z",
            "yes_price": 64,
            "no_price": 36,
            "taker_side": "yes"
        },
        {
            "trade_id": "e6cc7ee6-9013-4b1e-99b6-7ec90769d85b",
            "ticker": "KXHIGHDEN-25FEB26-B48.5",
            "count": 43,
            "created_time": "2025-02-26T20:13:28.545657Z",
            "yes_price": 58,
            "no_price": 42,
            "taker_side": "no"
        },
        {
            "trade_id": "d898933e-d2ec-4c89-8ad2-57142fd6ef8f",
            "ticker": "KXHIGHDEN-25FEB26-B48.5",
            "count": 2,
            "created_time": "2025-02-26T20:13:27.732166Z",
            "yes_price": 65,
            "no_price": 35,
            "taker_side": "no"
        },
        {
            "trade_id": "d8c572b5-74fd-4c46-a364-0b67a59220ad",
            "ticker": "KXHIGHDEN-25FEB26-B48.5",
            "count": 2,
            "created_time": "2025-02-26T20:10:36.240723Z",
            "yes_price": 73,
            "no_price": 27,
            "taker_side": "yes"
        },
        {
            "trade_id": "35a22b6a-02e2-4f7a-9f24-2baee5b9e337",
            "ticker": "KXHIGHDEN-25FEB26-B48.5",
            "count": 50,
            "created_time": "2025-02-26T20:10:36.240723Z",
            "yes_price": 72,
            "no_price": 28,
            "taker_side": "yes"
        },
        {
            "trade_id": "e2f306de-2463-4f55-a075-b911f5f5740e",
            "ticker": "KXHIGHDEN-25FEB26-B48.5",
            "count": 50,
            "created_time": "2025-02-26T20:10:15.11848Z",
            "yes_price": 69,
            "no_price": 31,
            "taker_side": "yes"
        },
        {
            "trade_id": "a507ebf6-8f29-4bad-9c11-980fa4e0441c",
            "ticker": "KXHIGHDEN-25FEB26-B48.5",
            "count": 39,
            "created_time": "2025-02-26T20:10:15.11848Z",
            "yes_price": 71,
            "no_price": 29,
            "taker_side": "yes"
        },
        {
            "trade_id": "6382eb51-0f12-44d6-82cc-a7314e5d76a3",
            "ticker": "KXHIGHDEN-25FEB26-B48.5",
            "count": 16,
            "created_time": "2025-02-26T20:10:15.11848Z",
            "yes_price": 70,
            "no_price": 30,
            "taker_side": "yes"
        },
        {
            "trade_id": "ebd08476-e06f-4d6d-afaf-e01dd5051dd9",
            "ticker": "KXHIGHDEN-25FEB26-B48.5",
            "count": 9,
            "created_time": "2025-02-26T20:09:04.987076Z",
            "yes_price": 68,
            "no_price": 32,
            "taker_side": "no"
        },
        {
            "trade_id": "451d85ee-a540-4786-ac7d-eb05f02fba07",
            "ticker": "KXHIGHDEN-25FEB26-B48.5",
            "count": 5,
            "created_time": "2025-02-26T20:09:04.987076Z",
            "yes_price": 68,
            "no_price": 32,
            "taker_side": "no"
        },
        {
            "trade_id": "c47f4c4b-9ffc-4fd7-81cc-e0e2f3185434",
            "ticker": "KXHIGHDEN-25FEB26-B48.5",
            "count": 5,
            "created_time": "2025-02-26T20:05:29.752479Z",
            "yes_price": 72,
            "no_price": 28,
            "taker_side": "yes"
        },
        {
            "trade_id": "6ddcb7be-1050-4fe6-af48-2a4e64ecd697",
            "ticker": "KXHIGHDEN-25FEB26-B48.5",
            "count": 1,
            "created_time": "2025-02-26T20:05:18.590338Z",
            "yes_price": 66,
            "no_price": 34,
            "taker_side": "no"
        },
        {
            "trade_id": "ead3c6c8-e10b-4803-9001-17024ca4e73e",
            "ticker": "KXHIGHDEN-25FEB26-B48.5",
            "count": 2,
            "created_time": "2025-02-26T20:05:17.552324Z",
            "yes_price": 72,
            "no_price": 28,
            "taker_side": "yes"
        },
        {
            "trade_id": "74a964a1-4f3c-41eb-a32c-8f4ade4c3372",
            "ticker": "KXHIGHDEN-25FEB26-B48.5",
            "count": 19,
            "created_time": "2025-02-26T20:05:17.552324Z",
            "yes_price": 72,
            "no_price": 28,
            "taker_side": "yes"
        },
        {
            "trade_id": "6dca17b9-c91f-4af2-8200-526dd7e2beca",
            "ticker": "KXHIGHDEN-25FEB26-B48.5",
            "count": 13,
            "created_time": "2025-02-26T20:05:17.552324Z",
            "yes_price": 72,
            "no_price": 28,
            "taker_side": "yes"
        },
        {
            "trade_id": "e936457d-d733-447d-9ef8-2c13b07205a4",
            "ticker": "KXHIGHDEN-25FEB26-B48.5",
            "count": 2,
            "created_time": "2025-02-26T20:04:17.422321Z",
            "yes_price": 72,
            "no_price": 28,
            "taker_side": "yes"
        },
        {
            "trade_id": "e1d8220e-e098-4360-b3c1-26ab7aee80e5",
            "ticker": "KXHIGHDEN-25FEB26-B48.5",
            "count": 3,
            "created_time": "2025-02-26T20:04:17.422321Z",
            "yes_price": 72,
            "no_price": 28,
            "taker_side": "yes"
        },
        {
            "trade_id": "f73748ab-78c2-41e5-88f3-c9494900ac61",
            "ticker": "KXHIGHDEN-25FEB26-B48.5",
            "count": 30,
            "created_time": "2025-02-26T20:03:49.882411Z",
            "yes_price": 68,
            "no_price": 32,
            "taker_side": "no"
        },
        {
            "trade_id": "f1f134f4-c0c2-4b06-88ee-9f5e799370b0",
            "ticker": "KXHIGHDEN-25FEB26-B48.5",
            "count": 2,
            "created_time": "2025-02-26T20:03:49.882411Z",
            "yes_price": 53,
            "no_price": 47,
            "taker_side": "no"
        },
        {
            "trade_id": "b63990fd-6e5a-4371-8448-ab80cea85d8a",
            "ticker": "KXHIGHDEN-25FEB26-B48.5",
            "count": 43,
            "created_time": "2025-02-26T20:03:49.882411Z",
            "yes_price": 52,
            "no_price": 48,
            "taker_side": "no"
        },
        {
            "trade_id": "a6c57696-a362-4666-9fc1-e5b9300e84d1",
            "ticker": "KXHIGHDEN-25FEB26-B48.5",
            "count": 50,
            "created_time": "2025-02-26T20:03:49.882411Z",
            "yes_price": 69,
            "no_price": 31,
            "taker_side": "no"
        },
        {
            "trade_id": "a40d64a4-efed-45cf-b2c0-2b4adeb09a2b",
            "ticker": "KXHIGHDEN-25FEB26-B48.5",
            "count": 4,
            "created_time": "2025-02-26T20:03:49.882411Z",
            "yes_price": 70,
            "no_price": 30,
            "taker_side": "no"
        },
        {
            "trade_id": "bdf073c6-5677-4cf8-97b2-ff29263848e3",
            "ticker": "KXHIGHDEN-25FEB26-B48.5",
            "count": 40,
            "created_time": "2025-02-26T20:03:22.30008Z",
            "yes_price": 73,
            "no_price": 27,
            "taker_side": "yes"
        },
        {
            "trade_id": "534e0dd7-d3e0-4891-9b22-e0c6c0fa96fb",
            "ticker": "KXHIGHDEN-25FEB26-B48.5",
            "count": 2,
            "created_time": "2025-02-26T20:03:22.30008Z",
            "yes_price": 75,
            "no_price": 25,
            "taker_side": "yes"
        },
        {
            "trade_id": "a55e7e33-6e90-42df-9aa8-e3b98794113d",
            "ticker": "KXHIGHDEN-25FEB26-B48.5",
            "count": 2,
            "created_time": "2025-02-26T20:02:39.044709Z",
            "yes_price": 67,
            "no_price": 33,
            "taker_side": "yes"
        },
        {
            "trade_id": "3c42dce1-88f6-4d14-a147-c4a22094d450",
            "ticker": "KXHIGHDEN-25FEB26-B48.5",
            "count": 32,
