{
    "KXHIGHDEN-25APR14-T55": [
        {
            "trade_id": "34cb8b34-fe3d-4221-a031-bb70fea6074f",
            "ticker": "KXHIGHDEN-25APR14-T55",
            "count": 100,
            "created_time": "2025-04-14T21:55:27.100076Z",
            "yes_price": 2,
            "no_price": 98,
            "taker_side": "no"
        },
        {
            "trade_id": "62b7f3c4-7c8e-44dd-9f41-1fa6d745de55",
            "ticker": "KXHIGHDEN-25APR14-T55",
            "count": 400,
            "created_time": "2025-04-14T21:54:22.52999Z",
            "yes_price": 4,
            "no_price": 96,
            "taker_side": "no"
        },
        {
            "trade_id": "bea3bbd9-31b3-4d1d-9a51-5d64e0e2d613",
            "ticker": "KXHIGHDEN-25APR14-T55",
            "count": 50,
            "created_time": "2025-04-14T21:54:08.74705Z",
            "yes_price": 5,
            "no_price": 95,
            "taker_side": "no"
        },
        {
            "trade_id": "98322549-59d5-4024-a502-a5c277125c22",
            "ticker": "KXHIGHDEN-25APR14-T55",
            "count": 50,
            "created_time": "2025-04-14T21:54:08.74705Z",
            "yes_price": 7,
            "no_price": 93,
            "taker_side": "no"
        },
        {
            "trade_id": "21dd03ba-963a-4eb5-b241-7422cfebf7c1",
            "ticker": "KXHIGHDEN-25APR14-T55",
            "count": 100,
            "created_time": "2025-04-14T21:54:08.74705Z",
            "yes_price": 4,
            "no_price": 96,
            "taker_side": "no"
        },
        {
            "trade_id": "ef869c2b-71af-4f82-bffb-0fbf3960be1a",
            "ticker": "KXHIGHDEN-25APR14-T55",
            "count": 5,
            "created_time": "2025-04-14T21:48:56.536589Z",
            "yes_price": 13,
            "no_price": 87,
            "taker_side": "yes"
        },
        {
            "trade_id": "1e63ff30-6f79-4b0c-8acb-6eafd27b53f3",
            "ticker": "KXHIGHDEN-25APR14-T55",
            "count": 25,
            "created_time": "2025-04-14T21:48:56.536589Z",
            "yes_price": 14,
            "no_price": 86,
            "taker_side": "yes"
        },
        {
            "trade_id": "5367bde4-087d-4c2b-b01c-8fc4ab66251a",
            "ticker": "KXHIGHDEN-25APR14-T55",
            "count": 5,
            "created_time": "2025-04-14T21:47:37.396838Z",
            "yes_price": 13,
            "no_price": 87,
            "taker_side": "no"
        },
        {
            "trade_id": "2dd06834-ea0f-467d-92f5-588623ca25f3",
            "ticker": "KXHIGHDEN-25APR14-T55",
            "count": 5,
            "created_time": "2025-04-14T21:47:37.396838Z",
            "yes_price": 13,
            "no_price": 87,
            "taker_side": "no"
        },
        {
            "trade_id": "19ee476e-4713-49ff-b93e-f3438142b56a",
            "ticker": "KXHIGHDEN-25APR14-T55",
            "count": 5,
            "created_time": "2025-04-14T21:44:16.557576Z",
            "yes_price": 43,
            "no_price": 57,
            "taker_side": "yes"
        },
        {
            "trade_id": "aa3ea247-aab1-454c-8385-944102dda2c3",
            "ticker": "KXHIGHDEN-25APR14-T55",
            "count": 15,
            "created_time": "2025-04-14T21:35:15.856454Z",
            "yes_price": 30,
            "no_price": 70,
            "taker_side": "yes"
        },
        {
            "trade_id": "d9a88e58-0767-43fd-857f-3e6b89368a02",
            "ticker": "KXHIGHDEN-25APR14-T55",
            "count": 10,
            "created_time": "2025-04-14T21:32:25.294285Z",
            "yes_price": 20,
            "no_price": 80,
            "taker_side": "yes"
        },
        {
            "trade_id": "b8d9ed80-3583-4853-b5cf-46ca70dd928b",
            "ticker": "KXHIGHDEN-25APR14-T55",
            "count": 99,
            "created_time": "2025-04-14T21:32:25.294285Z",
            "yes_price": 20,
            "no_price": 80,
            "taker_side": "yes"
        },
        {
            "trade_id": "780dd1c9-3fee-4ec8-b6c1-2fa5deeaf1e3",
            "ticker": "KXHIGHDEN-25APR14-T55",
            "count": 10,
            "created_time": "2025-04-14T21:32:25.294285Z",
            "yes_price": 19,
            "no_price": 81,
            "taker_side": "yes"
        },
        {
            "trade_id": "6bd38fe8-3cef-4fe3-a4a2-3e37a1217c8d",
            "ticker": "KXHIGHDEN-25APR14-T55",
            "count": 50,
            "created_time": "2025-04-14T21:32:25.294285Z",
            "yes_price": 20,
            "no_price": 80,
            "taker_side": "yes"
        },
        {
            "trade_id": "f3d33354-e5c7-4236-8834-7e9b26fa64e9",
            "ticker": "KXHIGHDEN-25APR14-T55",
            "count": 50,
            "created_time": "2025-04-14T21:30:54.861283Z",
            "yes_price": 15,
            "no_price": 85,
            "taker_side": "yes"
        },
        {
            "trade_id": "c07afc0b-cadd-4abd-80c6-a89a69f3f89b",
            "ticker": "KXHIGHDEN-25APR14-T55",
            "count": 10,
            "created_time": "2025-04-14T21:30:54.861283Z",
            "yes_price": 18,
            "no_price": 82,
            "taker_side": "yes"
        },
        {
            "trade_id": "b1a8572f-531a-4724-b305-e8c78f762967",
            "ticker": "KXHIGHDEN-25APR14-T55",
            "count": 3,
            "created_time": "2025-04-14T21:30:54.861283Z",
            "yes_price": 18,
            "no_price": 82,
            "taker_side": "yes"
        },
        {
            "trade_id": "5c1906ec-e125-46c6-87f6-f1b745e64f6c",
            "ticker": "KXHIGHDEN-25APR14-T55",
            "count": 50,
            "created_time": "2025-04-14T21:30:54.861283Z",
            "yes_price": 14,
            "no_price": 86,
            "taker_side": "yes"
        },
        {
            "trade_id": "fa6d291d-fa77-4abc-8ce7-7555fcc79011",
            "ticker": "KXHIGHDEN-25APR14-T55",
            "count": 13,
            "created_time": "2025-04-14T21:23:34.505724Z",
            "yes_price": 6,
            "no_price": 94,
            "taker_side": "no"
        },
        {
            "trade_id": "da93c75f-6d30-4684-896f-fc39e83cfc6f",
            "ticker": "KXHIGHDEN-25APR14-T55",
            "count": 50,
            "created_time": "2025-04-14T21:18:55.68387Z",
            "yes_price": 15,
            "no_price": 85,
            "taker_side": "yes"
        },
        {
            "trade_id": "51d01798-8051-47ab-a5b1-b0688e0f07b0",
            "ticker": "KXHIGHDEN-25APR14-T55",
            "count": 9,
            "created_time": "2025-04-14T21:18:55.68387Z",
            "yes_price": 18,
            "no_price": 82,
            "taker_side": "yes"
        },
        {
            "trade_id": "e23e9370-8487-4eb1-a5da-80abb15b42e8",
            "ticker": "KXHIGHDEN-25APR14-T55",
            "count": 50,
            "created_time": "2025-04-14T21:16:06.547107Z",
            "yes_price": 10,
            "no_price": 90,
            "taker_side": "yes"
        },
        {
            "trade_id": "be2578b5-1ad8-4996-be63-b24675ef3f86",
            "ticker": "KXHIGHDEN-25APR14-T55",
            "count": 50,
            "created_time": "2025-04-14T21:16:06.547107Z",
            "yes_price": 8,
            "no_price": 92,
            "taker_side": "yes"
        },
        {
            "trade_id": "65f903cd-cd1a-42db-bfe9-4593dc9c47ec",
            "ticker": "KXHIGHDEN-25APR14-T55",
            "count": 4,
            "created_time": "2025-04-14T21:16:06.547107Z",
            "yes_price": 14,
            "no_price": 86,
            "taker_side": "yes"
        },
        {
            "trade_id": "1a1f71e9-9393-42a8-9a4a-6c2f162f9227",
            "ticker": "KXHIGHDEN-25APR14-T55",
            "count": 99,
            "created_time": "2025-04-14T21:16:06.547107Z",
            "yes_price": 14,
            "no_price": 86,
            "taker_side": "yes"
        },
        {
            "trade_id": "4f8613a2-5ad0-495e-9430-9e1c6cce1819",
            "ticker": "KXHIGHDEN-25APR14-T55",
            "count": 200,
            "created_time": "2025-04-14T21:15:11.406411Z",
            "yes_price": 1,
            "no_price": 99,
            "taker_side": "yes"
        },
        {
            "trade_id": "d0fc7df6-6918-4090-b405-ada53b036ef7",
            "ticker": "KXHIGHDEN-25APR14-T55",
            "count": 182,
            "created_time": "2025-04-14T21:15:03.003245Z",
            "yes_price": 1,
            "no_price": 99,
            "taker_side": "yes"
        },
        {
            "trade_id": "82a71214-a393-4724-ad42-b4b314cbb5c5",
            "ticker": "KXHIGHDEN-25APR14-T55",
            "count": 18,
            "created_time": "2025-04-14T21:12:18.587401Z",
            "yes_price": 1,
            "no_price": 99,
            "taker_side": "no"
        },
        {
            "trade_id": "fa95c7d6-b61e-4d05-9f21-0ecedfad6f9c",
            "ticker": "KXHIGHDEN-25APR14-T55",
            "count": 12,
            "created_time": "2025-04-14T21:03:07.765603Z",
            "yes_price": 1,
            "no_price": 99,
            "taker_side": "no"
        },
        {
            "trade_id": "2ae8efab-5300-4150-a2a4-03354acf8d87",
            "ticker": "KXHIGHDEN-25APR14-T55",
            "count": 70,
            "created_time": "2025-04-14T20:59:33.851919Z",
            "yes_price": 1,
            "no_price": 99,
            "taker_side": "no"
        },
        {
            "trade_id": "db1f599f-b29e-4b86-94f7-9e0e9197a410",
            "ticker": "KXHIGHDEN-25APR14-T55",
            "count": 100,
            "created_time": "2025-04-14T20:56:51.955849Z",
            "yes_price": 6,
            "no_price": 94,
            "taker_side": "yes"
        },
        {
            "trade_id": "13dbd79a-1813-4d04-82db-4f5bd1003273",
            "ticker": "KXHIGHDEN-25APR14-T55",
            "count": 50,
            "created_time": "2025-04-14T20:56:51.955849Z",
            "yes_price": 6,
            "no_price": 94,
            "taker_side": "yes"
        },
        {
            "trade_id": "07764428-cd3f-41d7-a0dd-816f49b02f05",
            "ticker": "KXHIGHDEN-25APR14-T55",
            "count": 10,
            "created_time": "2025-04-14T20:32:43.058056Z",
            "yes_price": 9,
            "no_price": 91,
            "taker_side": "yes"
        },
        {
            "trade_id": "85182e98-4c3c-4a3f-a342-19c7d1c97756",
            "ticker": "KXHIGHDEN-25APR14-T55",
            "count": 100,
            "created_time": "2025-04-14T20:23:22.852202Z",
            "yes_price": 5,
            "no_price": 95,
            "taker_side": "no"
        },
        {
            "trade_id": "5a4efe58-bc5d-4d05-8188-81abc2b7831f",
            "ticker": "KXHIGHDEN-25APR14-T55",
            "count": 96,
            "created_time": "2025-04-14T20:23:22.852202Z",
            "yes_price": 3,
            "no_price": 97,
            "taker_side": "no"
        },
        {
            "trade_id": "5547555c-4839-4059-a19e-fac509909a1e",
            "ticker": "KXHIGHDEN-25APR14-T55",
            "count": 50,
            "created_time": "2025-04-14T20:23:22.852202Z",
            "yes_price": 6,
            "no_price": 94,
            "taker_side": "no"
        },
        {
            "trade_id": "2063645e-d0fc-499e-944e-8990b8a264ec",
            "ticker": "KXHIGHDEN-25APR14-T55",
            "count": 5,
            "created_time": "2025-04-14T20:22:44.999172Z",
            "yes_price": 6,
            "no_price": 94,
            "taker_side": "no"
        },
        {
            "trade_id": "b4a1b0ab-0171-4736-9e7d-55947fa370a1",
            "ticker": "KXHIGHDEN-25APR14-T55",
            "count": 50,
            "created_time": "2025-04-14T20:20:46.957097Z",
            "yes_price": 9,
            "no_price": 91,
            "taker_side": "yes"
        },
        {
            "trade_id": "21926e18-d652-4ade-bf91-d7abe6875b1c",
            "ticker": "KXHIGHDEN-25APR14-T55",
            "count": 47,
            "created_time": "2025-04-14T20:20:46.957097Z",
            "yes_price": 10,
            "no_price": 90,
            "taker_side": "yes"
        },
        {
            "trade_id": "76cbc010-233d-4942-8072-52b3f339b3fd",
            "ticker": "KXHIGHDEN-25APR14-T55",
            "count": 60,
            "created_time": "2025-04-14T20:09:50.811009Z",
            "yes_price": 5,
            "no_price": 95,
            "taker_side": "yes"
        },
        {
            "trade_id": "444ffdf5-d821-4f85-b515-63458080317d",
            "ticker": "KXHIGHDEN-25APR14-T55",
            "count": 50,
            "created_time": "2025-04-14T20:09:50.811009Z",
            "yes_price": 4,
            "no_price": 96,
            "taker_side": "yes"
        },
        {
            "trade_id": "341409cf-4324-47e6-af8b-43d3e28fb41e",
            "ticker": "KXHIGHDEN-25APR14-T55",
            "count": 50,
            "created_time": "2025-04-14T20:05:09.296578Z",
            "yes_price": 2,
            "no_price": 98,
            "taker_side": "no"
        },
        {
            "trade_id": "efc86853-a4fa-4fd3-bf63-a2a32cc9eef1",
            "ticker": "KXHIGHDEN-25APR14-T55",
            "count": 40,
            "created_time": "2025-04-14T19:50:11.870285Z",
            "yes_price": 5,
            "no_price": 95,
            "taker_side": "yes"
        },
        {
            "trade_id": "f440b88d-b267-447c-9d66-673c63e5e7aa",
            "ticker": "KXHIGHDEN-25APR14-T55",
            "count": 100,
            "created_time": "2025-04-14T19:37:30.074627Z",
            "yes_price": 5,
            "no_price": 95,
            "taker_side": "yes"
        },
        {
            "trade_id": "8a7fc286-4343-4e27-b33d-0bab952fc694",
            "ticker": "KXHIGHDEN-25APR14-T55",
            "count": 100,
            "created_time": "2025-04-14T19:37:30.074627Z",
            "yes_price": 4,
            "no_price": 96,
            "taker_side": "yes"
        },
        {
            "trade_id": "26af82d1-1bb2-466f-a831-beadb6277b02",
            "ticker": "KXHIGHDEN-25APR14-T55",
            "count": 50,
            "created_time": "2025-04-14T19:37:30.074627Z",
            "yes_price": 5,
            "no_price": 95,
            "taker_side": "yes"
        },
        {
            "trade_id": "3a51b987-7d47-4d1c-96bf-ef64382d0040",
            "ticker": "KXHIGHDEN-25APR14-T55",
            "count": 200,
            "created_time": "2025-04-14T19:36:13.84258Z",
            "yes_price": 3,
            "no_price": 97,
            "taker_side": "no"
        },
        {
            "trade_id": "6e8d1b75-9325-4559-afb3-5c03f2aa78d6",
            "ticker": "KXHIGHDEN-25APR14-T55",
            "count": 100,
            "created_time": "2025-04-14T19:33:43.662957Z",
            "yes_price": 3,
            "no_price": 97,
            "taker_side": "no"
        },
        {
            "trade_id": "1a64eaf9-0d4d-4c5a-b21f-141abca2c6a3",
            "ticker": "KXHIGHDEN-25APR14-T55",
            "count": 100,
            "created_time": "2025-04-14T19:32:57.236129Z",
            "yes_price": 3,
            "no_price": 97,
            "taker_side": "no"
        },
        {
            "trade_id": "c4741efc-6841-4a20-8429-5bda7ca516e4",
            "ticker": "KXHIGHDEN-25APR14-T55",
            "count": 20,
            "created_time": "2025-04-14T19:30:05.849934Z",
            "yes_price": 6,
            "no_price": 94,
            "taker_side": "yes"
        },
        {
            "trade_id": "1396f2b2-9c13-4290-8e78-5190e5c045a5",
            "ticker": "KXHIGHDEN-25APR14-T55",
            "count": 50,
            "created_time": "2025-04-14T19:21:17.807157Z",
            "yes_price": 2,
            "no_price": 98,
            "taker_side": "no"
        },
        {
            "trade_id": "87ec0e05-95b8-433b-8b9b-81d82102cea5",
            "ticker": "KXHIGHDEN-25APR14-T55",
            "count": 50,
            "created_time": "2025-04-14T19:18:40.114239Z",
            "yes_price": 2,
            "no_price": 98,
            "taker_side": "no"
        },
        {
            "trade_id": "75835f6b-9f21-4a40-b14b-5b12fbbd2b27",
            "ticker": "KXHIGHDEN-25APR14-T55",
            "count": 446,
            "created_time": "2025-04-14T19:13:02.369567Z",
            "yes_price": 6,
            "no_price": 94,
            "taker_side": "no"
        },
        {
            "trade_id": "ac308b21-b203-41cd-ad8b-1f753eea9e7c",
            "ticker": "KXHIGHDEN-25APR14-T55",
            "count": 38,
            "created_time": "2025-04-14T19:12:43.281915Z",
            "yes_price": 6,
            "no_price": 94,
            "taker_side": "no"
        },
        {
            "trade_id": "8ea64228-a6d9-44ee-ab8b-714e99863e8f",
            "ticker": "KXHIGHDEN-25APR14-T55",
            "count": 1,
            "created_time": "2025-04-14T19:11:16.151191Z",
            "yes_price": 7,
            "no_price": 93,
            "taker_side": "yes"
        },
        {
            "trade_id": "4a789b2d-9ced-46cd-b9fe-13022be9af82",
            "ticker": "KXHIGHDEN-25APR14-T55",
            "count": 50,
            "created_time": "2025-04-14T19:11:16.151191Z",
            "yes_price": 7,
            "no_price": 93,
            "taker_side": "yes"
        },
        {
            "trade_id": "484bdb83-e1e7-45d8-9d4e-e5710e502d18",
            "ticker": "KXHIGHDEN-25APR14-T55",
            "count": 30,
            "created_time": "2025-04-14T19:11:16.151191Z",
            "yes_price": 7,
            "no_price": 93,
            "taker_side": "yes"
        },
        {
            "trade_id": "cd543aef-8be5-40b1-9a5e-d3fa4af1a701",
            "ticker": "KXHIGHDEN-25APR14-T55",
            "count": 200,
            "created_time": "2025-04-14T19:09:47.951546Z",
            "yes_price": 6,
            "no_price": 94,
            "taker_side": "no"
        },
        {
            "trade_id": "65af8e76-2bd9-4631-a446-5255dc509340",
            "ticker": "KXHIGHDEN-25APR14-T55",
            "count": 8,
            "created_time": "2025-04-14T19:09:47.881609Z",
            "yes_price": 6,
            "no_price": 94,
            "taker_side": "no"
        },
        {
            "trade_id": "1bc98130-068d-4eb3-b9f3-f5e5fe788a60",
            "ticker": "KXHIGHDEN-25APR14-T55",
            "count": 50,
            "created_time": "2025-04-14T19:09:47.881609Z",
            "yes_price": 7,
            "no_price": 93,
            "taker_side": "no"
        },
        {
            "trade_id": "33bc8a99-519e-4645-b1bc-b1c4e98c832e",
            "ticker": "KXHIGHDEN-25APR14-T55",
            "count": 30,
            "created_time": "2025-04-14T19:09:24.128358Z",
            "yes_price": 6,
            "no_price": 94,
            "taker_side": "no"
        },
        {
            "trade_id": "a49c89fd-b39a-441b-ba91-f8005bff3030",
            "ticker": "KXHIGHDEN-25APR14-T55",
            "count": 500,
            "created_time": "2025-04-14T19:09:13.862483Z",
            "yes_price": 6,
            "no_price": 94,
            "taker_side": "no"
        },
        {
            "trade_id": "7b46c08f-1aa9-449e-82b0-fc0b301a89ba",
            "ticker": "KXHIGHDEN-25APR14-T55",
            "count": 50,
            "created_time": "2025-04-14T19:05:34.199079Z",
            "yes_price": 8,
            "no_price": 92,
            "taker_side": "yes"
        },
        {
            "trade_id": "28c93c2b-3439-4f5c-ac43-27234769c432",
            "ticker": "KXHIGHDEN-25APR14-T55",
            "count": 200,
            "created_time": "2025-04-14T19:05:34.199079Z",
            "yes_price": 8,
            "no_price": 92,
            "taker_side": "yes"
        },
        {
            "trade_id": "2405713a-b588-4971-999a-c4c0b275f1fa",
            "ticker": "KXHIGHDEN-25APR14-T55",
            "count": 148,
            "created_time": "2025-04-14T19:05:34.199079Z",
            "yes_price": 9,
            "no_price": 91,
            "taker_side": "yes"
        },
        {
            "trade_id": "4c7f0a4f-9446-416d-9421-1f44c45e8d58",
            "ticker": "KXHIGHDEN-25APR14-T55",
            "count": 500,
            "created_time": "2025-04-14T19:03:47.222061Z",
            "yes_price": 6,
            "no_price": 94,
            "taker_side": "no"
        },
        {
            "trade_id": "c4a65043-a49d-4ccd-b479-910d76bfdd2b",
            "ticker": "KXHIGHDEN-25APR14-T55",
            "count": 3,
            "created_time": "2025-04-14T19:00:58.433056Z",
            "yes_price": 10,
            "no_price": 90,
            "taker_side": "yes"
        },
        {
            "trade_id": "50c6ca9f-f2ea-4159-97e3-afa52a41fca1",
            "ticker": "KXHIGHDEN-25APR14-T55",
            "count": 5,
            "created_time": "2025-04-14T19:00:58.433056Z",
            "yes_price": 9,
            "no_price": 91,
            "taker_side": "yes"
        },
        {
            "trade_id": "630cd815-3f75-47a6-a6a1-df3e2ccacaf8",
            "ticker": "KXHIGHDEN-25APR14-T55",
            "count": 50,
            "created_time": "2025-04-14T19:00:38.498598Z",
            "yes_price": 7,
            "no_price": 93,
            "taker_side": "no"
        },
        {
            "trade_id": "ee818f89-be30-4a20-afbb-121f7856aebc",
            "ticker": "KXHIGHDEN-25APR14-T55",
            "count": 13,
            "created_time": "2025-04-14T19:00:09.016908Z",
            "yes_price": 6,
            "no_price": 94,
            "taker_side": "no"
        },
        {
            "trade_id": "c2a08f16-41a8-463c-b813-5e93cba3487d",
            "ticker": "KXHIGHDEN-25APR14-T55",
            "count": 5,
            "created_time": "2025-04-14T18:58:29.970017Z",
            "yes_price": 11,
            "no_price": 89,
            "taker_side": "no"
        },
        {
            "trade_id": "a8d9f617-ec97-453b-99f0-193cc230a73e",
            "ticker": "KXHIGHDEN-25APR14-T55",
            "count": 99,
            "created_time": "2025-04-14T18:58:29.970017Z",
            "yes_price": 10,
            "no_price": 90,
            "taker_side": "no"
        },
        {
            "trade_id": "559b005d-5b40-458b-b249-0fc1084dfde2",
            "ticker": "KXHIGHDEN-25APR14-T55",
            "count": 50,
            "created_time": "2025-04-14T18:58:29.970017Z",
            "yes_price": 10,
            "no_price": 90,
            "taker_side": "no"
        },
        {
            "trade_id": "af95fbed-bfbd-4c7d-87e9-74b74e977426",
            "ticker": "KXHIGHDEN-25APR14-T55",
            "count": 50,
            "created_time": "2025-04-14T18:56:38.873451Z",
            "yes_price": 10,
            "no_price": 90,
            "taker_side": "no"
        },
        {
            "trade_id": "a51259b4-fa09-4d2f-bc92-e0d97f795289",
            "ticker": "KXHIGHDEN-25APR14-T55",
            "count": 20,
            "created_time": "2025-04-14T18:55:02.393338Z",
            "yes_price": 13,
            "no_price": 87,
            "taker_side": "no"
        },
        {
            "trade_id": "2b160b0a-9cd2-463d-ae33-15c7d73bdc69",
            "ticker": "KXHIGHDEN-25APR14-T55",
            "count": 15,
            "created_time": "2025-04-14T18:55:01.539225Z",
            "yes_price": 13,
            "no_price": 87,
            "taker_side": "no"
        },
        {
            "trade_id": "99d4c254-f1e5-4536-9e8d-a6fe2cef7be9",
            "ticker": "KXHIGHDEN-25APR14-T55",
            "count": 15,
            "created_time": "2025-04-14T18:55:01.483837Z",
            "yes_price": 13,
            "no_price": 87,
            "taker_side": "yes"
        },
        {
            "trade_id": "990cacae-ccef-4890-b5ec-f8176cc145b5",
            "ticker": "KXHIGHDEN-25APR14-T55",
            "count": 200,
            "created_time": "2025-04-14T18:54:02.187085Z",
            "yes_price": 6,
            "no_price": 94,
            "taker_side": "no"
        },
        {
            "trade_id": "f8051ced-141a-4cfb-96d2-ae0d905addba",
            "ticker": "KXHIGHDEN-25APR14-T55",
            "count": 200,
            "created_time": "2025-04-14T18:53:49.755956Z",
            "yes_price": 6,
            "no_price": 94,
            "taker_side": "no"
        },
        {
            "trade_id": "50b4fb30-ecd0-4cf8-af95-82a49855ac16",
            "ticker": "KXHIGHDEN-25APR14-T55",
            "count": 12,
            "created_time": "2025-04-14T18:52:45.837878Z",
            "yes_price": 6,
            "no_price": 94,
            "taker_side": "no"
        },
        {
            "trade_id": "c58f9b9a-653e-4718-9fcd-f3c52986c9c7",
            "ticker": "KXHIGHDEN-25APR14-T55",
            "count": 25,
            "created_time": "2025-04-14T18:52:45.435427Z",
            "yes_price": 4,
            "no_price": 96,
            "taker_side": "yes"
        },
        {
            "trade_id": "92966343-7402-436f-99fd-b9fe2cdb75dd",
            "ticker": "KXHIGHDEN-25APR14-T55",
            "count": 50,
            "created_time": "2025-04-14T18:52:45.435427Z",
            "yes_price": 3,
            "no_price": 97,
            "taker_side": "yes"
        },
        {
            "trade_id": "5857bb6f-d618-473c-8e90-527b92108a57",
            "ticker": "KXHIGHDEN-25APR14-T55",
            "count": 200,
            "created_time": "2025-04-14T18:52:45.435427Z",
            "yes_price": 6,
            "no_price": 94,
            "taker_side": "yes"
        },
        {
            "trade_id": "2bf1a84a-89b0-4d7d-ab99-7b474a806d20",
            "ticker": "KXHIGHDEN-25APR14-T55",
            "count": 350,
            "created_time": "2025-04-14T18:52:45.435427Z",
            "yes_price": 5,
            "no_price": 95,
            "taker_side": "yes"
        },
        {
            "trade_id": "288bfdd6-9df0-40f7-8b76-725352757f29",
            "ticker": "KXHIGHDEN-25APR14-T55",
            "count": 200,
            "created_time": "2025-04-14T18:52:45.435427Z",
            "yes_price": 5,
            "no_price": 95,
            "taker_side": "yes"
        },
        {
            "trade_id": "097c5e28-797a-4f41-985a-d381ae89ce2a",
            "ticker": "KXHIGHDEN-25APR14-T55",
            "count": 28,
            "created_time": "2025-04-14T18:52:45.435427Z",
            "yes_price": 4,
            "no_price": 96,
            "taker_side": "yes"
        },
        {
            "trade_id": "8a72834a-7257-4333-bed1-45b7ed6f5fff",
            "ticker": "KXHIGHDEN-25APR14-T55",
            "count": 30,
            "created_time": "2025-04-14T18:41:52.169409Z",
            "yes_price": 4,
            "no_price": 96,
            "taker_side": "yes"
        },
        {
            "trade_id": "488c142d-1741-43d4-9a9d-495a313f48e5",
            "ticker": "KXHIGHDEN-25APR14-T55",
            "count": 50,
            "created_time": "2025-04-14T18:33:03.886091Z",
            "yes_price": 2,
            "no_price": 98,
            "taker_side": "yes"
        },
        {
            "trade_id": "db407ac4-9d8c-48a4-b11a-14f2f2e2b830",
            "ticker": "KXHIGHDEN-25APR14-T55",
            "count": 100,
            "created_time": "2025-04-14T18:19:40.679943Z",
            "yes_price": 2,
            "no_price": 98,
            "taker_side": "no"
        },
        {
            "trade_id": "861c3586-f064-41c7-abaf-e24e5f4db1b6",
            "ticker": "KXHIGHDEN-25APR14-T55",
            "count": 20,
            "created_time": "2025-04-14T17:49:26.010702Z",
            "yes_price": 2,
            "no_price": 98,
            "taker_side": "no"
        },
        {
            "trade_id": "022e7b71-6ca1-414a-a5cb-c4e9467c0a30",
            "ticker": "KXHIGHDEN-25APR14-T55",
            "count": 40,
            "created_time": "2025-04-14T17:46:26.154785Z",
            "yes_price": 2,
            "no_price": 98,
            "taker_side": "no"
        },
        {
            "trade_id": "deb32f41-1743-41dd-875a-bbf4adc94588",
            "ticker": "KXHIGHDEN-25APR14-T55",
            "count": 50,
            "created_time": "2025-04-14T16:15:33.841979Z",
            "yes_price": 3,
            "no_price": 97,
            "taker_side": "yes"
        },
        {
            "trade_id": "8a75c025-5f96-4e68-a4a8-85e59cc82bc9",
            "ticker": "KXHIGHDEN-25APR14-T55",
            "count": 196,
            "created_time": "2025-04-14T16:15:33.841979Z",
            "yes_price": 4,
            "no_price": 96,
            "taker_side": "yes"
        },
        {
            "trade_id": "86272acd-5915-452a-8a03-ec9dd346d81f",
            "ticker": "KXHIGHDEN-25APR14-T55",
            "count": 50,
            "created_time": "2025-04-14T16:05:59.667634Z",
            "yes_price": 3,
            "no_price": 97,
            "taker_side": "yes"
        },
        {
            "trade_id": "040fb718-c2aa-47dc-b5b5-3bfe3a03dbeb",
            "ticker": "KXHIGHDEN-25APR14-T55",
            "count": 66,
            "created_time": "2025-04-14T16:04:56.970924Z",
            "yes_price": 1,
            "no_price": 99,
            "taker_side": "no"
        },
        {
            "trade_id": "6d35dc5d-285f-4a7f-87ba-93a8e993c3a3",
            "ticker": "KXHIGHDEN-25APR14-T55",
            "count": 16,
            "created_time": "2025-04-14T16:02:37.22634Z",
            "yes_price": 3,
            "no_price": 97,
            "taker_side": "no"
        },
        {
            "trade_id": "48998f96-6af5-4bc7-88fb-e2ebc50ea020",
            "ticker": "KXHIGHDEN-25APR14-T55",
            "count": 50,
            "created_time": "2025-04-14T16:02:37.150668Z",
            "yes_price": 3,
            "no_price": 97,
            "taker_side": "yes"
        },
        {
            "trade_id": "6f123b93-8b86-4ead-886d-cc5024e03e7d",
            "ticker": "KXHIGHDEN-25APR14-T55",
            "count": 137,
            "created_time": "2025-04-14T16:01:23.13826Z",
            "yes_price": 1,
            "no_price": 99,
            "taker_side": "no"
        },
        {
            "trade_id": "38dc9e17-cd49-4375-aa86-0537f6473ee7",
            "ticker": "KXHIGHDEN-25APR14-T55",
            "count": 202,
            "created_time": "2025-04-14T16:00:55.859848Z",
            "yes_price": 2,
            "no_price": 98,
            "taker_side": "no"
        },
        {
            "trade_id": "c7323dde-5812-48fb-8d65-1c4612358168",
            "ticker": "KXHIGHDEN-25APR14-T55",
            "count": 11,
            "created_time": "2025-04-14T16:00:21.619032Z",
            "yes_price": 2,
            "no_price": 98,
            "taker_side": "no"
        },
        {
            "trade_id": "73a4d4c5-26c4-43e7-ae28-c6e2a0d7d245",
            "ticker": "KXHIGHDEN-25APR14-T55",
            "count": 7,
            "created_time": "2025-04-14T15:58:22.959264Z",
            "yes_price": 2,
            "no_price": 98,
            "taker_side": "no"
        },
        {
            "trade_id": "e9e7b01a-defa-416b-8686-6f6a7605cd07",
            "ticker": "KXHIGHDEN-25APR14-T55",
            "count": 202,
            "created_time": "2025-04-14T15:47:48.534337Z",
            "yes_price": 2,
            "no_price": 98,
            "taker_side": "no"
        },
        {
            "trade_id": "bde6c344-5fbf-4d84-8e9f-4c6611b8801d",
            "ticker": "KXHIGHDEN-25APR14-T55",
            "count": 10,
            "created_time": "2025-04-14T14:02:03.896924Z",
            "yes_price": 2,
            "no_price": 98,
            "taker_side": "no"
        },
        {
            "trade_id": "f8277d47-65f0-40ba-82ba-ce100004da95",
            "ticker": "KXHIGHDEN-25APR14-T55",
            "count": 36,
            "created_time": "2025-04-14T13:33:46.198133Z",
            "yes_price": 2,
            "no_price": 98,
            "taker_side": "no"
        },
        {
            "trade_id": "dd6e34a0-1710-48c2-ae41-a80fc0d8eb08",
            "ticker": "KXHIGHDEN-25APR14-T55",
            "count": 50,
            "created_time": "2025-04-14T13:33:46.198133Z",
            "yes_price": 3,
            "no_price": 97,
            "taker_side": "no"
        },
        {
            "trade_id": "3eb5d1d2-8c64-4b91-b659-202f0a8ba681",
            "ticker": "KXHIGHDEN-25APR14-T55",
            "count": 16,
            "created_time": "2025-04-14T13:33:46.198133Z",
            "yes_price": 3,
            "no_price": 97,
            "taker_side": "no"
        },
        {
            "trade_id": "6967f508-e44a-4d28-8769-c5fc05e42e9a",
            "ticker": "KXHIGHDEN-25APR14-T55",
            "count": 5,
            "created_time": "2025-04-14T13:33:04.751318Z",
            "yes_price": 3,
            "no_price": 97,
            "taker_side": "no"
        },
        {
            "trade_id": "5e273d24-2053-4dfe-b981-d724965bfce3",
            "ticker": "KXHIGHDEN-25APR14-T55",
            "count": 12,
            "created_time": "2025-04-14T13:23:04.213871Z",
            "yes_price": 4,
            "no_price": 96,
            "taker_side": "no"
        },
        {
            "trade_id": "23ee9ff8-6ded-438b-9939-68f762e853fd",
            "ticker": "KXHIGHDEN-25APR14-T55",
            "count": 21,
            "created_time": "2025-04-14T13:23:04.213871Z",
            "yes_price": 3,
            "no_price": 97,
            "taker_side": "no"
        },
        {
            "trade_id": "d56f88c5-654d-48a4-ae84-25dd8a568bee",
            "ticker": "KXHIGHDEN-25APR14-T55",
            "count": 8,
            "created_time": "2025-04-14T13:18:38.383525Z",
            "yes_price": 4,
            "no_price": 96,
            "taker_side": "no"
        },
        {
            "trade_id": "6cad8fc6-cfed-4384-b9c6-f5950e04c08d",
            "ticker": "KXHIGHDEN-25APR14-T55",
            "count": 2,
            "created_time": "2025-04-14T13:12:45.645557Z",
            "yes_price": 4,
            "no_price": 96,
            "taker_side": "no"
        },
        {
            "trade_id": "6269cfd9-64a9-43e3-a44c-44d53321a7a0",
            "ticker": "KXHIGHDEN-25APR14-T55",
            "count": 34,
            "created_time": "2025-04-14T13:09:47.275752Z",
            "yes_price": 4,
            "no_price": 96,
            "taker_side": "no"
        },
        {
            "trade_id": "a78aa0a9-c5b0-45d8-b9a9-eab1c1928eda",
            "ticker": "KXHIGHDEN-25APR14-T55",
            "count": 1,
            "created_time": "2025-04-14T13:07:28.532886Z",
            "yes_price": 4,
            "no_price": 96,
            "taker_side": "no"
        },
        {
            "trade_id": "c6931601-664f-4809-bc32-ec566f782578",
            "ticker": "KXHIGHDEN-25APR14-T55",
            "count": 1,
            "created_time": "2025-04-14T13:06:55.896906Z",
            "yes_price": 4,
            "no_price": 96,
            "taker_side": "no"
        },
        {
            "trade_id": "0db8089b-9618-4659-86c5-52f087fb3d7f",
            "ticker": "KXHIGHDEN-25APR14-T55",
            "count": 6,
            "created_time": "2025-04-14T12:54:42.998176Z",
            "yes_price": 4,
            "no_price": 96,
            "taker_side": "no"
        },
        {
            "trade_id": "04726a3d-9ba2-46da-b458-0a5a0bc0bc6c",
            "ticker": "KXHIGHDEN-25APR14-T55",
            "count": 1,
            "created_time": "2025-04-14T12:51:49.809422Z",
            "yes_price": 4,
            "no_price": 96,
            "taker_side": "no"
        },
        {
            "trade_id": "ba4a5172-5ce4-43af-95d0-c50a35035814",
            "ticker": "KXHIGHDEN-25APR14-T55",
            "count": 3,
            "created_time": "2025-04-14T12:48:46.197358Z",
            "yes_price": 4,
            "no_price": 96,
            "taker_side": "no"
        },
        {
            "trade_id": "9103fd8a-f6e8-482a-9a0b-44a6e897f921",
            "ticker": "KXHIGHDEN-25APR14-T55",
            "count": 10,
            "created_time": "2025-04-14T12:42:41.890127Z",
            "yes_price": 5,
            "no_price": 95,
            "taker_side": "no"
        },
        {
            "trade_id": "e33e2ccf-0981-438d-8e2b-dc434fb741b7",
            "ticker": "KXHIGHDEN-25APR14-T55",
            "count": 2,
            "created_time": "2025-04-14T12:39:40.930724Z",
            "yes_price": 5,
            "no_price": 95,
            "taker_side": "no"
        },
        {
            "trade_id": "695bf6c5-7ded-4989-a718-64f257aa6ad8",
            "ticker": "KXHIGHDEN-25APR14-T55",
            "count": 8,
            "created_time": "2025-04-14T12:39:22.131565Z",
            "yes_price": 5,
            "no_price": 95,
            "taker_side": "no"
        },
        {
            "trade_id": "d8d4f79b-a790-48b5-b1a9-68e7da0742d7",
            "ticker": "KXHIGHDEN-25APR14-T55",
            "count": 7,
            "created_time": "2025-04-14T12:27:38.178098Z",
            "yes_price": 7,
            "no_price": 93,
            "taker_side": "no"
        },
        {
            "trade_id": "be62b025-dd9b-4b45-b227-d49f9d4f4953",
            "ticker": "KXHIGHDEN-25APR14-T55",
            "count": 11,
            "created_time": "2025-04-14T12:27:38.178098Z",
            "yes_price": 6,
            "no_price": 94,
            "taker_side": "no"
        },
        {
            "trade_id": "bc1d4709-ea75-4b11-bff5-0ede4a6a9502",
            "ticker": "KXHIGHDEN-25APR14-T55",
            "count": 3,
            "created_time": "2025-04-14T12:24:43.289345Z",
            "yes_price": 6,
            "no_price": 94,
            "taker_side": "no"
        },
        {
            "trade_id": "ec1e5905-8d82-4ddd-965f-25de1f7a02ef",
            "ticker": "KXHIGHDEN-25APR14-T55",
            "count": 19,
            "created_time": "2025-04-14T12:23:13.066984Z",
            "yes_price": 7,
            "no_price": 93,
            "taker_side": "yes"
        },
        {
            "trade_id": "180b1d07-1a3f-4944-a50b-c34f8a3e0e0c",
            "ticker": "KXHIGHDEN-25APR14-T55",
            "count": 15,
            "created_time": "2025-04-14T12:22:12.677689Z",
            "yes_price": 6,
            "no_price": 94,
            "taker_side": "yes"
        },
        {
            "trade_id": "6dbab8cc-adbe-441a-bcc3-497af49505b1",
            "ticker": "KXHIGHDEN-25APR14-T55",
            "count": 200,
            "created_time": "2025-04-14T12:19:00.860537Z",
            "yes_price": 6,
            "no_price": 94,
            "taker_side": "yes"
        },
        {
            "trade_id": "e889236c-74a5-4a21-b074-3d7bb194f738",
            "ticker": "KXHIGHDEN-25APR14-T55",
            "count": 50,
            "created_time": "2025-04-14T12:18:51.526846Z",
            "yes_price": 4,
            "no_price": 96,
            "taker_side": "yes"
        },
        {
            "trade_id": "756109cb-26c8-4005-8191-3b251a62b882",
            "ticker": "KXHIGHDEN-25APR14-T55",
            "count": 8,
            "created_time": "2025-04-14T12:18:51.526846Z",
            "yes_price": 4,
            "no_price": 96,
            "taker_side": "yes"
        },
        {
            "trade_id": "7fa23502-f4e7-4081-8553-3a00ce3638b2",
            "ticker": "KXHIGHDEN-25APR14-T55",
            "count": 200,
            "created_time": "2025-04-14T12:02:13.852407Z",
            "yes_price": 5,
            "no_price": 95,
            "taker_side": "yes"
        },
        {
            "trade_id": "06a78150-9dbf-47e2-ba10-ca44d8b451cd",
            "ticker": "KXHIGHDEN-25APR14-T55",
            "count": 26,
            "created_time": "2025-04-14T12:02:13.852407Z",
            "yes_price": 3,
            "no_price": 97,
            "taker_side": "yes"
        },
        {
            "trade_id": "2889caf6-9547-4156-b757-2e2347fee198",
            "ticker": "KXHIGHDEN-25APR14-T55",
            "count": 7,
            "created_time": "2025-04-14T05:24:03.070499Z",
            "yes_price": 2,
            "no_price": 98,
            "taker_side": "no"
        },
        {
            "trade_id": "248ce7f0-050e-4b46-b123-1050c088386a",
            "ticker": "KXHIGHDEN-25APR14-T55",
            "count": 1,
            "created_time": "2025-04-14T04:58:05.920339Z",
            "yes_price": 8,
            "no_price": 92,
            "taker_side": "yes"
        },
        {
            "trade_id": "b207209f-9f6d-4ff5-97db-f1c4c3f48b56",
            "ticker": "KXHIGHDEN-25APR14-T55",
            "count": 1,
            "created_time": "2025-04-14T04:56:12.49738Z",
            "yes_price": 8,
            "no_price": 92,
            "taker_side": "yes"
        },
        {
            "trade_id": "6d3afaaf-e559-4480-ae67-77d8a96689da",
            "ticker": "KXHIGHDEN-25APR14-T55",
            "count": 1,
            "created_time": "2025-04-14T04:25:49.060471Z",
            "yes_price": 8,
            "no_price": 92,
            "taker_side": "yes"
        },
        {
            "trade_id": "35ca0e56-1ca1-4300-9022-2ef35f3bcb87",
            "ticker": "KXHIGHDEN-25APR14-T55",
            "count": 1,
            "created_time": "2025-04-14T04:24:12.767589Z",
            "yes_price": 8,
            "no_price": 92,
            "taker_side": "yes"
        },
        {
            "trade_id": "67518bbf-efbe-4da7-9055-8c84e57a6499",
            "ticker": "KXHIGHDEN-25APR14-T55",
            "count": 1,
            "created_time": "2025-04-14T04:24:11.13185Z",
            "yes_price": 8,
            "no_price": 92,
            "taker_side": "yes"
        },
        {
            "trade_id": "539712a3-1547-4b96-863f-a247daf88133",
            "ticker": "KXHIGHDEN-25APR14-T55",
            "count": 1,
            "created_time": "2025-04-14T04:22:52.409388Z",
            "yes_price": 8,
            "no_price": 92,
            "taker_side": "yes"
        },
        {
            "trade_id": "12ced965-55b4-4373-9f76-288ae151825f",
            "ticker": "KXHIGHDEN-25APR14-T55",
            "count": 1,
            "created_time": "2025-04-14T04:16:27.783431Z",
            "yes_price": 8,
            "no_price": 92,
            "taker_side": "yes"
        },
        {
            "trade_id": "aac9c921-a6ff-4ebd-b82d-b6c4194a7f0d",
            "ticker": "KXHIGHDEN-25APR14-T55",
            "count": 5,
            "created_time": "2025-04-14T01:51:26.478056Z",
            "yes_price": 5,
            "no_price": 95,
            "taker_side": "no"
        },
        {
            "trade_id": "a12436f7-00ea-40e8-8b67-a918f834f0ff",
            "ticker": "KXHIGHDEN-25APR14-T55",
            "count": 20,
            "created_time": "2025-04-13T15:21:44.931879Z",
            "yes_price": 6,
            "no_price": 94,
            "taker_side": "yes"
        },
        {
            "trade_id": "84053604-2f1d-4caf-ab65-85b8e0835a33",
            "ticker": "KXHIGHDEN-25APR14-T55",
            "count": 5,
            "created_time": "2025-04-13T15:21:44.931879Z",
            "yes_price": 6,
            "no_price": 94,
            "taker_side": "yes"
        },
        {
            "trade_id": "fa76a31c-c92c-4584-8af5-4f0846afac8c",
            "ticker": "KXHIGHDEN-25APR14-T55",
            "count": 5,
            "created_time": "2025-04-13T15:18:44.454847Z",
            "yes_price": 5,
            "no_price": 95,
            "taker_side": "no"
        }
    ],
    "KXHIGHDEN-25APR14-B55.5": [
        {
            "trade_id": "5e4a6ce9-ba7c-49d8-a34a-7e5eb0d8d5b3",
            "ticker": "KXHIGHDEN-25APR14-B55.5",
            "count": 19,
            "created_time": "2025-04-14T22:55:39.617956Z",
            "yes_price": 1,
            "no_price": 99,
            "taker_side": "yes"
        },
        {
            "trade_id": "14c68926-8b2d-4e19-bffa-6807c6563cdc",
            "ticker": "KXHIGHDEN-25APR14-B55.5",
            "count": 1,
            "created_time": "2025-04-14T22:52:50.342547Z",
            "yes_price": 1,
            "no_price": 99,
            "taker_side": "yes"
        },
        {
            "trade_id": "ccf1ccf4-44bf-4652-8f62-018b360dd51e",
            "ticker": "KXHIGHDEN-25APR14-B55.5",
            "count": 15,
            "created_time": "2025-04-14T22:45:05.696068Z",
            "yes_price": 1,
            "no_price": 99,
            "taker_side": "yes"
        },
        {
            "trade_id": "d7f0037b-cdf7-4c15-986b-3d9b6d5ed8f4",
            "ticker": "KXHIGHDEN-25APR14-B55.5",
            "count": 112,
            "created_time": "2025-04-14T22:45:00.814185Z",
            "yes_price": 1,
            "no_price": 99,
            "taker_side": "yes"
        },
        {
            "trade_id": "b9e2a8a9-a5c6-4a91-8833-d2d9306826a1",
            "ticker": "KXHIGHDEN-25APR14-B55.5",
            "count": 1003,
            "created_time": "2025-04-14T22:42:34.664198Z",
            "yes_price": 1,
            "no_price": 99,
            "taker_side": "yes"
        },
        {
            "trade_id": "cdcebfd7-786e-46ed-b509-ab2c95ca178f",
            "ticker": "KXHIGHDEN-25APR14-B55.5",
            "count": 50,
            "created_time": "2025-04-14T22:42:12.267099Z",
            "yes_price": 4,
            "no_price": 96,
            "taker_side": "no"
        },
        {
            "trade_id": "652df2d3-3a4a-4b53-b9f7-eb040d59d582",
            "ticker": "KXHIGHDEN-25APR14-B55.5",
            "count": 1,
            "created_time": "2025-04-14T22:42:12.267099Z",
            "yes_price": 1,
            "no_price": 99,
            "taker_side": "no"
        },
        {
            "trade_id": "7f101529-db65-48dd-bd72-7d1db311ed1c",
            "ticker": "KXHIGHDEN-25APR14-B55.5",
            "count": 141,
            "created_time": "2025-04-14T22:42:03.629991Z",
            "yes_price": 5,
            "no_price": 95,
            "taker_side": "no"
        },
        {
            "trade_id": "e8652c15-1ee8-4b93-91b4-a4ab4deb3de7",
            "ticker": "KXHIGHDEN-25APR14-B55.5",
            "count": 4,
            "created_time": "2025-04-14T22:41:57.787114Z",
            "yes_price": 5,
            "no_price": 95,
            "taker_side": "yes"
        },
        {
            "trade_id": "c9fdb6b2-f09d-45ff-ac4f-090c1fdb56d2",
            "ticker": "KXHIGHDEN-25APR14-B55.5",
            "count": 133,
            "created_time": "2025-04-14T22:41:57.787114Z",
            "yes_price": 5,
            "no_price": 95,
            "taker_side": "yes"
        },
        {
            "trade_id": "84893f5c-7c71-4035-a873-30bc2c7bb9ef",
            "ticker": "KXHIGHDEN-25APR14-B55.5",
            "count": 90,
            "created_time": "2025-04-14T22:41:47.339717Z",
            "yes_price": 5,
            "no_price": 95,
            "taker_side": "yes"
        },
        {
            "trade_id": "19735dc8-f094-4075-b096-2fe92518a32f",
            "ticker": "KXHIGHDEN-25APR14-B55.5",
            "count": 27,
            "created_time": "2025-04-14T22:41:47.251322Z",
            "yes_price": 5,
            "no_price": 95,
            "taker_side": "no"
        },
        {
            "trade_id": "c397684c-e342-49bb-985d-c10666e89e3d",
            "ticker": "KXHIGHDEN-25APR14-B55.5",
            "count": 99,
            "created_time": "2025-04-14T22:41:14.650624Z",
            "yes_price": 53,
            "no_price": 47,
            "taker_side": "no"
        },
        {
            "trade_id": "3f84a841-d799-4b3d-a714-2c571907631b",
            "ticker": "KXHIGHDEN-25APR14-B55.5",
            "count": 4,
            "created_time": "2025-04-14T22:41:14.650624Z",
            "yes_price": 2,
            "no_price": 98,
            "taker_side": "no"
        },
        {
            "trade_id": "0637df18-8bef-4b6a-830b-e17ac482b1ca",
            "ticker": "KXHIGHDEN-25APR14-B55.5",
            "count": 900,
            "created_time": "2025-04-14T22:41:14.650624Z",
            "yes_price": 52,
            "no_price": 48,
            "taker_side": "no"
        },
        {
            "trade_id": "53770c07-c69a-45dc-8f7c-62a2ad1437e2",
            "ticker": "KXHIGHDEN-25APR14-B55.5",
            "count": 9,
            "created_time": "2025-04-14T22:39:47.346104Z",
            "yes_price": 69,
            "no_price": 31,
            "taker_side": "yes"
        },
        {
            "trade_id": "43d52510-9a94-423a-aef7-6b781451b2f7",
            "ticker": "KXHIGHDEN-25APR14-B55.5",
            "count": 6,
            "created_time": "2025-04-14T22:39:47.346104Z",
            "yes_price": 70,
            "no_price": 30,
            "taker_side": "yes"
        },
        {
            "trade_id": "baec8d42-c22a-49b2-9527-ba3307df65f7",
            "ticker": "KXHIGHDEN-25APR14-B55.5",
            "count": 5,
            "created_time": "2025-04-14T22:39:21.25647Z",
            "yes_price": 68,
            "no_price": 32,
            "taker_side": "yes"
        },
        {
            "trade_id": "7835dd7b-8c95-4d49-8a1d-091ce53bec1e",
            "ticker": "KXHIGHDEN-25APR14-B55.5",
            "count": 25,
            "created_time": "2025-04-14T22:39:17.434951Z",
            "yes_price": 60,
            "no_price": 40,
            "taker_side": "no"
        },
        {
            "trade_id": "850aae05-b442-4fe5-ab17-9b8fdeaae8e1",
            "ticker": "KXHIGHDEN-25APR14-B55.5",
            "count": 278,
            "created_time": "2025-04-14T22:37:59.84314Z",
            "yes_price": 61,
            "no_price": 39,
            "taker_side": "no"
        },
        {
            "trade_id": "d6f2d14a-3588-4bfb-9152-bc5089bb3770",
            "ticker": "KXHIGHDEN-25APR14-B55.5",
            "count": 8,
            "created_time": "2025-04-14T22:34:22.756618Z",
            "yes_price": 69,
            "no_price": 31,
            "taker_side": "yes"
        },
        {
            "trade_id": "50085f7d-057c-40db-b210-4a67e05d623c",
            "ticker": "KXHIGHDEN-25APR14-B55.5",
            "count": 67,
            "created_time": "2025-04-14T22:29:32.895012Z",
            "yes_price": 60,
            "no_price": 40,
            "taker_side": "no"
        },
        {
            "trade_id": "6faaf733-b962-4984-a1a2-c326bb87b03a",
            "ticker": "KXHIGHDEN-25APR14-B55.5",
            "count": 15,
            "created_time": "2025-04-14T22:28:18.077327Z",
            "yes_price": 65,
            "no_price": 35,
            "taker_side": "no"
        },
        {
            "trade_id": "f52e9cb6-efb1-4d7f-84fd-0401bfea941f",
            "ticker": "KXHIGHDEN-25APR14-B55.5",
            "count": 100,
            "created_time": "2025-04-14T22:27:41.965637Z",
            "yes_price": 60,
            "no_price": 40,
            "taker_side": "no"
        },
        {
            "trade_id": "c0e1e4bc-5b07-4c9b-9266-da060e8a0e32",
            "ticker": "KXHIGHDEN-25APR14-B55.5",
            "count": 194,
            "created_time": "2025-04-14T22:27:41.965637Z",
            "yes_price": 60,
            "no_price": 40,
            "taker_side": "no"
        },
        {
            "trade_id": "f4be3571-eea2-4eec-87a2-234096c6c85f",
            "ticker": "KXHIGHDEN-25APR14-B55.5",
            "count": 100,
            "created_time": "2025-04-14T22:26:15.948943Z",
            "yes_price": 70,
            "no_price": 30,
            "taker_side": "no"
        },
        {
            "trade_id": "e3e25d8d-4a41-4cb8-838a-8f26861ec49f",
            "ticker": "KXHIGHDEN-25APR14-B55.5",
            "count": 15,
            "created_time": "2025-04-14T22:25:46.489348Z",
            "yes_price": 71,
            "no_price": 29,
            "taker_side": "no"
        },
        {
            "trade_id": "4107654c-ee9a-4739-8c52-57986042f7b7",
            "ticker": "KXHIGHDEN-25APR14-B55.5",
            "count": 30,
            "created_time": "2025-04-14T22:24:05.883932Z",
            "yes_price": 76,
            "no_price": 24,
            "taker_side": "yes"
        },
        {
            "trade_id": "da7089a8-391a-4d4a-9344-efdf4a0bff2e",
            "ticker": "KXHIGHDEN-25APR14-B55.5",
            "count": 56,
            "created_time": "2025-04-14T22:23:38.896984Z",
            "yes_price": 75,
            "no_price": 25,
            "taker_side": "yes"
        },
        {
            "trade_id": "89aeda14-ccb1-4cd2-949e-98aeeedb2b2e",
            "ticker": "KXHIGHDEN-25APR14-B55.5",
            "count": 50,
            "created_time": "2025-04-14T22:23:38.896984Z",
            "yes_price": 74,
            "no_price": 26,
            "taker_side": "yes"
        },
        {
            "trade_id": "54a641f6-e37b-4f2f-9e15-f40d4c028ec4",
            "ticker": "KXHIGHDEN-25APR14-B55.5",
            "count": 15,
            "created_time": "2025-04-14T22:18:56.2395Z",
            "yes_price": 72,
            "no_price": 28,
            "taker_side": "yes"
        },
        {
            "trade_id": "49b628c9-8de7-4a3d-aaf8-d47fb066fe1b",
            "ticker": "KXHIGHDEN-25APR14-B55.5",
            "count": 15,
            "created_time": "2025-04-14T22:18:36.695026Z",
            "yes_price": 72,
            "no_price": 28,
            "taker_side": "yes"
        },
        {
            "trade_id": "6bc2a434-9f99-4135-84da-463b6f207479",
            "ticker": "KXHIGHDEN-25APR14-B55.5",
            "count": 109,
            "created_time": "2025-04-14T22:16:38.661631Z",
            "yes_price": 73,
            "no_price": 27,
            "taker_side": "yes"
        },
        {
            "trade_id": "15e69ee4-1b40-4a52-8222-11ee3162d7c1",
            "ticker": "KXHIGHDEN-25APR14-B55.5",
            "count": 15,
            "created_time": "2025-04-14T22:16:36.878344Z",
            "yes_price": 72,
            "no_price": 28,
            "taker_side": "no"
        },
        {
            "trade_id": "fc6e1b85-f77f-4770-a201-43db374adb13",
            "ticker": "KXHIGHDEN-25APR14-B55.5",
            "count": 100,
            "created_time": "2025-04-14T22:15:07.975984Z",
            "yes_price": 59,
            "no_price": 41,
            "taker_side": "no"
        },
        {
            "trade_id": "a0ffd33f-0e6b-426d-9340-e8829178d4b7",
            "ticker": "KXHIGHDEN-25APR14-B55.5",
            "count": 91,
            "created_time": "2025-04-14T22:15:07.975984Z",
            "yes_price": 60,
            "no_price": 40,
            "taker_side": "no"
        },
        {
            "trade_id": "bd6ca062-f5f2-42b5-a57d-7ceb37764281",
            "ticker": "KXHIGHDEN-25APR14-B55.5",
            "count": 9,
            "created_time": "2025-04-14T22:14:58.175043Z",
            "yes_price": 60,
            "no_price": 40,
            "taker_side": "no"
        },
        {
            "trade_id": "9aa44805-e5d8-4bea-a346-1a72cf4dd1a6",
            "ticker": "KXHIGHDEN-25APR14-B55.5",
            "count": 3,
            "created_time": "2025-04-14T22:14:58.175043Z",
            "yes_price": 61,
            "no_price": 39,
            "taker_side": "no"
        },
        {
            "trade_id": "87151bdb-bf83-451e-843f-c0783c5861d2",
            "ticker": "KXHIGHDEN-25APR14-B55.5",
            "count": 1,
            "created_time": "2025-04-14T22:13:05.844262Z",
            "yes_price": 61,
            "no_price": 39,
            "taker_side": "no"
        },
        {
            "trade_id": "6f85e16d-3f11-4604-8a46-82e831cca809",
            "ticker": "KXHIGHDEN-25APR14-B55.5",
            "count": 15,
            "created_time": "2025-04-14T22:13:05.844262Z",
            "yes_price": 61,
            "no_price": 39,
            "taker_side": "no"
        },
        {
            "trade_id": "475bc075-a8fd-4fbd-bcaa-b75eb6130487",
            "ticker": "KXHIGHDEN-25APR14-B55.5",
            "count": 1,
            "created_time": "2025-04-14T22:12:10.363461Z",
            "yes_price": 74,
            "no_price": 26,
            "taker_side": "yes"
        },
        {
            "trade_id": "c349f003-1f31-405d-bcca-5f7bf4d6930a",
            "ticker": "KXHIGHDEN-25APR14-B55.5",
            "count": 50,
            "created_time": "2025-04-14T22:11:25.790141Z",
            "yes_price": 75,
            "no_price": 25,
            "taker_side": "yes"
        },
        {
            "trade_id": "b0b6df88-3282-498c-a288-ac1377dfc138",
            "ticker": "KXHIGHDEN-25APR14-B55.5",
            "count": 87,
            "created_time": "2025-04-14T22:11:25.790141Z",
            "yes_price": 75,
            "no_price": 25,
            "taker_side": "yes"
        },
        {
            "trade_id": "2b0f3f79-7f6f-4020-8f00-a01f9c59dae2",
            "ticker": "KXHIGHDEN-25APR14-B55.5",
            "count": 7,
            "created_time": "2025-04-14T22:11:15.109107Z",
            "yes_price": 73,
            "no_price": 27,
            "taker_side": "no"
        },
        {
            "trade_id": "f0f0eb0a-7799-4c25-bf14-f1d429c5c0de",
            "ticker": "KXHIGHDEN-25APR14-B55.5",
            "count": 54,
            "created_time": "2025-04-14T22:11:12.039017Z",
            "yes_price": 73,
            "no_price": 27,
            "taker_side": "no"
        },
        {
            "trade_id": "a7da89ab-8f28-4d55-808e-c79547882bd7",
            "ticker": "KXHIGHDEN-25APR14-B55.5",
            "count": 60,
            "created_time": "2025-04-14T22:11:11.670599Z",
            "yes_price": 73,
            "no_price": 27,
            "taker_side": "yes"
        },
        {
            "trade_id": "38038af1-5ef5-4337-86a2-4eae3bc39c60",
            "ticker": "KXHIGHDEN-25APR14-B55.5",
            "count": 55,
            "created_time": "2025-04-14T22:10:55.858931Z",
            "yes_price": 72,
            "no_price": 28,
            "taker_side": "no"
        },
        {
            "trade_id": "16a7ba82-6d2d-4f27-b0b2-6f6045c9f927",
            "ticker": "KXHIGHDEN-25APR14-B55.5",
            "count": 55,
            "created_time": "2025-04-14T22:10:55.798439Z",
            "yes_price": 72,
            "no_price": 28,
            "taker_side": "yes"
        },
        {
            "trade_id": "310015ac-57d1-46e5-bfe6-c94cdc3d9ee6",
            "ticker": "KXHIGHDEN-25APR14-B55.5",
            "count": 1,
            "created_time": "2025-04-14T22:08:51.952287Z",
            "yes_price": 61,
            "no_price": 39,
            "taker_side": "no"
        },
        {
            "trade_id": "90e71df5-752a-4970-ac46-5661e69c9e9c",
            "ticker": "KXHIGHDEN-25APR14-B55.5",
            "count": 12,
            "created_time": "2025-04-14T22:07:32.79186Z",
            "yes_price": 67,
            "no_price": 33,
            "taker_side": "yes"
        },
        {
            "trade_id": "852ec97a-074b-457e-b49a-51bfbeed6cc1",
            "ticker": "KXHIGHDEN-25APR14-B55.5",
            "count": 1,
            "created_time": "2025-04-14T22:04:50.168935Z",
            "yes_price": 61,
            "no_price": 39,
            "taker_side": "yes"
        },
        {
            "trade_id": "641ff045-9900-4a76-a32f-3adfb4e63797",
            "ticker": "KXHIGHDEN-25APR14-B55.5",
            "count": 2,
            "created_time": "2025-04-14T22:04:29.334919Z",
            "yes_price": 61,
            "no_price": 39,
            "taker_side": "yes"
        },
        {
            "trade_id": "49a58844-375b-4d14-9a2c-0ddd6e7eb957",
            "ticker": "KXHIGHDEN-25APR14-B55.5",
            "count": 1,
            "created_time": "2025-04-14T22:03:38.982646Z",
            "yes_price": 65,
            "no_price": 35,
            "taker_side": "yes"
        },
        {
            "trade_id": "a73b75a3-88a3-417d-bd5a-e9d4381407c5",
            "ticker": "KXHIGHDEN-25APR14-B55.5",
            "count": 3,
            "created_time": "2025-04-14T22:03:29.790468Z",
            "yes_price": 66,
            "no_price": 34,
            "taker_side": "yes"
        },
        {
            "trade_id": "552d7072-b8c8-4635-80d2-833a3ba6b7b6",
            "ticker": "KXHIGHDEN-25APR14-B55.5",
            "count": 13,
            "created_time": "2025-04-14T22:01:40.894175Z",
            "yes_price": 67,
            "no_price": 33,
            "taker_side": "no"
        },
        {
            "trade_id": "629c4bee-862d-4675-93dc-8147768d0fb0",
            "ticker": "KXHIGHDEN-25APR14-B55.5",
            "count": 26,
            "created_time": "2025-04-14T22:01:40.044956Z",
            "yes_price": 66,
            "no_price": 34,
            "taker_side": "no"
        },
        {
            "trade_id": "84d8b2b6-7a90-475b-80e1-ebb8d6caabc1",
            "ticker": "KXHIGHDEN-25APR14-B55.5",
            "count": 4,
            "created_time": "2025-04-14T22:01:39.979249Z",
            "yes_price": 66,
            "no_price": 34,
            "taker_side": "yes"
        },
        {
            "trade_id": "4b69b3d1-f5ee-473e-b5ef-7c3e5761e41f",
            "ticker": "KXHIGHDEN-25APR14-B55.5",
            "count": 1,
            "created_time": "2025-04-14T22:01:32.436687Z",
            "yes_price": 66,
            "no_price": 34,
            "taker_side": "yes"
        },
        {
            "trade_id": "daf480c9-2fa4-4d64-914a-52e914326bb3",
            "ticker": "KXHIGHDEN-25APR14-B55.5",
            "count": 6,
            "created_time": "2025-04-14T22:01:20.01889Z",
            "yes_price": 66,
            "no_price": 34,
            "taker_side": "yes"
        },
        {
            "trade_id": "fcf1c3bf-c7ff-4127-a5ba-ebd0a223bed8",
            "ticker": "KXHIGHDEN-25APR14-B55.5",
            "count": 12,
            "created_time": "2025-04-14T22:01:03.220228Z",
            "yes_price": 61,
            "no_price": 39,
            "taker_side": "yes"
        },
        {
            "trade_id": "ce1e38ad-3818-402e-a383-85f4abde894e",
            "ticker": "KXHIGHDEN-25APR14-B55.5",
            "count": 2,
            "created_time": "2025-04-14T21:58:05.875369Z",
            "yes_price": 63,
            "no_price": 37,
            "taker_side": "yes"
        },
        {
            "trade_id": "22261d85-96ba-4db3-a6a1-cb135781c851",
            "ticker": "KXHIGHDEN-25APR14-B55.5",
            "count": 2,
            "created_time": "2025-04-14T21:58:05.495768Z",
            "yes_price": 64,
            "no_price": 36,
            "taker_side": "no"
        },
        {
            "trade_id": "581a0fec-7180-4679-b5d4-08822cd1165f",
            "ticker": "KXHIGHDEN-25APR14-B55.5",
            "count": 3,
            "created_time": "2025-04-14T21:57:58.105439Z",
            "yes_price": 65,
            "no_price": 35,
            "taker_side": "yes"
        },
        {
            "trade_id": "42843d19-f04c-4b1e-9028-8e96269e3209",
            "ticker": "KXHIGHDEN-25APR14-B55.5",
            "count": 2,
            "created_time": "2025-04-14T21:57:50.330983Z",
            "yes_price": 65,
            "no_price": 35,
            "taker_side": "yes"
        },
        {
            "trade_id": "4d1f14c5-07f6-40ea-b726-d3a6a2294ef0",
            "ticker": "KXHIGHDEN-25APR14-B55.5",
            "count": 5,
            "created_time": "2025-04-14T21:57:32.223601Z",
            "yes_price": 65,
            "no_price": 35,
            "taker_side": "yes"
        },
        {
            "trade_id": "a16933f8-caae-435c-9af9-eac8f5cabb08",
            "ticker": "KXHIGHDEN-25APR14-B55.5",
            "count": 11,
            "created_time": "2025-04-14T21:57:17.869358Z",
            "yes_price": 41,
            "no_price": 59,
            "taker_side": "no"
        },
        {
            "trade_id": "65723c30-4096-4e16-90bf-a18d58070c7b",
            "ticker": "KXHIGHDEN-25APR14-B55.5",
            "count": 8,
            "created_time": "2025-04-14T21:57:17.869358Z",
            "yes_price": 46,
            "no_price": 54,
            "taker_side": "no"
        },
        {
            "trade_id": "4bd920be-b5df-4754-a841-2dd50c02342f",
            "ticker": "KXHIGHDEN-25APR14-B55.5",
            "count": 33,
            "created_time": "2025-04-14T21:57:17.869358Z",
            "yes_price": 40,
            "no_price": 60,
            "taker_side": "no"
        },
        {
            "trade_id": "149db8d0-3688-4c51-9427-96681ac7a5cd",
            "ticker": "KXHIGHDEN-25APR14-B55.5",
            "count": 8,
            "created_time": "2025-04-14T21:57:17.869358Z",
            "yes_price": 46,
            "no_price": 54,
            "taker_side": "no"
        },
        {
            "trade_id": "1326949d-2909-47b9-9175-c097263f7ad7",
            "ticker": "KXHIGHDEN-25APR14-B55.5",
            "count": 75,
            "created_time": "2025-04-14T21:57:17.869358Z",
            "yes_price": 45,
            "no_price": 55,
            "taker_side": "no"
        },
        {
            "trade_id": "0c3ed45e-c9a4-4845-8b6c-a28022947d4d",
            "ticker": "KXHIGHDEN-25APR14-B55.5",
            "count": 7,
            "created_time": "2025-04-14T21:57:17.869358Z",
            "yes_price": 46,
            "no_price": 54,
            "taker_side": "no"
        },
        {
            "trade_id": "0115127f-aaa8-4397-9b28-60338ebdf2c2",
            "ticker": "KXHIGHDEN-25APR14-B55.5",
            "count": 99,
            "created_time": "2025-04-14T21:57:17.869358Z",
            "yes_price": 42,
            "no_price": 58,
            "taker_side": "no"
        },
        {
            "trade_id": "e97e7868-3c66-4d93-9a1c-1c552c521d11",
            "ticker": "KXHIGHDEN-25APR14-B55.5",
            "count": 50,
            "created_time": "2025-04-14T21:53:02.685728Z",
            "yes_price": 56,
            "no_price": 44,
            "taker_side": "yes"
        },
        {
            "trade_id": "a09a2a59-968d-4c11-bbae-c711ae9cc7d2",
            "ticker": "KXHIGHDEN-25APR14-B55.5",
            "count": 8,
            "created_time": "2025-04-14T21:53:02.685728Z",
            "yes_price": 57,
            "no_price": 43,
            "taker_side": "yes"
        },
        {
            "trade_id": "00c7151e-013d-41fd-b291-e8ffe63fc06c",
            "ticker": "KXHIGHDEN-25APR14-B55.5",
            "count": 49,
            "created_time": "2025-04-14T21:53:02.685728Z",
            "yes_price": 58,
            "no_price": 42,
            "taker_side": "yes"
        },
        {
            "trade_id": "cc4c06be-f6c3-4a98-8d06-c218ef3eee57",
            "ticker": "KXHIGHDEN-25APR14-B55.5",
            "count": 12,
            "created_time": "2025-04-14T21:52:48.517938Z",
            "yes_price": 52,
            "no_price": 48,
            "taker_side": "yes"
        },
        {
            "trade_id": "d81840c1-0881-4ad8-9093-68316d4b795e",
            "ticker": "KXHIGHDEN-25APR14-B55.5",
            "count": 2,
            "created_time": "2025-04-14T21:52:20.45248Z",
            "yes_price": 55,
            "no_price": 45,
            "taker_side": "yes"
        },
        {
            "trade_id": "2630a56d-95f5-4563-97b4-ed8abb977d81",
            "ticker": "KXHIGHDEN-25APR14-B55.5",
            "count": 8,
            "created_time": "2025-04-14T21:52:20.45248Z",
            "yes_price": 55,
            "no_price": 45,
            "taker_side": "yes"
        },
        {
            "trade_id": "c3f2e927-0ea1-4a8d-adae-652ba5ef2488",
            "ticker": "KXHIGHDEN-25APR14-B55.5",
            "count": 10,
            "created_time": "2025-04-14T21:49:04.423813Z",
            "yes_price": 50,
            "no_price": 50,
            "taker_side": "yes"
        },
        {
            "trade_id": "39ca086b-2ed6-4aab-8221-42c2267a273b",
            "ticker": "KXHIGHDEN-25APR14-B55.5",
            "count": 20,
            "created_time": "2025-04-14T21:46:13.601005Z",
            "yes_price": 53,
            "no_price": 47,
            "taker_side": "yes"
        },
        {
            "trade_id": "e72bbb2a-d1e7-4cc6-8f1b-7aed0fe0101e",
            "ticker": "KXHIGHDEN-25APR14-B55.5",
            "count": 15,
            "created_time": "2025-04-14T21:45:33.27996Z",
            "yes_price": 49,
            "no_price": 51,
            "taker_side": "yes"
        },
        {
            "trade_id": "7d8dd478-a1e3-4b81-ab86-68111b9c3a28",
            "ticker": "KXHIGHDEN-25APR14-B55.5",
            "count": 25,
            "created_time": "2025-04-14T21:45:33.27996Z",
            "yes_price": 50,
            "no_price": 50,
            "taker_side": "yes"
        },
        {
            "trade_id": "434c8ce1-51e9-4836-af0a-e77af4493903",
            "ticker": "KXHIGHDEN-25APR14-B55.5",
            "count": 10,
            "created_time": "2025-04-14T21:45:33.27996Z",
            "yes_price": 49,
            "no_price": 51,
            "taker_side": "yes"
        },
        {
            "trade_id": "3b54b8f4-7a37-4936-9d18-8b0231bc26ca",
            "ticker": "KXHIGHDEN-25APR14-B55.5",
            "count": 50,
            "created_time": "2025-04-14T21:45:33.27996Z",
            "yes_price": 48,
            "no_price": 52,
            "taker_side": "yes"
        },
        {
            "trade_id": "dd59d676-1477-4d1c-b9f5-92d13035ce40",
            "ticker": "KXHIGHDEN-25APR14-B55.5",
            "count": 15,
            "created_time": "2025-04-14T21:43:16.153434Z",
            "yes_price": 55,
            "no_price": 45,
            "taker_side": "yes"
        },
        {
            "trade_id": "5001c4a0-5542-462a-b3d0-68794bd4ce4e",
            "ticker": "KXHIGHDEN-25APR14-B55.5",
            "count": 2,
            "created_time": "2025-04-14T21:43:16.153434Z",
            "yes_price": 53,
            "no_price": 47,
            "taker_side": "yes"
        },
        {
            "trade_id": "f6259d75-eb9e-4a02-94da-a09141bab7b3",
            "ticker": "KXHIGHDEN-25APR14-B55.5",
            "count": 25,
            "created_time": "2025-04-14T21:29:36.796099Z",
            "yes_price": 34,
            "no_price": 66,
            "taker_side": "no"
        },
        {
            "trade_id": "cc5629e4-b328-43df-829b-ed0226c8a5d8",
            "ticker": "KXHIGHDEN-25APR14-B55.5",
            "count": 70,
            "created_time": "2025-04-14T21:29:36.796099Z",
            "yes_price": 33,
            "no_price": 67,
            "taker_side": "no"
        },
        {
            "trade_id": "34034449-f8fc-4fc4-b447-03fbf420362d",
            "ticker": "KXHIGHDEN-25APR14-B55.5",
            "count": 1,
            "created_time": "2025-04-14T21:29:36.796099Z",
            "yes_price": 34,
            "no_price": 66,
            "taker_side": "no"
        },
        {
            "trade_id": "278e8f88-fd05-4da5-98fd-f3cd3d349910",
            "ticker": "KXHIGHDEN-25APR14-B55.5",
            "count": 14,
            "created_time": "2025-04-14T21:29:36.796099Z",
            "yes_price": 34,
            "no_price": 66,
            "taker_side": "no"
        },
        {
            "trade_id": "c7446a20-b231-442f-8dd9-040b60131656",
            "ticker": "KXHIGHDEN-25APR14-B55.5",
            "count": 1,
            "created_time": "2025-04-14T21:26:42.308571Z",
            "yes_price": 20,
            "no_price": 80,
            "taker_side": "no"
        },
        {
            "trade_id": "a6ce2967-501a-4520-920d-955531f84bd8",
            "ticker": "KXHIGHDEN-25APR14-B55.5",
            "count": 1,
            "created_time": "2025-04-14T21:25:32.970525Z",
            "yes_price": 16,
            "no_price": 84,
            "taker_side": "no"
        },
        {
            "trade_id": "efaa84ec-4314-44e9-bb1f-79714aed0517",
            "ticker": "KXHIGHDEN-25APR14-B55.5",
            "count": 13,
            "created_time": "2025-04-14T21:23:34.440646Z",
            "yes_price": 56,
            "no_price": 44,
            "taker_side": "yes"
        },
        {
            "trade_id": "d7d68a30-4d37-4319-8e6e-9f26f36d6b10",
            "ticker": "KXHIGHDEN-25APR14-B55.5",
            "count": 45,
            "created_time": "2025-04-14T21:19:01.60163Z",
            "yes_price": 49,
            "no_price": 51,
            "taker_side": "yes"
        },
        {
            "trade_id": "0efe7ffe-90f4-45c2-8fd7-e5632945c551",
            "ticker": "KXHIGHDEN-25APR14-B55.5",
            "count": 15,
            "created_time": "2025-04-14T21:19:01.60163Z",
            "yes_price": 49,
            "no_price": 51,
            "taker_side": "yes"
        },
        {
            "trade_id": "c146a50b-4945-402b-8bdf-1e39f843c425",
            "ticker": "KXHIGHDEN-25APR14-B55.5",
            "count": 11,
            "created_time": "2025-04-14T21:17:42.764946Z",
            "yes_price": 9,
            "no_price": 91,
            "taker_side": "yes"
        },
        {
            "trade_id": "fb801098-d4da-4144-8454-2854e3794d69",
            "ticker": "KXHIGHDEN-25APR14-B55.5",
            "count": 14,
            "created_time": "2025-04-14T21:12:18.627907Z",
            "yes_price": 32,
            "no_price": 68,
            "taker_side": "no"
        },
        {
            "trade_id": "bad32850-e722-4493-87b1-90f8ecc9204d",
            "ticker": "KXHIGHDEN-25APR14-B55.5",
            "count": 99,
            "created_time": "2025-04-14T21:12:18.627907Z",
            "yes_price": 31,
            "no_price": 69,
            "taker_side": "no"
        },
        {
            "trade_id": "9f14dc28-201a-4cbc-a11e-3b2dd2135c99",
            "ticker": "KXHIGHDEN-25APR14-B55.5",
            "count": 1,
            "created_time": "2025-04-14T21:12:18.627907Z",
            "yes_price": 32,
            "no_price": 68,
            "taker_side": "no"
        },
        {
            "trade_id": "88067ae5-cb0b-4240-b45a-8cd6d70063bf",
            "ticker": "KXHIGHDEN-25APR14-B55.5",
            "count": 86,
            "created_time": "2025-04-14T21:12:18.627907Z",
            "yes_price": 30,
            "no_price": 70,
            "taker_side": "no"
        },
        {
            "trade_id": "28e0c6ce-fb71-4f6c-9531-70688e2cc05a",
            "ticker": "KXHIGHDEN-25APR14-B55.5",
            "count": 1,
            "created_time": "2025-04-14T21:10:50.336425Z",
            "yes_price": 28,
            "no_price": 72,
            "taker_side": "no"
        },
        {
            "trade_id": "cef9e14f-f8ff-472a-9ede-7267c224e8db",
            "ticker": "KXHIGHDEN-25APR14-B55.5",
            "count": 5,
            "created_time": "2025-04-14T21:03:07.645212Z",
            "yes_price": 56,
            "no_price": 44,
            "taker_side": "yes"
        },
        {
            "trade_id": "4bfcefb1-8469-49d7-b22d-cc068232fbc3",
            "ticker": "KXHIGHDEN-25APR14-B55.5",
            "count": 12,
            "created_time": "2025-04-14T21:03:07.645212Z",
            "yes_price": 55,
            "no_price": 45,
            "taker_side": "yes"
        },
        {
            "trade_id": "39034df7-789f-4a48-9dbe-2e0f68ae4dec",
            "ticker": "KXHIGHDEN-25APR14-B55.5",
            "count": 30,
            "created_time": "2025-04-14T21:01:46.129251Z",
            "yes_price": 35,
            "no_price": 65,
            "taker_side": "yes"
        },
        {
            "trade_id": "573381a2-0d86-459f-a6e3-4dbec5bf0dbc",
            "ticker": "KXHIGHDEN-25APR14-B55.5",
            "count": 10,
            "created_time": "2025-04-14T21:01:44.735686Z",
            "yes_price": 35,
            "no_price": 65,
            "taker_side": "yes"
        },
        {
            "trade_id": "cfb2bd26-0ad4-4e5c-a6b0-54854549719a",
            "ticker": "KXHIGHDEN-25APR14-B55.5",
            "count": 60,
            "created_time": "2025-04-14T21:00:33.527205Z",
            "yes_price": 35,
            "no_price": 65,
            "taker_side": "yes"
        },
        {
            "trade_id": "a27dd64e-ea97-4ba5-8c85-d23746266d3a",
            "ticker": "KXHIGHDEN-25APR14-B55.5",
            "count": 50,
            "created_time": "2025-04-14T21:00:33.527205Z",
            "yes_price": 34,
            "no_price": 66,
            "taker_side": "yes"
        },
        {
            "trade_id": "d6599737-6d01-40d0-868f-f3288209a1c9",
            "ticker": "KXHIGHDEN-25APR14-B55.5",
            "count": 50,
            "created_time": "2025-04-14T20:57:29.77428Z",
            "yes_price": 33,
            "no_price": 67,
            "taker_side": "yes"
        },
        {
            "trade_id": "437e9238-0667-4697-b48a-ccd0e86859c7",
            "ticker": "KXHIGHDEN-25APR14-B55.5",
            "count": 244,
            "created_time": "2025-04-14T20:57:29.77428Z",
            "yes_price": 34,
            "no_price": 66,
            "taker_side": "yes"
        },
        {
            "trade_id": "1bb616b6-a339-4117-9221-c2d7c60a07f4",
            "ticker": "KXHIGHDEN-25APR14-B55.5",
            "count": 10,
            "created_time": "2025-04-14T20:53:55.49715Z",
            "yes_price": 33,
            "no_price": 67,
            "taker_side": "yes"
        },
        {
            "trade_id": "d0580cf5-2954-48c4-b736-ca272e7dd54d",
            "ticker": "KXHIGHDEN-25APR14-B55.5",
            "count": 6,
            "created_time": "2025-04-14T20:52:48.453477Z",
            "yes_price": 31,
            "no_price": 69,
            "taker_side": "yes"
        },
        {
            "trade_id": "45774dba-4faf-4c1d-be48-ba07dbd3c505",
            "ticker": "KXHIGHDEN-25APR14-B55.5",
            "count": 112,
            "created_time": "2025-04-14T20:50:50.054567Z",
            "yes_price": 27,
            "no_price": 73,
            "taker_side": "no"
        },
        {
            "trade_id": "f906c6a4-17ce-4cbc-8740-e80f0f579448",
            "ticker": "KXHIGHDEN-25APR14-B55.5",
            "count": 2,
            "created_time": "2025-04-14T20:49:13.089283Z",
            "yes_price": 34,
            "no_price": 66,
            "taker_side": "yes"
        },
        {
            "trade_id": "1fb51f56-a921-4e5c-8a50-aa4f60e3d450",
            "ticker": "KXHIGHDEN-25APR14-B55.5",
            "count": 112,
            "created_time": "2025-04-14T20:36:26.326945Z",
            "yes_price": 31,
            "no_price": 69,
            "taker_side": "no"
        },
        {
            "trade_id": "73e1561e-5a0f-4708-971a-e6357a5f6b17",
            "ticker": "KXHIGHDEN-25APR14-B55.5",
            "count": 10,
            "created_time": "2025-04-14T20:27:52.428464Z",
            "yes_price": 49,
            "no_price": 51,
            "taker_side": "yes"
        },
        {
            "trade_id": "43372525-aebe-4da1-bc7e-ffdfe0fff2b0",
            "ticker": "KXHIGHDEN-25APR14-B55.5",
            "count": 6,
            "created_time": "2025-04-14T20:24:37.202159Z",
            "yes_price": 25,
            "no_price": 75,
            "taker_side": "no"
        },
        {
            "trade_id": "e5625cb8-e2df-48ec-8c7c-ac30654fea41",
            "ticker": "KXHIGHDEN-25APR14-B55.5",
            "count": 10,
            "created_time": "2025-04-14T20:20:18.671331Z",
            "yes_price": 45,
            "no_price": 55,
            "taker_side": "yes"
        },
        {
            "trade_id": "d52c2fb5-fc10-4c39-9691-031a0dbb0f7c",
            "ticker": "KXHIGHDEN-25APR14-B55.5",
            "count": 7,
            "created_time": "2025-04-14T20:19:12.146923Z",
            "yes_price": 36,
            "no_price": 64,
            "taker_side": "yes"
        },
        {
            "trade_id": "bc246f39-c893-4849-a33a-5ffc99db7d50",
            "ticker": "KXHIGHDEN-25APR14-B55.5",
            "count": 40,
            "created_time": "2025-04-14T20:09:54.427091Z",
            "yes_price": 39,
            "no_price": 61,
            "taker_side": "yes"
        },
        {
            "trade_id": "9c355e43-7fe7-4553-83d8-d794349b7f00",
            "ticker": "KXHIGHDEN-25APR14-B55.5",
            "count": 200,
            "created_time": "2025-04-14T20:09:54.427091Z",
            "yes_price": 39,
            "no_price": 61,
            "taker_side": "yes"
        },
        {
            "trade_id": "6c913913-feee-4e9f-8d13-e818da00c8cb",
            "ticker": "KXHIGHDEN-25APR14-B55.5",
            "count": 50,
            "created_time": "2025-04-14T20:09:54.427091Z",
            "yes_price": 38,
            "no_price": 62,
            "taker_side": "yes"
        },
        {
            "trade_id": "a6ce1e3a-8636-4252-93c8-5e0b803c1f0e",
            "ticker": "KXHIGHDEN-25APR14-B55.5",
            "count": 50,
            "created_time": "2025-04-14T20:07:22.092199Z",
            "yes_price": 16,
            "no_price": 84,
            "taker_side": "no"
        },
        {
            "trade_id": "a3d53904-e89f-475d-91a5-9c9413ce29a0",
            "ticker": "KXHIGHDEN-25APR14-B55.5",
            "count": 17,
            "created_time": "2025-04-14T20:07:22.092199Z",
            "yes_price": 15,
            "no_price": 85,
            "taker_side": "no"
        },
        {
            "trade_id": "f187882f-8ee5-4023-906a-b17b616c45ad",
            "ticker": "KXHIGHDEN-25APR14-B55.5",
            "count": 50,
            "created_time": "2025-04-14T19:59:42.901429Z",
            "yes_price": 21,
            "no_price": 79,
            "taker_side": "yes"
        },
        {
            "trade_id": "e98e035b-1a49-4cf9-9f60-55bb62527969",
            "ticker": "KXHIGHDEN-25APR14-B55.5",
            "count": 40,
            "created_time": "2025-04-14T19:59:42.901429Z",
            "yes_price": 20,
            "no_price": 80,
            "taker_side": "yes"
        },
        {
            "trade_id": "eda2e5d7-2d03-456b-9ead-d691587c65d1",
            "ticker": "KXHIGHDEN-25APR14-B55.5",
            "count": 12,
            "created_time": "2025-04-14T19:56:33.910815Z",
            "yes_price": 21,
            "no_price": 79,
            "taker_side": "no"
        },
        {
            "trade_id": "d00b6cd1-aeb1-4427-ad4a-3827633b4f2a",
            "ticker": "KXHIGHDEN-25APR14-B55.5",
            "count": 30,
            "created_time": "2025-04-14T19:55:17.557346Z",
            "yes_price": 22,
            "no_price": 78,
            "taker_side": "yes"
        },
        {
            "trade_id": "c915d82d-e0df-44b4-9a48-bf1aa86291f9",
            "ticker": "KXHIGHDEN-25APR14-B55.5",
            "count": 5,
            "created_time": "2025-04-14T19:50:25.890312Z",
            "yes_price": 18,
            "no_price": 82,
            "taker_side": "yes"
        },
        {
            "trade_id": "2f5d4aca-1a5d-4f05-888f-539323dacf94",
            "ticker": "KXHIGHDEN-25APR14-B55.5",
            "count": 15,
            "created_time": "2025-04-14T19:50:25.890312Z",
            "yes_price": 17,
            "no_price": 83,
            "taker_side": "yes"
        },
        {
            "trade_id": "dc8d2a75-d8fe-4055-a095-bdc9719273a1",
            "ticker": "KXHIGHDEN-25APR14-B55.5",
            "count": 7,
            "created_time": "2025-04-14T19:47:59.670604Z",
            "yes_price": 17,
            "no_price": 83,
            "taker_side": "yes"
        },
        {
            "trade_id": "c472e5ee-c340-4b0b-b429-ddb4acd563a1",
            "ticker": "KXHIGHDEN-25APR14-B55.5",
            "count": 8,
            "created_time": "2025-04-14T19:47:59.670604Z",
            "yes_price": 17,
            "no_price": 83,
            "taker_side": "yes"
        },
        {
            "trade_id": "3355819f-9b80-469c-9210-6e87ac0e9866",
            "ticker": "KXHIGHDEN-25APR14-B55.5",
            "count": 35,
            "created_time": "2025-04-14T19:37:29.585223Z",
            "yes_price": 14,
            "no_price": 86,
            "taker_side": "no"
        },
        {
            "trade_id": "fbd81bb3-74d5-4343-8912-e5b8e1958be3",
            "ticker": "KXHIGHDEN-25APR14-B55.5",
            "count": 50,
            "created_time": "2025-04-14T19:21:41.821273Z",
            "yes_price": 13,
            "no_price": 87,
            "taker_side": "no"
        },
        {
            "trade_id": "bab8cf65-c1dc-4d5f-b570-c6bd2adab6c2",
            "ticker": "KXHIGHDEN-25APR14-B55.5",
            "count": 43,
            "created_time": "2025-04-14T19:21:41.821273Z",
            "yes_price": 14,
            "no_price": 86,
            "taker_side": "no"
        },
        {
            "trade_id": "a5d9cbcc-de40-4332-a21a-bcfb8dc6ed58",
            "ticker": "KXHIGHDEN-25APR14-B55.5",
            "count": 361,
            "created_time": "2025-04-14T19:21:41.821273Z",
            "yes_price": 12,
            "no_price": 88,
            "taker_side": "no"
        },
        {
            "trade_id": "502260b6-64be-4759-bd68-ec8f81023ad8",
            "ticker": "KXHIGHDEN-25APR14-B55.5",
            "count": 40,
            "created_time": "2025-04-14T19:12:43.391802Z",
            "yes_price": 17,
            "no_price": 83,
            "taker_side": "no"
        },
        {
            "trade_id": "e0fb6f96-14ad-4b7d-b480-2b8e07516b9e",
            "ticker": "KXHIGHDEN-25APR14-B55.5",
            "count": 5,
            "created_time": "2025-04-14T19:11:17.670731Z",
            "yes_price": 17,
            "no_price": 83,
            "taker_side": "no"
        },
        {
            "trade_id": "99f1efb2-9fa4-411f-a3f8-206afdf0581d",
            "ticker": "KXHIGHDEN-25APR14-B55.5",
            "count": 12,
            "created_time": "2025-04-14T19:11:00.420758Z",
            "yes_price": 16,
            "no_price": 84,
            "taker_side": "yes"
        },
        {
            "trade_id": "5bdfde82-3e76-469f-91b9-12ad740e0fd6",
            "ticker": "KXHIGHDEN-25APR14-B55.5",
            "count": 34,
            "created_time": "2025-04-14T19:09:48.103761Z",
            "yes_price": 31,
            "no_price": 69,
            "taker_side": "no"
        },
        {
            "trade_id": "371fd06d-6737-449a-9db3-222c73966f52",
            "ticker": "KXHIGHDEN-25APR14-B55.5",
            "count": 10,
            "created_time": "2025-04-14T19:09:48.103761Z",
            "yes_price": 29,
            "no_price": 71,
            "taker_side": "no"
        },
        {
            "trade_id": "25a560ef-5247-4072-afd3-acf953df86aa",
            "ticker": "KXHIGHDEN-25APR14-B55.5",
            "count": 99,
            "created_time": "2025-04-14T19:09:48.103761Z",
            "yes_price": 26,
            "no_price": 74,
            "taker_side": "no"
        },
        {
            "trade_id": "a33ce97b-8cda-4c2d-8225-7f1eb263cfdb",
            "ticker": "KXHIGHDEN-25APR14-B55.5",
            "count": 56,
            "created_time": "2025-04-14T19:09:48.042524Z",
            "yes_price": 31,
            "no_price": 69,
            "taker_side": "no"
        },
        {
            "trade_id": "150a0096-a271-41c0-9a6a-12bb30d7771a",
            "ticker": "KXHIGHDEN-25APR14-B55.5",
            "count": 11,
            "created_time": "2025-04-14T19:09:48.042524Z",
            "yes_price": 32,
            "no_price": 68,
            "taker_side": "no"
        },
        {
            "trade_id": "5dcaeb5d-ccc8-4d44-b345-64dcfb921ece",
            "ticker": "KXHIGHDEN-25APR14-B55.5",
            "count": 40,
            "created_time": "2025-04-14T19:07:53.583984Z",
            "yes_price": 33,
            "no_price": 67,
            "taker_side": "yes"
        },
        {
            "trade_id": "5855a11d-417f-4aba-ab69-a6e02b82e3b8",
            "ticker": "KXHIGHDEN-25APR14-B55.5",
            "count": 50,
            "created_time": "2025-04-14T19:07:53.583984Z",
            "yes_price": 33,
            "no_price": 67,
            "taker_side": "yes"
        },
        {
            "trade_id": "f546b5ba-2694-4a71-acfa-a9891b29f543",
            "ticker": "KXHIGHDEN-25APR14-B55.5",
            "count": 99,
            "created_time": "2025-04-14T19:05:16.760541Z",
            "yes_price": 24,
            "no_price": 76,
            "taker_side": "yes"
        },
        {
            "trade_id": "e2942c0a-5172-4597-af3c-d3dea5bc2aac",
            "ticker": "KXHIGHDEN-25APR14-B55.5",
            "count": 11,
            "created_time": "2025-04-14T19:05:16.760541Z",
            "yes_price": 22,
            "no_price": 78,
            "taker_side": "yes"
        },
        {
            "trade_id": "a2409388-8473-4d83-938b-0a9373572afd",
            "ticker": "KXHIGHDEN-25APR14-B55.5",
            "count": 50,
            "created_time": "2025-04-14T19:05:16.760541Z",
            "yes_price": 19,
            "no_price": 81,
            "taker_side": "yes"
        },
        {
            "trade_id": "3a1aa6bd-13f9-469b-8ca6-713cdbf970e4",
            "ticker": "KXHIGHDEN-25APR14-B55.5",
            "count": 15,
            "created_time": "2025-04-14T19:05:16.760541Z",
            "yes_price": 16,
            "no_price": 84,
            "taker_side": "yes"
        },
        {
            "trade_id": "0af5b388-3fc6-4e3c-9252-8462ef457224",
            "ticker": "KXHIGHDEN-25APR14-B55.5",
            "count": 40,
            "created_time": "2025-04-14T19:05:16.760541Z",
            "yes_price": 16,
            "no_price": 84,
            "taker_side": "yes"
        },
        {
            "trade_id": "b5769b04-0a74-4303-9e8c-90db5e2349dd",
            "ticker": "KXHIGHDEN-25APR14-B55.5",
            "count": 2,
            "created_time": "2025-04-14T19:04:48.386408Z",
            "yes_price": 14,
            "no_price": 86,
            "taker_side": "yes"
        },
        {
            "trade_id": "6663109c-30b9-43db-a3a0-2ec9f4d2b8af",
            "ticker": "KXHIGHDEN-25APR14-B55.5",
            "count": 13,
            "created_time": "2025-04-14T19:00:09.016083Z",
            "yes_price": 14,
            "no_price": 86,
            "taker_side": "no"
        },
        {
            "trade_id": "225add39-2a14-49c5-bd62-889970f11d83",
            "ticker": "KXHIGHDEN-25APR14-B55.5",
            "count": 20,
            "created_time": "2025-04-14T18:55:02.397286Z",
            "yes_price": 13,
            "no_price": 87,
            "taker_side": "no"
        },
        {
            "trade_id": "471ba6da-27af-43e0-ace1-e74f93c37005",
            "ticker": "KXHIGHDEN-25APR14-B55.5",
            "count": 2,
            "created_time": "2025-04-14T18:55:01.576838Z",
            "yes_price": 13,
            "no_price": 87,
            "taker_side": "no"
        },
        {
            "trade_id": "3b545e5c-7938-45ee-b4a8-af1d9521474f",
            "ticker": "KXHIGHDEN-25APR14-B55.5",
            "count": 13,
            "created_time": "2025-04-14T18:55:01.576838Z",
            "yes_price": 12,
            "no_price": 88,
            "taker_side": "no"
        },
        {
            "trade_id": "d9a88781-5df7-4f81-a23b-efdf62ecc83c",
            "ticker": "KXHIGHDEN-25APR14-B55.5",
            "count": 15,
            "created_time": "2025-04-14T18:55:01.537236Z",
            "yes_price": 13,
            "no_price": 87,
            "taker_side": "no"
        },
        {
            "trade_id": "e312fe81-510d-4063-afc3-8174e538c756",
            "ticker": "KXHIGHDEN-25APR14-B55.5",
            "count": 31,
            "created_time": "2025-04-14T18:54:17.027805Z",
            "yes_price": 13,
            "no_price": 87,
            "taker_side": "yes"
        },
        {
            "trade_id": "c9bf5e00-6a30-439b-949d-0dfcef73fdb4",
            "ticker": "KXHIGHDEN-25APR14-B55.5",
            "count": 200,
            "created_time": "2025-04-14T18:54:17.027805Z",
            "yes_price": 14,
            "no_price": 86,
            "taker_side": "yes"
        },
        {
            "trade_id": "6ab21a6e-b680-49a3-a745-bfec8939f974",
            "ticker": "KXHIGHDEN-25APR14-B55.5",
            "count": 1,
            "created_time": "2025-04-14T18:54:17.027805Z",
            "yes_price": 12,
            "no_price": 88,
            "taker_side": "yes"
        },
        {
            "trade_id": "4ac27cbb-94df-4f81-82c4-674e74dad54f",
            "ticker": "KXHIGHDEN-25APR14-B55.5",
            "count": 11,
            "created_time": "2025-04-14T18:54:17.027805Z",
            "yes_price": 12,
            "no_price": 88,
            "taker_side": "yes"
        },
        {
            "trade_id": "4b6797a6-b4ee-48c7-82e6-609eb20d1342",
            "ticker": "KXHIGHDEN-25APR14-B55.5",
            "count": 86,
            "created_time": "2025-04-14T18:53:23.336292Z",
            "yes_price": 12,
            "no_price": 88,
            "taker_side": "yes"
        },
        {
            "trade_id": "e1b0aba1-7c63-4783-a83c-f2efbaa1e5ea",
            "ticker": "KXHIGHDEN-25APR14-B55.5",
            "count": 48,
            "created_time": "2025-04-14T18:53:02.857864Z",
            "yes_price": 11,
            "no_price": 89,
            "taker_side": "yes"
        },
        {
            "trade_id": "ebcb81fc-e8a6-4a8b-9f6e-1f9d1f039244",
            "ticker": "KXHIGHDEN-25APR14-B55.5",
            "count": 50,
            "created_time": "2025-04-14T18:52:47.743378Z",
            "yes_price": 11,
            "no_price": 89,
            "taker_side": "yes"
        },
        {
            "trade_id": "3cafc746-d623-4c2a-be0e-361b9d0ba5ab",
            "ticker": "KXHIGHDEN-25APR14-B55.5",
            "count": 12,
            "created_time": "2025-04-14T18:52:45.838528Z",
            "yes_price": 10,
            "no_price": 90,
            "taker_side": "no"
        },
        {
            "trade_id": "df601741-c774-4be8-b416-f14e2bef5377",
            "ticker": "KXHIGHDEN-25APR14-B55.5",
            "count": 9,
            "created_time": "2025-04-14T18:52:25.133151Z",
            "yes_price": 10,
            "no_price": 90,
            "taker_side": "yes"
        },
        {
            "trade_id": "c4ebbd5e-35f7-41f4-a8dd-efefd9fd5740",
            "ticker": "KXHIGHDEN-25APR14-B55.5",
            "count": 46,
            "created_time": "2025-04-14T18:52:25.133151Z",
            "yes_price": 10,
            "no_price": 90,
            "taker_side": "yes"
        },
        {
            "trade_id": "61381614-2602-4b6d-8111-011f2b650e24",
            "ticker": "KXHIGHDEN-25APR14-B55.5",
            "count": 175,
            "created_time": "2025-04-14T18:52:25.133151Z",
            "yes_price": 10,
            "no_price": 90,
            "taker_side": "yes"
        },
        {
            "trade_id": "416b4954-f000-44fa-adf7-504bfceabe7b",
            "ticker": "KXHIGHDEN-25APR14-B55.5",
            "count": 25,
            "created_time": "2025-04-14T18:42:11.138237Z",
            "yes_price": 10,
            "no_price": 90,
            "taker_side": "yes"
        },
        {
            "trade_id": "97575e32-957e-4670-a756-6b41f1593bcd",
            "ticker": "KXHIGHDEN-25APR14-B55.5",
            "count": 49,
            "created_time": "2025-04-14T18:34:35.730266Z",
            "yes_price": 9,
            "no_price": 91,
            "taker_side": "yes"
        },
        {
            "trade_id": "2f3915b1-a247-4a64-9b52-32cd24b1ab9e",
            "ticker": "KXHIGHDEN-25APR14-B55.5",
            "count": 50,
            "created_time": "2025-04-14T18:34:35.730266Z",
            "yes_price": 9,
            "no_price": 91,
            "taker_side": "yes"
        },
        {
            "trade_id": "4ad8d229-6947-4976-91bc-9de639e34412",
            "ticker": "KXHIGHDEN-25APR14-B55.5",
            "count": 48,
            "created_time": "2025-04-14T18:28:29.097536Z",
            "yes_price": 8,
            "no_price": 92,
            "taker_side": "yes"
        },
        {
            "trade_id": "c7b8b3be-8e62-4593-bbe8-ff071b363904",
            "ticker": "KXHIGHDEN-25APR14-B55.5",
            "count": 50,
            "created_time": "2025-04-14T18:24:33.483648Z",
            "yes_price": 8,
            "no_price": 92,
            "taker_side": "yes"
        },
        {
            "trade_id": "ff42b6bb-6677-4160-b5c9-5125b40d6ba5",
            "ticker": "KXHIGHDEN-25APR14-B55.5",
            "count": 33,
            "created_time": "2025-04-14T18:21:14.661015Z",
            "yes_price": 7,
            "no_price": 93,
            "taker_side": "no"
        },
        {
            "trade_id": "610baa8e-869f-4472-80e7-74f63b4bf83f",
            "ticker": "KXHIGHDEN-25APR14-B55.5",
            "count": 200,
            "created_time": "2025-04-14T18:18:28.469163Z",
            "yes_price": 8,
            "no_price": 92,
            "taker_side": "yes"
        },
        {
            "trade_id": "cb2b91b2-0ab4-4a2d-b6e9-d69b325e2364",
            "ticker": "KXHIGHDEN-25APR14-B55.5",
            "count": 200,
            "created_time": "2025-04-14T18:18:20.830587Z",
            "yes_price": 7,
            "no_price": 93,
            "taker_side": "yes"
        },
        {
            "trade_id": "6aff59e6-cd12-4700-b312-8e92ed5c7be7",
            "ticker": "KXHIGHDEN-25APR14-B55.5",
            "count": 50,
            "created_time": "2025-04-14T18:18:20.830587Z",
            "yes_price": 7,
            "no_price": 93,
            "taker_side": "yes"
        },
        {
            "trade_id": "f139aa3e-0f63-4fe7-a1b5-f8c3b6d0bb43",
            "ticker": "KXHIGHDEN-25APR14-B55.5",
            "count": 23,
            "created_time": "2025-04-14T17:49:59.340208Z",
            "yes_price": 6,
            "no_price": 94,
            "taker_side": "no"
        },
        {
            "trade_id": "9c6724f5-33b7-4862-a73c-459bd5d44cab",
            "ticker": "KXHIGHDEN-25APR14-B55.5",
            "count": 19,
            "created_time": "2025-04-14T17:49:59.340208Z",
            "yes_price": 6,
            "no_price": 94,
            "taker_side": "no"
        },
        {
            "trade_id": "915e52d6-dcd7-449f-a47a-7f333c835bc4",
            "ticker": "KXHIGHDEN-25APR14-B55.5",
            "count": 250,
            "created_time": "2025-04-14T17:49:59.340208Z",
            "yes_price": 6,
            "no_price": 94,
            "taker_side": "no"
        },
        {
            "trade_id": "d458201e-e075-4ebb-8c15-be4f686eedd6",
            "ticker": "KXHIGHDEN-25APR14-B55.5",
            "count": 50,
            "created_time": "2025-04-14T17:49:35.347536Z",
            "yes_price": 7,
            "no_price": 93,
            "taker_side": "no"
        },
        {
            "trade_id": "24ad131e-8c06-4704-b75c-fb9abe7095c4",
            "ticker": "KXHIGHDEN-25APR14-B55.5",
            "count": 26,
            "created_time": "2025-04-14T17:49:35.347536Z",
            "yes_price": 7,
            "no_price": 93,
            "taker_side": "no"
        },
        {
            "trade_id": "8802ba02-3fee-4e84-87aa-17b31e667ca7",
            "ticker": "KXHIGHDEN-25APR14-B55.5",
            "count": 20,
            "created_time": "2025-04-14T17:43:26.734721Z",
            "yes_price": 8,
            "no_price": 92,
            "taker_side": "no"
        },
        {
            "trade_id": "28c6e353-d19e-45bd-84dc-f7735c6e8f5b",
            "ticker": "KXHIGHDEN-25APR14-B55.5",
            "count": 40,
            "created_time": "2025-04-14T17:43:17.716326Z",
            "yes_price": 8,
            "no_price": 92,
            "taker_side": "no"
        },
        {
            "trade_id": "3afcc66d-7008-4081-a919-3a3c094e2f02",
            "ticker": "KXHIGHDEN-25APR14-B55.5",
            "count": 50,
            "created_time": "2025-04-14T17:00:45.354868Z",
            "yes_price": 11,
            "no_price": 89,
            "taker_side": "yes"
        },
        {
            "trade_id": "f52af9c3-6f2b-49a8-a292-791efd946ff7",
            "ticker": "KXHIGHDEN-25APR14-B55.5",
            "count": 10,
