{
    "KXHIGHDEN-25MAY05-T56": [
        {
            "trade_id": "693a328e-0061-452d-b452-0294409eb8fa",
            "ticker": "KXHIGHDEN-25MAY05-T56",
            "count": 5,
            "created_time": "2025-05-05T20:22:43.06628Z",
            "yes_price": 1,
            "no_price": 99,
            "taker_side": "yes"
        }
    ],
    "KXHIGHDEN-25MAY05-B56.5": [
        {
            "trade_id": "3e33683b-de6d-4b0a-8c98-09a234affbf2",
            "ticker": "KXHIGHDEN-25MAY05-B56.5",
            "count": 5,
            "created_time": "2025-05-05T20:22:43.190655Z",
            "yes_price": 1,
            "no_price": 99,
            "taker_side": "yes"
        }
    ],
    "KXHIGHDEN-25MAY05-B58.5": [
        {
            "trade_id": "600a1c70-1f8e-41b4-9123-2abbd86f9dda",
            "ticker": "KXHIGHDEN-25MAY05-B58.5",
            "count": 5,
            "created_time": "2025-05-05T20:22:43.312803Z",
            "yes_price": 1,
            "no_price": 99,
            "taker_side": "yes"
        },
        {
            "trade_id": "97b41008-d90b-49bd-9b10-61e00f328d55",
            "ticker": "KXHIGHDEN-25MAY05-B58.5",
            "count": 5,
            "created_time": "2025-05-05T12:33:22.990275Z",
            "yes_price": 1,
            "no_price": 99,
            "taker_side": "no"
        },
        {
            "trade_id": "521ceeae-71e2-4e23-8442-d24bb3bac308",
            "ticker": "KXHIGHDEN-25MAY05-B58.5",
            "count": 15,
            "created_time": "2025-05-05T12:03:47.982028Z",
            "yes_price": 1,
            "no_price": 99,
            "taker_side": "no"
        },
        {
            "trade_id": "e24f0ae1-e4cc-4af5-b6d7-1d9306c5f5e4",
            "ticker": "KXHIGHDEN-25MAY05-B58.5",
            "count": 208,
            "created_time": "2025-05-05T12:03:17.695791Z",
            "yes_price": 2,
            "no_price": 98,
            "taker_side": "no"
        },
        {
            "trade_id": "9546eb3c-4b10-4b47-8444-5f7291df2e45",
            "ticker": "KXHIGHDEN-25MAY05-B58.5",
            "count": 15,
            "created_time": "2025-05-05T12:00:55.356993Z",
            "yes_price": 2,
            "no_price": 98,
            "taker_side": "no"
        },
        {
            "trade_id": "b79f763d-fcda-4921-ae31-6573a7ace702",
            "ticker": "KXHIGHDEN-25MAY05-B58.5",
            "count": 15,
            "created_time": "2025-05-05T12:00:54.512403Z",
            "yes_price": 2,
            "no_price": 98,
            "taker_side": "no"
        },
        {
            "trade_id": "0df0e71a-dba6-4e31-ba67-efb0d3864973",
            "ticker": "KXHIGHDEN-25MAY05-B58.5",
            "count": 34,
            "created_time": "2025-05-05T06:49:40.185647Z",
            "yes_price": 2,
            "no_price": 98,
            "taker_side": "no"
        },
        {
            "trade_id": "8f6e3175-2972-4211-82f6-0850f58c6605",
            "ticker": "KXHIGHDEN-25MAY05-B58.5",
            "count": 14,
            "created_time": "2025-05-05T06:49:39.34428Z",
            "yes_price": 2,
            "no_price": 98,
            "taker_side": "no"
        },
        {
            "trade_id": "3c66d632-a2bc-4f28-955e-eb48dcfa4ade",
            "ticker": "KXHIGHDEN-25MAY05-B58.5",
            "count": 7,
            "created_time": "2025-05-05T06:49:39.095592Z",
            "yes_price": 2,
            "no_price": 98,
            "taker_side": "no"
        },
        {
            "trade_id": "60ebaf22-b86c-47f5-91ae-92aa1d5d6e7d",
            "ticker": "KXHIGHDEN-25MAY05-B58.5",
            "count": 7,
            "created_time": "2025-05-05T06:49:38.495973Z",
            "yes_price": 2,
            "no_price": 98,
            "taker_side": "no"
        },
        {
            "trade_id": "68f878fe-96a0-4b56-9ab5-1fc82db16087",
            "ticker": "KXHIGHDEN-25MAY05-B58.5",
            "count": 1,
            "created_time": "2025-05-05T06:45:32.292851Z",
            "yes_price": 4,
            "no_price": 96,
            "taker_side": "no"
        },
        {
            "trade_id": "c61f2ce4-69d3-4e81-806d-47a3da7734f4",
            "ticker": "KXHIGHDEN-25MAY05-B58.5",
            "count": 12,
            "created_time": "2025-05-05T06:33:37.902254Z",
            "yes_price": 4,
            "no_price": 96,
            "taker_side": "no"
        },
        {
            "trade_id": "3393b7e0-983c-4ad3-a3d9-845276a95805",
            "ticker": "KXHIGHDEN-25MAY05-B58.5",
            "count": 40,
            "created_time": "2025-05-05T06:03:30.645864Z",
            "yes_price": 4,
            "no_price": 96,
            "taker_side": "no"
        },
        {
            "trade_id": "31c0d577-5e58-4f75-85b8-3c7f5c4f24bb",
            "ticker": "KXHIGHDEN-25MAY05-B58.5",
            "count": 40,
            "created_time": "2025-05-05T06:03:30.033638Z",
            "yes_price": 4,
            "no_price": 96,
            "taker_side": "no"
        },
        {
            "trade_id": "afe84aac-2435-4398-8b89-b86a370b7ff5",
            "ticker": "KXHIGHDEN-25MAY05-B58.5",
            "count": 4,
            "created_time": "2025-05-05T06:00:25.346492Z",
            "yes_price": 4,
            "no_price": 96,
            "taker_side": "no"
        },
        {
            "trade_id": "7c742155-f067-4cae-ae3d-45376453061e",
            "ticker": "KXHIGHDEN-25MAY05-B58.5",
            "count": 95,
            "created_time": "2025-05-05T05:54:50.798759Z",
            "yes_price": 4,
            "no_price": 96,
            "taker_side": "no"
        },
        {
            "trade_id": "0b3474c3-90f7-47bd-a552-84a6bd4060be",
            "ticker": "KXHIGHDEN-25MAY05-B58.5",
            "count": 1,
            "created_time": "2025-05-05T05:54:41.281253Z",
            "yes_price": 4,
            "no_price": 96,
            "taker_side": "no"
        },
        {
            "trade_id": "a34f3668-8200-4769-9a6a-a7276cc74601",
            "ticker": "KXHIGHDEN-25MAY05-B58.5",
            "count": 2,
            "created_time": "2025-05-05T05:51:31.543118Z",
            "yes_price": 4,
            "no_price": 96,
            "taker_side": "no"
        },
        {
            "trade_id": "535d15c4-daef-43db-a1da-ede585b9a126",
            "ticker": "KXHIGHDEN-25MAY05-B58.5",
            "count": 5,
            "created_time": "2025-05-05T05:48:34.172087Z",
            "yes_price": 4,
            "no_price": 96,
            "taker_side": "no"
        },
        {
            "trade_id": "b1af7e11-e117-4a45-98e1-0ab3d035bbac",
            "ticker": "KXHIGHDEN-25MAY05-B58.5",
            "count": 5,
            "created_time": "2025-05-05T05:45:32.462533Z",
            "yes_price": 4,
            "no_price": 96,
            "taker_side": "no"
        },
        {
            "trade_id": "a6c74b1c-90d9-4a3a-960e-5a11dffd8ff7",
            "ticker": "KXHIGHDEN-25MAY05-B58.5",
            "count": 5,
            "created_time": "2025-05-05T05:42:53.103487Z",
            "yes_price": 4,
            "no_price": 96,
            "taker_side": "no"
        },
        {
            "trade_id": "91fc849e-cc60-4ff6-bde1-24409fd6ae57",
            "ticker": "KXHIGHDEN-25MAY05-B58.5",
            "count": 15,
            "created_time": "2025-05-05T05:39:30.736787Z",
            "yes_price": 4,
            "no_price": 96,
            "taker_side": "no"
        },
        {
            "trade_id": "e53b1b07-4066-457e-ab9a-456a7c56ea6a",
            "ticker": "KXHIGHDEN-25MAY05-B58.5",
            "count": 1,
            "created_time": "2025-05-05T05:27:34.779642Z",
            "yes_price": 4,
            "no_price": 96,
            "taker_side": "no"
        },
        {
            "trade_id": "58402ba6-6cce-45d4-9545-0a02cb3012a9",
            "ticker": "KXHIGHDEN-25MAY05-B58.5",
            "count": 12,
            "created_time": "2025-05-05T05:24:35.102581Z",
            "yes_price": 4,
            "no_price": 96,
            "taker_side": "no"
        },
        {
            "trade_id": "66f29ba0-31f1-4904-a4f8-534ef2becac5",
            "ticker": "KXHIGHDEN-25MAY05-B58.5",
            "count": 150,
            "created_time": "2025-05-05T04:09:48.509266Z",
            "yes_price": 4,
            "no_price": 96,
            "taker_side": "no"
        },
        {
            "trade_id": "11439d37-5405-4288-ace1-a04f367bf4cc",
            "ticker": "KXHIGHDEN-25MAY05-B58.5",
            "count": 10,
            "created_time": "2025-05-05T02:10:38.377435Z",
            "yes_price": 4,
            "no_price": 96,
            "taker_side": "no"
        },
        {
            "trade_id": "cdff9b65-51a7-4c56-891a-3002878d0834",
            "ticker": "KXHIGHDEN-25MAY05-B58.5",
            "count": 98,
            "created_time": "2025-05-05T02:05:07.57027Z",
            "yes_price": 6,
            "no_price": 94,
            "taker_side": "yes"
        },
        {
            "trade_id": "188e3bf8-1c9e-4fd5-9043-3edbcb15d144",
            "ticker": "KXHIGHDEN-25MAY05-B58.5",
            "count": 5,
            "created_time": "2025-05-05T02:05:07.57027Z",
            "yes_price": 5,
            "no_price": 95,
            "taker_side": "yes"
        },
        {
            "trade_id": "22a98ec4-6858-46ec-8f65-52ae896f39f6",
            "ticker": "KXHIGHDEN-25MAY05-B58.5",
            "count": 4,
            "created_time": "2025-05-05T01:57:39.774566Z",
            "yes_price": 4,
            "no_price": 96,
            "taker_side": "no"
        },
        {
            "trade_id": "c20e9066-8f82-4e11-b1e7-f4ae2d2e12bd",
            "ticker": "KXHIGHDEN-25MAY05-B58.5",
            "count": 25,
            "created_time": "2025-05-05T01:54:46.346119Z",
            "yes_price": 4,
            "no_price": 96,
            "taker_side": "no"
        },
        {
            "trade_id": "5f578c07-8ccf-4ab1-baad-74043f55a065",
            "ticker": "KXHIGHDEN-25MAY05-B58.5",
            "count": 44,
            "created_time": "2025-05-05T01:51:45.722827Z",
            "yes_price": 4,
            "no_price": 96,
            "taker_side": "no"
        },
        {
            "trade_id": "919ac046-5688-4aa1-ba2e-b05c9eb7b445",
            "ticker": "KXHIGHDEN-25MAY05-B58.5",
            "count": 1,
            "created_time": "2025-05-05T01:49:03.102087Z",
            "yes_price": 4,
            "no_price": 96,
            "taker_side": "no"
        },
        {
            "trade_id": "f76fb287-6355-47a3-9233-150a43d55278",
            "ticker": "KXHIGHDEN-25MAY05-B58.5",
            "count": 14,
            "created_time": "2025-05-05T01:48:51.642437Z",
            "yes_price": 4,
            "no_price": 96,
            "taker_side": "no"
        },
        {
            "trade_id": "e5c596c7-7d18-4d8b-b393-0396ba5496bd",
            "ticker": "KXHIGHDEN-25MAY05-B58.5",
            "count": 14,
            "created_time": "2025-05-05T00:25:38.632951Z",
            "yes_price": 4,
            "no_price": 96,
            "taker_side": "no"
        },
        {
            "trade_id": "6b5a2701-b194-4e02-a19e-1097d954f664",
            "ticker": "KXHIGHDEN-25MAY05-B58.5",
            "count": 113,
            "created_time": "2025-05-04T20:55:02.822151Z",
            "yes_price": 15,
            "no_price": 85,
            "taker_side": "no"
        },
        {
            "trade_id": "e2583a15-493b-4093-a551-3c52dd97bb56",
            "ticker": "KXHIGHDEN-25MAY05-B58.5",
            "count": 34,
            "created_time": "2025-05-04T20:54:57.461782Z",
            "yes_price": 15,
            "no_price": 85,
            "taker_side": "no"
        },
        {
            "trade_id": "ac16530c-59d3-440a-81ed-cc0c3a7e29ad",
            "ticker": "KXHIGHDEN-25MAY05-B58.5",
            "count": 240,
            "created_time": "2025-05-04T20:54:45.554393Z",
            "yes_price": 15,
            "no_price": 85,
            "taker_side": "no"
        },
        {
            "trade_id": "2d0e9c72-4d55-4ae0-828c-9b9e0025588c",
            "ticker": "KXHIGHDEN-25MAY05-B58.5",
            "count": 13,
            "created_time": "2025-05-04T20:54:45.481912Z",
            "yes_price": 15,
            "no_price": 85,
            "taker_side": "no"
        },
        {
            "trade_id": "e80f1494-0b9b-4b27-a730-946b91027748",
            "ticker": "KXHIGHDEN-25MAY05-B58.5",
            "count": 5,
            "created_time": "2025-05-04T20:50:30.463833Z",
            "yes_price": 16,
            "no_price": 84,
            "taker_side": "no"
        },
        {
            "trade_id": "e9ec5357-3119-4df4-922c-717e9ec87a46",
            "ticker": "KXHIGHDEN-25MAY05-B58.5",
            "count": 48,
            "created_time": "2025-05-04T20:16:41.541777Z",
            "yes_price": 15,
            "no_price": 85,
            "taker_side": "no"
        },
        {
            "trade_id": "4f6052b7-d265-44b3-b410-cca188235dd7",
            "ticker": "KXHIGHDEN-25MAY05-B58.5",
            "count": 55,
            "created_time": "2025-05-04T20:14:00.093223Z",
            "yes_price": 15,
            "no_price": 85,
            "taker_side": "no"
        },
        {
            "trade_id": "d07998f8-05ca-4464-a073-064b776e8c23",
            "ticker": "KXHIGHDEN-25MAY05-B58.5",
            "count": 1,
            "created_time": "2025-05-04T15:17:03.400167Z",
            "yes_price": 26,
            "no_price": 74,
            "taker_side": "no"
        }
    ],
    "KXHIGHDEN-25MAY05-B60.5": [
        {
            "trade_id": "2815379c-ce54-4cb3-909f-20e9427d692e",
            "ticker": "KXHIGHDEN-25MAY05-B60.5",
            "count": 757,
            "created_time": "2025-05-05T16:12:26.647503Z",
            "yes_price": 1,
            "no_price": 99,
            "taker_side": "yes"
        },
        {
            "trade_id": "6f70e3fb-5477-4145-abdb-bc34deb09e3b",
            "ticker": "KXHIGHDEN-25MAY05-B60.5",
            "count": 10,
            "created_time": "2025-05-05T16:07:58.345983Z",
            "yes_price": 1,
            "no_price": 99,
            "taker_side": "yes"
        },
        {
            "trade_id": "5749cf86-dac8-4ee1-8496-eb5c9bc6322c",
            "ticker": "KXHIGHDEN-25MAY05-B60.5",
            "count": 50,
            "created_time": "2025-05-05T14:21:12.644339Z",
            "yes_price": 2,
            "no_price": 98,
            "taker_side": "no"
        },
        {
            "trade_id": "cffcfe97-6a3b-4cb3-a179-7e8379ea6edf",
            "ticker": "KXHIGHDEN-25MAY05-B60.5",
            "count": 14,
            "created_time": "2025-05-05T13:59:15.20377Z",
            "yes_price": 1,
            "no_price": 99,
            "taker_side": "no"
        },
        {
            "trade_id": "55a1d297-a3a4-4ba7-8a99-fe734074ef26",
            "ticker": "KXHIGHDEN-25MAY05-B60.5",
            "count": 58,
            "created_time": "2025-05-05T13:59:15.20377Z",
            "yes_price": 2,
            "no_price": 98,
            "taker_side": "no"
        },
        {
            "trade_id": "1e7719e3-f4df-45f2-89da-5e9af6843f99",
            "ticker": "KXHIGHDEN-25MAY05-B60.5",
            "count": 20,
            "created_time": "2025-05-05T13:47:02.598813Z",
            "yes_price": 1,
            "no_price": 99,
            "taker_side": "no"
        },
        {
            "trade_id": "7bac6fed-c18e-43f3-b437-21f56152cac5",
            "ticker": "KXHIGHDEN-25MAY05-B60.5",
            "count": 100,
            "created_time": "2025-05-05T13:39:47.652328Z",
            "yes_price": 1,
            "no_price": 99,
            "taker_side": "no"
        },
        {
            "trade_id": "965d9cd2-dc5c-401e-b701-882cb6c19410",
            "ticker": "KXHIGHDEN-25MAY05-B60.5",
            "count": 10,
            "created_time": "2025-05-05T13:34:26.139846Z",
            "yes_price": 1,
            "no_price": 99,
            "taker_side": "no"
        },
        {
            "trade_id": "6eb06389-1a87-424d-81d2-36b7b5791656",
            "ticker": "KXHIGHDEN-25MAY05-B60.5",
            "count": 40,
            "created_time": "2025-05-05T13:34:26.139846Z",
            "yes_price": 2,
            "no_price": 98,
            "taker_side": "no"
        },
        {
            "trade_id": "cd1deb27-4697-40df-ad9b-518955503143",
            "ticker": "KXHIGHDEN-25MAY05-B60.5",
            "count": 7,
            "created_time": "2025-05-05T13:09:51.87252Z",
            "yes_price": 2,
            "no_price": 98,
            "taker_side": "no"
        },
        {
            "trade_id": "e35edea8-f96a-4791-ae7f-514872416209",
            "ticker": "KXHIGHDEN-25MAY05-B60.5",
            "count": 200,
            "created_time": "2025-05-05T12:39:40.589768Z",
            "yes_price": 6,
            "no_price": 94,
            "taker_side": "yes"
        },
        {
            "trade_id": "abaefc43-31df-48c7-a227-f135dddc4845",
            "ticker": "KXHIGHDEN-25MAY05-B60.5",
            "count": 200,
            "created_time": "2025-05-05T12:39:40.589768Z",
            "yes_price": 8,
            "no_price": 92,
            "taker_side": "yes"
        },
        {
            "trade_id": "1cfcffee-718c-40b7-a6f0-87d89b9af1b6",
            "ticker": "KXHIGHDEN-25MAY05-B60.5",
            "count": 33,
            "created_time": "2025-05-05T12:39:40.589768Z",
            "yes_price": 4,
            "no_price": 96,
            "taker_side": "yes"
        },
        {
            "trade_id": "162c371a-a241-4672-b3fb-8944b7f64e7a",
            "ticker": "KXHIGHDEN-25MAY05-B60.5",
            "count": 7,
            "created_time": "2025-05-05T12:39:40.589768Z",
            "yes_price": 4,
            "no_price": 96,
            "taker_side": "yes"
        },
        {
            "trade_id": "0b4ab6a8-2c16-4337-8a7c-bf4ad63e0653",
            "ticker": "KXHIGHDEN-25MAY05-B60.5",
            "count": 50,
            "created_time": "2025-05-05T12:39:40.589768Z",
            "yes_price": 5,
            "no_price": 95,
            "taker_side": "yes"
        },
        {
            "trade_id": "37566cab-78c4-40f5-b70c-9a98a3783da2",
            "ticker": "KXHIGHDEN-25MAY05-B60.5",
            "count": 5,
            "created_time": "2025-05-05T12:33:22.960975Z",
            "yes_price": 2,
            "no_price": 98,
            "taker_side": "no"
        },
        {
            "trade_id": "36cd5900-4ac9-4c9d-a78b-fb8ce06a8a58",
            "ticker": "KXHIGHDEN-25MAY05-B60.5",
            "count": 50,
            "created_time": "2025-05-05T12:25:14.689406Z",
            "yes_price": 3,
            "no_price": 97,
            "taker_side": "no"
        },
        {
            "trade_id": "01c18c57-5f65-4177-a820-a861675e1fd3",
            "ticker": "KXHIGHDEN-25MAY05-B60.5",
            "count": 55,
            "created_time": "2025-05-05T12:25:14.689406Z",
            "yes_price": 3,
            "no_price": 97,
            "taker_side": "no"
        },
        {
            "trade_id": "68906db2-cee3-4e23-9a24-0da1ddf58e67",
            "ticker": "KXHIGHDEN-25MAY05-B60.5",
            "count": 28,
            "created_time": "2025-05-05T12:05:28.036686Z",
            "yes_price": 4,
            "no_price": 96,
            "taker_side": "yes"
        },
        {
            "trade_id": "a63f04cc-e043-4a4e-a94e-ef0c0a7d2818",
            "ticker": "KXHIGHDEN-25MAY05-B60.5",
            "count": 15,
            "created_time": "2025-05-05T12:03:47.981662Z",
            "yes_price": 3,
            "no_price": 97,
            "taker_side": "no"
        },
        {
            "trade_id": "c21b2e90-b4aa-476e-a7f5-737ba3101e44",
            "ticker": "KXHIGHDEN-25MAY05-B60.5",
            "count": 15,
            "created_time": "2025-05-05T12:00:55.357279Z",
            "yes_price": 3,
            "no_price": 97,
            "taker_side": "no"
        },
        {
            "trade_id": "2bd1a7dc-5f1e-49d9-b643-d0f0d0a02f39",
            "ticker": "KXHIGHDEN-25MAY05-B60.5",
            "count": 15,
            "created_time": "2025-05-05T12:00:54.467796Z",
            "yes_price": 3,
            "no_price": 97,
            "taker_side": "no"
        },
        {
            "trade_id": "ddbeebb3-2508-48a4-9cee-abf1ddc3c71b",
            "ticker": "KXHIGHDEN-25MAY05-B60.5",
            "count": 28,
            "created_time": "2025-05-05T12:00:21.322483Z",
            "yes_price": 5,
            "no_price": 95,
            "taker_side": "no"
        },
        {
            "trade_id": "b5261f43-7dea-40c7-86e5-7998646352e1",
            "ticker": "KXHIGHDEN-25MAY05-B60.5",
            "count": 34,
            "created_time": "2025-05-05T06:49:40.18672Z",
            "yes_price": 7,
            "no_price": 93,
            "taker_side": "no"
        },
        {
            "trade_id": "8c6e353a-25d8-4ef1-b4b7-4642af4b247a",
            "ticker": "KXHIGHDEN-25MAY05-B60.5",
            "count": 14,
            "created_time": "2025-05-05T06:49:39.345638Z",
            "yes_price": 7,
            "no_price": 93,
            "taker_side": "no"
        },
        {
            "trade_id": "ee48f839-e62c-487b-a19c-a805b4d95a71",
            "ticker": "KXHIGHDEN-25MAY05-B60.5",
            "count": 7,
            "created_time": "2025-05-05T06:49:38.500485Z",
            "yes_price": 8,
            "no_price": 92,
            "taker_side": "no"
        },
        {
            "trade_id": "c41dd381-a728-44de-828f-d3c49135f923",
            "ticker": "KXHIGHDEN-25MAY05-B60.5",
            "count": 12,
            "created_time": "2025-05-05T06:33:37.878269Z",
            "yes_price": 7,
            "no_price": 93,
            "taker_side": "no"
        },
        {
            "trade_id": "ec7a6344-371b-4e03-b963-98709a10e099",
            "ticker": "KXHIGHDEN-25MAY05-B60.5",
            "count": 36,
            "created_time": "2025-05-05T06:15:26.279915Z",
            "yes_price": 10,
            "no_price": 90,
            "taker_side": "yes"
        },
        {
            "trade_id": "be9c2838-c599-4183-ad00-c5b718df6ca6",
            "ticker": "KXHIGHDEN-25MAY05-B60.5",
            "count": 40,
            "created_time": "2025-05-05T06:03:30.032793Z",
            "yes_price": 9,
            "no_price": 91,
            "taker_side": "no"
        },
        {
            "trade_id": "9b579fb0-f7b2-41a2-a941-a5b5aa961106",
            "ticker": "KXHIGHDEN-25MAY05-B60.5",
            "count": 1,
            "created_time": "2025-05-05T06:00:41.963183Z",
            "yes_price": 10,
            "no_price": 90,
            "taker_side": "no"
        },
        {
            "trade_id": "7031da0b-6d2c-4e50-a994-3e122ba4b4fb",
            "ticker": "KXHIGHDEN-25MAY05-B60.5",
            "count": 4,
            "created_time": "2025-05-05T06:00:25.535848Z",
            "yes_price": 10,
            "no_price": 90,
            "taker_side": "no"
        },
        {
            "trade_id": "a18449a6-c9e2-4283-9d33-14291fac7190",
            "ticker": "KXHIGHDEN-25MAY05-B60.5",
            "count": 95,
            "created_time": "2025-05-05T05:54:50.802263Z",
            "yes_price": 10,
            "no_price": 90,
            "taker_side": "no"
        },
        {
            "trade_id": "fe156a48-bd37-4102-ac50-0095a123c993",
            "ticker": "KXHIGHDEN-25MAY05-B60.5",
            "count": 167,
            "created_time": "2025-05-05T05:22:12.843291Z",
            "yes_price": 15,
            "no_price": 85,
            "taker_side": "yes"
        },
        {
            "trade_id": "e06e50c2-178d-4bd2-8a6a-5f55b27cf42c",
            "ticker": "KXHIGHDEN-25MAY05-B60.5",
            "count": 12,
            "created_time": "2025-05-05T05:22:12.843291Z",
            "yes_price": 13,
            "no_price": 87,
            "taker_side": "yes"
        },
        {
            "trade_id": "4c264e93-f065-4ba0-a1a2-4046803f456d",
            "ticker": "KXHIGHDEN-25MAY05-B60.5",
            "count": 10,
            "created_time": "2025-05-05T05:22:12.843291Z",
            "yes_price": 13,
            "no_price": 87,
            "taker_side": "yes"
        },
        {
            "trade_id": "3c24018d-9c99-4296-aa1b-c508325bf889",
            "ticker": "KXHIGHDEN-25MAY05-B60.5",
            "count": 2,
            "created_time": "2025-05-05T05:22:12.843291Z",
            "yes_price": 13,
            "no_price": 87,
            "taker_side": "yes"
        },
        {
            "trade_id": "4bc5c3c7-cf9d-4aa7-aeda-a755cb7215e4",
            "ticker": "KXHIGHDEN-25MAY05-B60.5",
            "count": 16,
            "created_time": "2025-05-05T04:27:15.977403Z",
            "yes_price": 17,
            "no_price": 83,
            "taker_side": "yes"
        },
        {
            "trade_id": "83c4aca1-0631-41bd-8342-fc0b870fa67c",
            "ticker": "KXHIGHDEN-25MAY05-B60.5",
            "count": 100,
            "created_time": "2025-05-05T04:10:21.733586Z",
            "yes_price": 13,
            "no_price": 87,
            "taker_side": "no"
        },
        {
            "trade_id": "ed4cd5cb-8dc7-401b-809e-e1cf8a86adea",
            "ticker": "KXHIGHDEN-25MAY05-B60.5",
            "count": 6,
            "created_time": "2025-05-05T03:34:43.214092Z",
            "yes_price": 19,
            "no_price": 81,
            "taker_side": "yes"
        },
        {
            "trade_id": "dfe3fb76-7836-42d2-8750-ab2dae9d47fa",
            "ticker": "KXHIGHDEN-25MAY05-B60.5",
            "count": 2,
            "created_time": "2025-05-05T03:34:43.214092Z",
            "yes_price": 19,
            "no_price": 81,
            "taker_side": "yes"
        },
        {
            "trade_id": "340997ad-6ddb-41a4-916a-0f942bbf8c74",
            "ticker": "KXHIGHDEN-25MAY05-B60.5",
            "count": 37,
            "created_time": "2025-05-05T03:34:43.214092Z",
            "yes_price": 21,
            "no_price": 79,
            "taker_side": "yes"
        },
        {
            "trade_id": "a2b18f31-b821-47bc-9c7e-7c3b5855ed62",
            "ticker": "KXHIGHDEN-25MAY05-B60.5",
            "count": 9,
            "created_time": "2025-05-05T03:24:37.843426Z",
            "yes_price": 10,
            "no_price": 90,
            "taker_side": "yes"
        },
        {
            "trade_id": "fdc6e2f3-384d-494e-83fc-072873383708",
            "ticker": "KXHIGHDEN-25MAY05-B60.5",
            "count": 40,
            "created_time": "2025-05-05T03:24:36.062332Z",
            "yes_price": 10,
            "no_price": 90,
            "taker_side": "yes"
        },
        {
            "trade_id": "24878e62-0333-4159-b4f7-5cab9df96107",
            "ticker": "KXHIGHDEN-25MAY05-B60.5",
            "count": 40,
            "created_time": "2025-05-05T03:21:40.761587Z",
            "yes_price": 10,
            "no_price": 90,
            "taker_side": "yes"
        },
        {
            "trade_id": "5f25bd1c-a996-49c3-a012-146cda075880",
            "ticker": "KXHIGHDEN-25MAY05-B60.5",
            "count": 1,
            "created_time": "2025-05-05T02:57:36.902011Z",
            "yes_price": 10,
            "no_price": 90,
            "taker_side": "yes"
        },
        {
            "trade_id": "7831f3b4-9f19-4c56-a6fe-f1dc68b7d0e1",
            "ticker": "KXHIGHDEN-25MAY05-B60.5",
            "count": 5,
            "created_time": "2025-05-05T02:55:21.435628Z",
            "yes_price": 9,
            "no_price": 91,
            "taker_side": "yes"
        },
        {
            "trade_id": "e7f369c7-9262-4971-adcf-2d11c4215ce3",
            "ticker": "KXHIGHDEN-25MAY05-B60.5",
            "count": 10,
            "created_time": "2025-05-05T02:54:51.43707Z",
            "yes_price": 10,
            "no_price": 90,
            "taker_side": "no"
        },
        {
            "trade_id": "50d7947e-0b46-4888-b4b8-e81572f10aa2",
            "ticker": "KXHIGHDEN-25MAY05-B60.5",
            "count": 72,
            "created_time": "2025-05-05T02:52:30.503486Z",
            "yes_price": 10,
            "no_price": 90,
            "taker_side": "no"
        },
        {
            "trade_id": "6771f8f5-fecc-460b-abef-fa22e020a453",
            "ticker": "KXHIGHDEN-25MAY05-B60.5",
            "count": 77,
            "created_time": "2025-05-05T01:48:57.682691Z",
            "yes_price": 20,
            "no_price": 80,
            "taker_side": "no"
        },
        {
            "trade_id": "60ddd1d4-1826-4efb-b019-8495f1418c6b",
            "ticker": "KXHIGHDEN-25MAY05-B60.5",
            "count": 20,
            "created_time": "2025-05-05T01:48:51.464604Z",
            "yes_price": 20,
            "no_price": 80,
            "taker_side": "no"
        },
        {
            "trade_id": "d9d70e17-9d23-45bc-b27c-a4a3e4292d26",
            "ticker": "KXHIGHDEN-25MAY05-B60.5",
            "count": 59,
            "created_time": "2025-05-05T01:45:42.512179Z",
            "yes_price": 20,
            "no_price": 80,
            "taker_side": "no"
        },
        {
            "trade_id": "af8b6b31-8da2-403a-8170-c8c105ea740b",
            "ticker": "KXHIGHDEN-25MAY05-B60.5",
            "count": 244,
            "created_time": "2025-05-05T00:39:46.89679Z",
            "yes_price": 20,
            "no_price": 80,
            "taker_side": "no"
        },
        {
            "trade_id": "84890b54-8376-4b39-8f75-195bc38e3607",
            "ticker": "KXHIGHDEN-25MAY05-B60.5",
            "count": 240,
            "created_time": "2025-05-05T00:39:46.89679Z",
            "yes_price": 24,
            "no_price": 76,
            "taker_side": "no"
        },
        {
            "trade_id": "505af764-561f-4adf-917f-defa413efa7b",
            "ticker": "KXHIGHDEN-25MAY05-B60.5",
            "count": 240,
            "created_time": "2025-05-05T00:39:46.89679Z",
            "yes_price": 22,
            "no_price": 78,
            "taker_side": "no"
        },
        {
            "trade_id": "4280cf8a-e228-40b4-8372-ac691bc3656f",
            "ticker": "KXHIGHDEN-25MAY05-B60.5",
            "count": 33,
            "created_time": "2025-05-05T00:39:46.89679Z",
            "yes_price": 26,
            "no_price": 74,
            "taker_side": "no"
        },
        {
            "trade_id": "ed685aab-2511-488c-9b4f-7af08f4c56f0",
            "ticker": "KXHIGHDEN-25MAY05-B60.5",
            "count": 5,
            "created_time": "2025-05-04T23:09:43.746437Z",
            "yes_price": 21,
            "no_price": 79,
            "taker_side": "no"
        },
        {
            "trade_id": "e59065a0-7fce-4d5c-9a5c-7935275da7b7",
            "ticker": "KXHIGHDEN-25MAY05-B60.5",
            "count": 5,
            "created_time": "2025-05-04T23:09:43.746437Z",
            "yes_price": 21,
            "no_price": 79,
            "taker_side": "no"
        },
        {
            "trade_id": "c8c0ff2b-fa4d-4bb0-bf91-436da4b2a141",
            "ticker": "KXHIGHDEN-25MAY05-B60.5",
            "count": 18,
            "created_time": "2025-05-04T22:35:42.67444Z",
            "yes_price": 26,
            "no_price": 74,
            "taker_side": "yes"
        },
        {
            "trade_id": "b3033608-6f87-4017-981c-7bf091bf22f6",
            "ticker": "KXHIGHDEN-25MAY05-B60.5",
            "count": 43,
            "created_time": "2025-05-04T21:03:38.673128Z",
            "yes_price": 33,
            "no_price": 67,
            "taker_side": "no"
        },
        {
            "trade_id": "f67bbaa5-38ac-4fe7-90ee-4616cd0517ac",
            "ticker": "KXHIGHDEN-25MAY05-B60.5",
            "count": 36,
            "created_time": "2025-05-04T21:03:38.611825Z",
            "yes_price": 33,
            "no_price": 67,
            "taker_side": "no"
        },
        {
            "trade_id": "768c5116-b270-4ab7-8659-54877d04904d",
            "ticker": "KXHIGHDEN-25MAY05-B60.5",
            "count": 240,
            "created_time": "2025-05-04T21:00:49.891677Z",
            "yes_price": 33,
            "no_price": 67,
            "taker_side": "no"
        },
        {
            "trade_id": "083b60b8-8ef2-4217-a32d-d26707712f9e",
            "ticker": "KXHIGHDEN-25MAY05-B60.5",
            "count": 36,
            "created_time": "2025-05-04T21:00:49.821928Z",
            "yes_price": 33,
            "no_price": 67,
            "taker_side": "no"
        },
        {
            "trade_id": "c259a1b1-bac1-4a83-9f40-b02ac474d5dc",
            "ticker": "KXHIGHDEN-25MAY05-B60.5",
            "count": 41,
            "created_time": "2025-05-04T20:57:37.802295Z",
            "yes_price": 35,
            "no_price": 65,
            "taker_side": "no"
        },
        {
            "trade_id": "baa8ba39-2a7f-4363-b975-d71285a65302",
            "ticker": "KXHIGHDEN-25MAY05-B60.5",
            "count": 45,
            "created_time": "2025-05-04T20:57:37.802295Z",
            "yes_price": 33,
            "no_price": 67,
            "taker_side": "no"
        },
        {
            "trade_id": "b10484fd-47b2-4917-bf96-2f68c725c316",
            "ticker": "KXHIGHDEN-25MAY05-B60.5",
            "count": 17,
            "created_time": "2025-05-04T20:55:16.705509Z",
            "yes_price": 35,
            "no_price": 65,
            "taker_side": "no"
        },
        {
            "trade_id": "4d36f5dd-5d73-4f76-9985-39515f2189e1",
            "ticker": "KXHIGHDEN-25MAY05-B60.5",
            "count": 42,
            "created_time": "2025-05-04T20:55:08.743068Z",
            "yes_price": 35,
            "no_price": 65,
            "taker_side": "no"
        },
        {
            "trade_id": "6c3bbbf2-f8ba-4d75-bf0d-d67df016ec21",
            "ticker": "KXHIGHDEN-25MAY05-B60.5",
            "count": 240,
            "created_time": "2025-05-04T20:54:52.034704Z",
            "yes_price": 35,
            "no_price": 65,
            "taker_side": "no"
        },
        {
            "trade_id": "84c707c3-2a86-4b0a-85f5-9759ced41f24",
            "ticker": "KXHIGHDEN-25MAY05-B60.5",
            "count": 60,
            "created_time": "2025-05-04T20:54:51.963371Z",
            "yes_price": 35,
            "no_price": 65,
            "taker_side": "no"
        },
        {
            "trade_id": "acc684e2-b60e-46db-a4cd-11d77fb1db24",
            "ticker": "KXHIGHDEN-25MAY05-B60.5",
            "count": 5,
            "created_time": "2025-05-04T14:18:38.463072Z",
            "yes_price": 35,
            "no_price": 65,
            "taker_side": "yes"
        }
    ],
    "KXHIGHDEN-25MAY05-B62.5": [
        {
            "trade_id": "fcfb4244-2643-4826-8fea-88cdef210c82",
            "ticker": "KXHIGHDEN-25MAY05-B62.5",
            "count": 30,
            "created_time": "2025-05-05T18:48:31.319481Z",
            "yes_price": 1,
            "no_price": 99,
            "taker_side": "yes"
        },
        {
            "trade_id": "245ac821-3e34-43c2-9fa8-1a37e44e1538",
            "ticker": "KXHIGHDEN-25MAY05-B62.5",
            "count": 251,
            "created_time": "2025-05-05T18:43:36.621212Z",
            "yes_price": 1,
            "no_price": 99,
            "taker_side": "yes"
        },
        {
            "trade_id": "cc263bb5-dff8-4a21-a1b5-88f9d232f66b",
            "ticker": "KXHIGHDEN-25MAY05-B62.5",
            "count": 40,
            "created_time": "2025-05-05T18:32:12.645513Z",
            "yes_price": 1,
            "no_price": 99,
            "taker_side": "yes"
        },
        {
            "trade_id": "ca572aeb-f2e6-4f06-ad64-55308641a07c",
            "ticker": "KXHIGHDEN-25MAY05-B62.5",
            "count": 17,
            "created_time": "2025-05-05T18:30:24.807042Z",
            "yes_price": 1,
            "no_price": 99,
            "taker_side": "yes"
        },
        {
            "trade_id": "8a7c1654-e5fa-42ac-a394-a4bceadba1d6",
            "ticker": "KXHIGHDEN-25MAY05-B62.5",
            "count": 29,
            "created_time": "2025-05-05T18:25:33.975477Z",
            "yes_price": 1,
            "no_price": 99,
            "taker_side": "yes"
        },
        {
            "trade_id": "e457eddb-62ae-4d2e-af56-2629cc86f406",
            "ticker": "KXHIGHDEN-25MAY05-B62.5",
            "count": 9,
            "created_time": "2025-05-05T18:25:32.972944Z",
            "yes_price": 1,
            "no_price": 99,
            "taker_side": "yes"
        },
        {
            "trade_id": "e4a5be62-770f-4b9b-8f12-039a72c7467a",
            "ticker": "KXHIGHDEN-25MAY05-B62.5",
            "count": 200,
            "created_time": "2025-05-05T18:21:08.244375Z",
            "yes_price": 1,
            "no_price": 99,
            "taker_side": "no"
        },
        {
            "trade_id": "479244b5-285e-4e7d-abeb-66b60c774096",
            "ticker": "KXHIGHDEN-25MAY05-B62.5",
            "count": 120,
            "created_time": "2025-05-05T18:21:08.244375Z",
            "yes_price": 1,
            "no_price": 99,
            "taker_side": "no"
        },
        {
            "trade_id": "0df22dfd-e49b-4d2e-8671-705a0b54d67f",
            "ticker": "KXHIGHDEN-25MAY05-B62.5",
            "count": 59,
            "created_time": "2025-05-05T18:21:08.244375Z",
            "yes_price": 1,
            "no_price": 99,
            "taker_side": "no"
        },
        {
            "trade_id": "0ff90b56-b782-49d9-b853-c2e4bbe12558",
            "ticker": "KXHIGHDEN-25MAY05-B62.5",
            "count": 480,
            "created_time": "2025-05-05T18:21:03.52527Z",
            "yes_price": 2,
            "no_price": 98,
            "taker_side": "no"
        },
        {
            "trade_id": "5ad0b270-4079-48b7-bf24-e05571d7efd5",
            "ticker": "KXHIGHDEN-25MAY05-B62.5",
            "count": 12,
            "created_time": "2025-05-05T18:21:02.690039Z",
            "yes_price": 3,
            "no_price": 97,
            "taker_side": "no"
        },
        {
            "trade_id": "af93568c-5d9a-4124-84a1-7fbb5fb5b11a",
            "ticker": "KXHIGHDEN-25MAY05-B62.5",
            "count": 15,
            "created_time": "2025-05-05T18:21:01.846738Z",
            "yes_price": 5,
            "no_price": 95,
            "taker_side": "no"
        },
        {
            "trade_id": "bc32679d-920c-4317-8286-11c379f9fdd8",
            "ticker": "KXHIGHDEN-25MAY05-B62.5",
            "count": 15,
            "created_time": "2025-05-05T18:21:01.412081Z",
            "yes_price": 6,
            "no_price": 94,
            "taker_side": "no"
        },
        {
            "trade_id": "64cd97fe-5920-4c6a-b808-dd61fcfbb7a5",
            "ticker": "KXHIGHDEN-25MAY05-B62.5",
            "count": 19,
            "created_time": "2025-05-05T18:21:01.412081Z",
            "yes_price": 5,
            "no_price": 95,
            "taker_side": "no"
        },
        {
            "trade_id": "706613a2-8d2e-4c24-8d00-f177e3b6dbf3",
            "ticker": "KXHIGHDEN-25MAY05-B62.5",
            "count": 93,
            "created_time": "2025-05-05T18:21:01.410959Z",
            "yes_price": 6,
            "no_price": 94,
            "taker_side": "no"
        },
        {
            "trade_id": "4957545f-c0f8-4edd-a746-a8c169bb5b92",
            "ticker": "KXHIGHDEN-25MAY05-B62.5",
            "count": 15,
            "created_time": "2025-05-05T18:21:01.410959Z",
            "yes_price": 7,
            "no_price": 93,
            "taker_side": "no"
        },
        {
            "trade_id": "e78af596-a098-48c2-9de8-8312269a6b73",
            "ticker": "KXHIGHDEN-25MAY05-B62.5",
            "count": 25,
            "created_time": "2025-05-05T18:21:01.016388Z",
            "yes_price": 7,
            "no_price": 93,
            "taker_side": "no"
        },
        {
            "trade_id": "25b059a4-2401-4d36-a438-4135a0c5e9d0",
            "ticker": "KXHIGHDEN-25MAY05-B62.5",
            "count": 200,
            "created_time": "2025-05-05T18:21:01.009744Z",
            "yes_price": 7,
            "no_price": 93,
            "taker_side": "no"
        },
        {
            "trade_id": "2f0b9602-8810-43ab-b47b-aa45110c93f1",
            "ticker": "KXHIGHDEN-25MAY05-B62.5",
            "count": 50,
            "created_time": "2025-05-05T18:21:01.006249Z",
            "yes_price": 8,
            "no_price": 92,
            "taker_side": "no"
        },
        {
            "trade_id": "300e9994-1eb3-4e77-8948-dbde80f72273",
            "ticker": "KXHIGHDEN-25MAY05-B62.5",
            "count": 20,
            "created_time": "2025-05-05T18:20:24.049716Z",
            "yes_price": 15,
            "no_price": 85,
            "taker_side": "yes"
        },
        {
            "trade_id": "c4eb52f7-bb47-4322-b2e0-b5886b12db8a",
            "ticker": "KXHIGHDEN-25MAY05-B62.5",
            "count": 30,
            "created_time": "2025-05-05T18:19:00.41035Z",
            "yes_price": 8,
            "no_price": 92,
            "taker_side": "no"
        },
        {
            "trade_id": "2e7c97ad-8f25-4cf0-aaf0-08e705bdf6bc",
            "ticker": "KXHIGHDEN-25MAY05-B62.5",
            "count": 50,
            "created_time": "2025-05-05T18:19:00.41035Z",
            "yes_price": 9,
            "no_price": 91,
            "taker_side": "no"
        },
        {
            "trade_id": "046ccdc0-24b9-4e4d-9a25-3bd434b6551e",
            "ticker": "KXHIGHDEN-25MAY05-B62.5",
            "count": 21,
            "created_time": "2025-05-05T18:15:09.162669Z",
            "yes_price": 20,
            "no_price": 80,
            "taker_side": "yes"
        },
        {
            "trade_id": "bd70633d-767e-4858-9036-2ed3bfc902b8",
            "ticker": "KXHIGHDEN-25MAY05-B62.5",
            "count": 27,
            "created_time": "2025-05-05T18:14:51.145958Z",
            "yes_price": 20,
            "no_price": 80,
            "taker_side": "yes"
        },
        {
            "trade_id": "585beee1-bdcf-4533-bcc2-2cdec6205b47",
            "ticker": "KXHIGHDEN-25MAY05-B62.5",
            "count": 6,
            "created_time": "2025-05-05T18:14:51.145958Z",
            "yes_price": 19,
            "no_price": 81,
            "taker_side": "yes"
        },
        {
            "trade_id": "0cd25e36-0e5c-43e6-8c9d-0c0bb5e4b102",
            "ticker": "KXHIGHDEN-25MAY05-B62.5",
            "count": 15,
            "created_time": "2025-05-05T18:14:51.145958Z",
            "yes_price": 19,
            "no_price": 81,
            "taker_side": "yes"
        },
        {
            "trade_id": "54c52d79-484a-494f-91a9-6109a973f89f",
            "ticker": "KXHIGHDEN-25MAY05-B62.5",
            "count": 31,
            "created_time": "2025-05-05T18:13:20.442763Z",
            "yes_price": 16,
            "no_price": 84,
            "taker_side": "no"
        },
        {
            "trade_id": "29c69401-02fb-4bd3-8ed8-fed6c241eb4f",
            "ticker": "KXHIGHDEN-25MAY05-B62.5",
            "count": 50,
            "created_time": "2025-05-05T18:12:36.805869Z",
            "yes_price": 21,
            "no_price": 79,
            "taker_side": "no"
        },
        {
            "trade_id": "85ad218b-67e8-4374-a885-c285ac6b5cdf",
            "ticker": "KXHIGHDEN-25MAY05-B62.5",
            "count": 50,
            "created_time": "2025-05-05T18:12:28.826179Z",
            "yes_price": 24,
            "no_price": 76,
            "taker_side": "no"
        },
        {
            "trade_id": "760e1186-e312-4c28-b632-cb22fdf49785",
            "ticker": "KXHIGHDEN-25MAY05-B62.5",
            "count": 15,
            "created_time": "2025-05-05T18:12:28.826179Z",
            "yes_price": 21,
            "no_price": 79,
            "taker_side": "no"
        },
        {
            "trade_id": "73a3cfd8-5c35-4caf-8c69-03eab1f766e1",
            "ticker": "KXHIGHDEN-25MAY05-B62.5",
            "count": 25,
            "created_time": "2025-05-05T18:12:28.826179Z",
            "yes_price": 23,
            "no_price": 77,
            "taker_side": "no"
        },
        {
            "trade_id": "ae5490b7-a99a-4180-abda-49de4e6a218b",
            "ticker": "KXHIGHDEN-25MAY05-B62.5",
            "count": 20,
            "created_time": "2025-05-05T18:12:00.58204Z",
            "yes_price": 24,
            "no_price": 76,
            "taker_side": "no"
        },
        {
            "trade_id": "1a94bfc7-10ac-4002-ab68-42b7afd5ec4a",
            "ticker": "KXHIGHDEN-25MAY05-B62.5",
            "count": 50,
            "created_time": "2025-05-05T18:10:52.020692Z",
            "yes_price": 25,
            "no_price": 75,
            "taker_side": "no"
        },
        {
            "trade_id": "5202568a-13c4-4eb4-a098-05d722df4d08",
            "ticker": "KXHIGHDEN-25MAY05-B62.5",
            "count": 46,
            "created_time": "2025-05-05T18:09:17.881735Z",
            "yes_price": 25,
            "no_price": 75,
            "taker_side": "no"
        },
        {
            "trade_id": "d5a290d5-256a-4933-b560-be9e1e159ba1",
            "ticker": "KXHIGHDEN-25MAY05-B62.5",
            "count": 15,
            "created_time": "2025-05-05T18:08:34.493556Z",
            "yes_price": 26,
            "no_price": 74,
            "taker_side": "no"
        },
        {
            "trade_id": "a488c254-e4d8-4b7e-b4b1-9d79939d33fe",
            "ticker": "KXHIGHDEN-25MAY05-B62.5",
            "count": 25,
            "created_time": "2025-05-05T18:08:34.493556Z",
            "yes_price": 25,
            "no_price": 75,
            "taker_side": "no"
        },
        {
            "trade_id": "7d188a6e-76a1-4a0a-ba96-848ab7df79a5",
            "ticker": "KXHIGHDEN-25MAY05-B62.5",
            "count": 50,
            "created_time": "2025-05-05T18:08:34.493556Z",
            "yes_price": 25,
            "no_price": 75,
            "taker_side": "no"
        },
        {
            "trade_id": "0e233c86-fa7e-425f-8967-418f01f62703",
            "ticker": "KXHIGHDEN-25MAY05-B62.5",
            "count": 10,
            "created_time": "2025-05-05T18:08:34.493556Z",
            "yes_price": 25,
            "no_price": 75,
            "taker_side": "no"
        },
        {
            "trade_id": "751d2116-2d97-4f38-afb4-b72d97737a48",
            "ticker": "KXHIGHDEN-25MAY05-B62.5",
            "count": 25,
            "created_time": "2025-05-05T18:08:31.759104Z",
            "yes_price": 29,
            "no_price": 71,
            "taker_side": "no"
        },
        {
            "trade_id": "13ac9707-35af-4eab-a56d-52ff024f2e57",
            "ticker": "KXHIGHDEN-25MAY05-B62.5",
            "count": 10,
            "created_time": "2025-05-05T18:08:31.759104Z",
            "yes_price": 25,
            "no_price": 75,
            "taker_side": "no"
        },
        {
            "trade_id": "2ca9b701-3ec6-4062-80c3-cfaa769a34d6",
            "ticker": "KXHIGHDEN-25MAY05-B62.5",
            "count": 30,
            "created_time": "2025-05-05T18:07:35.794628Z",
            "yes_price": 45,
            "no_price": 55,
            "taker_side": "no"
        },
        {
            "trade_id": "258c2c40-a15f-4112-9932-c2a427970f8e",
            "ticker": "KXHIGHDEN-25MAY05-B62.5",
            "count": 6,
            "created_time": "2025-05-05T18:07:35.794628Z",
            "yes_price": 46,
            "no_price": 54,
            "taker_side": "no"
        },
        {
            "trade_id": "19583cc9-4ed8-4a9d-84d9-8496ecd9765c",
            "ticker": "KXHIGHDEN-25MAY05-B62.5",
            "count": 20,
            "created_time": "2025-05-05T18:07:35.794628Z",
            "yes_price": 50,
            "no_price": 50,
            "taker_side": "no"
        },
        {
            "trade_id": "138613dc-4879-4780-af4f-d496dc7ea5cc",
            "ticker": "KXHIGHDEN-25MAY05-B62.5",
            "count": 25,
            "created_time": "2025-05-05T18:07:35.794628Z",
            "yes_price": 46,
            "no_price": 54,
            "taker_side": "no"
        },
        {
            "trade_id": "174d627e-cad6-421b-912e-74ed4a1e89e1",
            "ticker": "KXHIGHDEN-25MAY05-B62.5",
            "count": 20,
            "created_time": "2025-05-05T18:07:34.405175Z",
            "yes_price": 50,
            "no_price": 50,
            "taker_side": "no"
        },
        {
            "trade_id": "530a2a51-aeee-4953-90a8-1a2acd68f6a6",
            "ticker": "KXHIGHDEN-25MAY05-B62.5",
            "count": 15,
            "created_time": "2025-05-05T17:58:28.294566Z",
            "yes_price": 41,
            "no_price": 59,
            "taker_side": "no"
        },
        {
            "trade_id": "8f3c2ab3-5c43-4c67-bd9f-14a598d0ac19",
            "ticker": "KXHIGHDEN-25MAY05-B62.5",
            "count": 25,
            "created_time": "2025-05-05T17:53:59.290836Z",
            "yes_price": 64,
            "no_price": 36,
            "taker_side": "yes"
        },
        {
            "trade_id": "3d68336a-c1e1-4e3d-8c36-6f7db7f84a2b",
            "ticker": "KXHIGHDEN-25MAY05-B62.5",
            "count": 21,
            "created_time": "2025-05-05T17:53:59.290836Z",
            "yes_price": 65,
            "no_price": 35,
            "taker_side": "yes"
        },
        {
            "trade_id": "02457a9a-a03c-4ffc-8f6e-63e7b9b58fc8",
            "ticker": "KXHIGHDEN-25MAY05-B62.5",
            "count": 34,
            "created_time": "2025-05-05T17:53:59.290836Z",
            "yes_price": 65,
            "no_price": 35,
            "taker_side": "yes"
        },
        {
            "trade_id": "6d9d7692-3057-4f99-80c6-701a813bbd5e",
            "ticker": "KXHIGHDEN-25MAY05-B62.5",
            "count": 15,
            "created_time": "2025-05-05T17:51:43.460408Z",
            "yes_price": 59,
            "no_price": 41,
            "taker_side": "yes"
        },
        {
            "trade_id": "1bc17227-aac3-45f8-a854-bcbf4102e63c",
            "ticker": "KXHIGHDEN-25MAY05-B62.5",
            "count": 300,
            "created_time": "2025-05-05T17:51:43.460408Z",
            "yes_price": 60,
            "no_price": 40,
            "taker_side": "yes"
        },
        {
            "trade_id": "3ab02145-92b6-4c98-907e-d2f4beb9f3b6",
            "ticker": "KXHIGHDEN-25MAY05-B62.5",
            "count": 27,
            "created_time": "2025-05-05T17:44:31.526567Z",
            "yes_price": 37,
            "no_price": 63,
            "taker_side": "yes"
        },
        {
            "trade_id": "1b1db469-9d29-4ec5-bbee-6e2402948163",
            "ticker": "KXHIGHDEN-25MAY05-B62.5",
            "count": 30,
            "created_time": "2025-05-05T17:44:31.300557Z",
            "yes_price": 38,
            "no_price": 62,
            "taker_side": "no"
        },
        {
            "trade_id": "1439be38-b6a1-421b-ab27-ca8454fe7ada",
            "ticker": "KXHIGHDEN-25MAY05-B62.5",
            "count": 1,
            "created_time": "2025-05-05T17:44:09.525941Z",
            "yes_price": 68,
            "no_price": 32,
            "taker_side": "yes"
        },
        {
            "trade_id": "abda2061-0cb7-41e4-a183-c937365522d0",
            "ticker": "KXHIGHDEN-25MAY05-B62.5",
            "count": 15,
            "created_time": "2025-05-05T17:43:13.344377Z",
            "yes_price": 61,
            "no_price": 39,
            "taker_side": "no"
        },
        {
            "trade_id": "13e696d1-f560-4473-91f2-18c597f5b6e7",
            "ticker": "KXHIGHDEN-25MAY05-B62.5",
            "count": 5,
            "created_time": "2025-05-05T17:43:13.344377Z",
            "yes_price": 61,
            "no_price": 39,
            "taker_side": "no"
        },
        {
            "trade_id": "d0084a29-37b7-4bf6-9cfa-c056a0a919c2",
            "ticker": "KXHIGHDEN-25MAY05-B62.5",
            "count": 143,
            "created_time": "2025-05-05T17:43:00.810401Z",
            "yes_price": 68,
            "no_price": 32,
            "taker_side": "yes"
        },
        {
            "trade_id": "1006fd69-217c-4599-afd2-3a42425ba13b",
            "ticker": "KXHIGHDEN-25MAY05-B62.5",
            "count": 20,
            "created_time": "2025-05-05T17:42:46.800295Z",
            "yes_price": 61,
            "no_price": 39,
            "taker_side": "no"
        },
        {
            "trade_id": "8692eb97-fd11-4553-988d-69ac08eea3bc",
            "ticker": "KXHIGHDEN-25MAY05-B62.5",
            "count": 1,
            "created_time": "2025-05-05T17:40:34.429553Z",
            "yes_price": 70,
            "no_price": 30,
            "taker_side": "yes"
        },
        {
            "trade_id": "ed0c6100-0322-41c3-a083-71c738c12ed5",
            "ticker": "KXHIGHDEN-25MAY05-B62.5",
            "count": 25,
            "created_time": "2025-05-05T17:38:09.07223Z",
            "yes_price": 52,
            "no_price": 48,
            "taker_side": "no"
        },
        {
            "trade_id": "246401eb-c01e-48ef-be44-7bf1f2864a92",
            "ticker": "KXHIGHDEN-25MAY05-B62.5",
            "count": 15,
            "created_time": "2025-05-05T17:38:09.07223Z",
            "yes_price": 52,
            "no_price": 48,
            "taker_side": "no"
        },
        {
            "trade_id": "4f8caab8-372e-4c9d-8b4d-74682fc85cee",
            "ticker": "KXHIGHDEN-25MAY05-B62.5",
            "count": 14,
            "created_time": "2025-05-05T17:32:54.22114Z",
            "yes_price": 75,
            "no_price": 25,
            "taker_side": "yes"
        },
        {
            "trade_id": "6eb10d9d-6b44-4ee5-8915-e04a66e121cd",
            "ticker": "KXHIGHDEN-25MAY05-B62.5",
            "count": 50,
            "created_time": "2025-05-05T17:32:31.10268Z",
            "yes_price": 74,
            "no_price": 26,
            "taker_side": "yes"
        },
        {
            "trade_id": "fd9db13e-bf23-4405-aaea-e70aa7601c3b",
            "ticker": "KXHIGHDEN-25MAY05-B62.5",
            "count": 32,
            "created_time": "2025-05-05T17:31:15.302422Z",
            "yes_price": 66,
            "no_price": 34,
            "taker_side": "yes"
        },
        {
            "trade_id": "c97b13db-df30-4068-8518-81d998555a7a",
            "ticker": "KXHIGHDEN-25MAY05-B62.5",
            "count": 31,
            "created_time": "2025-05-05T17:31:15.302422Z",
            "yes_price": 74,
            "no_price": 26,
            "taker_side": "yes"
        },
        {
            "trade_id": "ba36564f-4cbd-48d8-b0ea-2b4c4de57a50",
            "ticker": "KXHIGHDEN-25MAY05-B62.5",
            "count": 40,
            "created_time": "2025-05-05T17:31:15.302422Z",
            "yes_price": 74,
            "no_price": 26,
            "taker_side": "yes"
        },
        {
            "trade_id": "6f359d96-5416-4d41-8e1c-5cb6a9e9335b",
            "ticker": "KXHIGHDEN-25MAY05-B62.5",
            "count": 36,
            "created_time": "2025-05-05T17:31:15.302422Z",
            "yes_price": 75,
            "no_price": 25,
            "taker_side": "yes"
        },
        {
            "trade_id": "155db4fd-2e0b-46fc-bc45-09916823add6",
            "ticker": "KXHIGHDEN-25MAY05-B62.5",
            "count": 50,
            "created_time": "2025-05-05T17:31:15.302422Z",
            "yes_price": 73,
            "no_price": 27,
            "taker_side": "yes"
        },
        {
            "trade_id": "f68ede2e-7148-45ce-8100-ebaafbba3a7c",
            "ticker": "KXHIGHDEN-25MAY05-B62.5",
            "count": 13,
            "created_time": "2025-05-05T17:30:25.352912Z",
            "yes_price": 71,
            "no_price": 29,
            "taker_side": "yes"
        },
        {
            "trade_id": "e9a4854d-8a17-47a0-9c44-aeac88ed6bb1",
            "ticker": "KXHIGHDEN-25MAY05-B62.5",
            "count": 109,
            "created_time": "2025-05-05T17:30:25.352912Z",
            "yes_price": 70,
            "no_price": 30,
            "taker_side": "yes"
        },
        {
            "trade_id": "cb62039a-9944-4029-8f6c-b1c003278b88",
            "ticker": "KXHIGHDEN-25MAY05-B62.5",
            "count": 4,
            "created_time": "2025-05-05T17:30:25.352912Z",
            "yes_price": 71,
            "no_price": 29,
            "taker_side": "yes"
        },
        {
            "trade_id": "b9c35b20-0d33-4ae8-acc9-fa4d4f78a561",
            "ticker": "KXHIGHDEN-25MAY05-B62.5",
            "count": 8,
            "created_time": "2025-05-05T17:30:25.352912Z",
            "yes_price": 72,
            "no_price": 28,
            "taker_side": "yes"
        },
        {
            "trade_id": "a0904c9d-788a-4f58-a1c0-46462c73cd56",
            "ticker": "KXHIGHDEN-25MAY05-B62.5",
            "count": 40,
            "created_time": "2025-05-05T17:30:25.352912Z",
            "yes_price": 62,
            "no_price": 38,
            "taker_side": "yes"
        },
        {
            "trade_id": "9bd50fb2-b733-46a7-ad16-3a927dcb690b",
            "ticker": "KXHIGHDEN-25MAY05-B62.5",
            "count": 10,
            "created_time": "2025-05-05T17:30:25.352912Z",
            "yes_price": 72,
            "no_price": 28,
            "taker_side": "yes"
        },
        {
            "trade_id": "9042716b-cc44-49cd-9416-f3371cefa002",
            "ticker": "KXHIGHDEN-25MAY05-B62.5",
            "count": 30,
            "created_time": "2025-05-05T17:30:25.352912Z",
            "yes_price": 65,
            "no_price": 35,
            "taker_side": "yes"
        },
        {
            "trade_id": "6d72f110-ec13-4699-b8ba-a5043265d9e5",
            "ticker": "KXHIGHDEN-25MAY05-B62.5",
            "count": 11,
            "created_time": "2025-05-05T17:30:25.352912Z",
            "yes_price": 73,
            "no_price": 27,
            "taker_side": "yes"
        },
        {
            "trade_id": "4064eefb-aaf8-4e5b-a018-31e622776359",
            "ticker": "KXHIGHDEN-25MAY05-B62.5",
            "count": 50,
            "created_time": "2025-05-05T17:30:25.352912Z",
            "yes_price": 70,
            "no_price": 30,
            "taker_side": "yes"
        },
        {
            "trade_id": "bd6faf63-82c7-40c1-a13c-988c36fa2ef3",
            "ticker": "KXHIGHDEN-25MAY05-B62.5",
            "count": 25,
            "created_time": "2025-05-05T17:30:03.885652Z",
            "yes_price": 62,
            "no_price": 38,
            "taker_side": "yes"
        },
        {
            "trade_id": "bc1a5eff-e0dd-4676-a9de-cf3046c3abbe",
            "ticker": "KXHIGHDEN-25MAY05-B62.5",
            "count": 15,
            "created_time": "2025-05-05T17:30:03.885652Z",
            "yes_price": 62,
            "no_price": 38,
            "taker_side": "yes"
        },
        {
            "trade_id": "89c39b9c-843d-4c93-bb6f-f7b8ef7b90ec",
            "ticker": "KXHIGHDEN-25MAY05-B62.5",
            "count": 13,
            "created_time": "2025-05-05T17:30:03.885652Z",
            "yes_price": 61,
            "no_price": 39,
            "taker_side": "yes"
        },
        {
            "trade_id": "4d62d0c9-2027-4f0a-a902-14e81f572d22",
            "ticker": "KXHIGHDEN-25MAY05-B62.5",
            "count": 70,
            "created_time": "2025-05-05T17:30:03.885652Z",
            "yes_price": 63,
            "no_price": 37,
            "taker_side": "yes"
        },
        {
            "trade_id": "5e930e7a-7ecf-411e-b29e-72a5500e5b23",
            "ticker": "KXHIGHDEN-25MAY05-B62.5",
            "count": 115,
            "created_time": "2025-05-05T17:29:58.793387Z",
            "yes_price": 60,
            "no_price": 40,
            "taker_side": "no"
        },
        {
            "trade_id": "6b9ea05b-a07b-4228-bb00-81e952161450",
            "ticker": "KXHIGHDEN-25MAY05-B62.5",
            "count": 40,
            "created_time": "2025-05-05T17:29:58.757128Z",
            "yes_price": 60,
            "no_price": 40,
            "taker_side": "no"
        },
        {
            "trade_id": "14626470-7ff6-4081-8c72-51ebf920258e",
            "ticker": "KXHIGHDEN-25MAY05-B62.5",
            "count": 40,
            "created_time": "2025-05-05T17:29:58.727568Z",
            "yes_price": 60,
            "no_price": 40,
            "taker_side": "no"
        },
        {
            "trade_id": "e8b32a40-ba5f-4435-af56-4f9b07933938",
            "ticker": "KXHIGHDEN-25MAY05-B62.5",
            "count": 149,
            "created_time": "2025-05-05T17:29:58.669396Z",
            "yes_price": 57,
            "no_price": 43,
            "taker_side": "yes"
        },
        {
            "trade_id": "ac74ccdb-a7a2-48a0-b130-8842b850597b",
            "ticker": "KXHIGHDEN-25MAY05-B62.5",
            "count": 12,
            "created_time": "2025-05-05T17:29:58.669396Z",
            "yes_price": 59,
            "no_price": 41,
            "taker_side": "yes"
        },
        {
            "trade_id": "8c356a65-8dca-4b5b-9271-395d1debc8ee",
            "ticker": "KXHIGHDEN-25MAY05-B62.5",
            "count": 50,
            "created_time": "2025-05-05T17:29:58.669396Z",
            "yes_price": 56,
            "no_price": 44,
            "taker_side": "yes"
        },
        {
            "trade_id": "7d1c1a0e-08f3-4307-9fad-12f2e0169497",
            "ticker": "KXHIGHDEN-25MAY05-B62.5",
            "count": 40,
            "created_time": "2025-05-05T17:29:58.669396Z",
            "yes_price": 60,
            "no_price": 40,
            "taker_side": "yes"
        },
        {
            "trade_id": "65d32a8c-e785-48b4-b8e3-6d911f3e086b",
            "ticker": "KXHIGHDEN-25MAY05-B62.5",
            "count": 22,
            "created_time": "2025-05-05T17:29:58.669396Z",
            "yes_price": 60,
            "no_price": 40,
            "taker_side": "yes"
        },
        {
            "trade_id": "5d4e9c30-b985-44ea-bd08-6d40cc47c125",
            "ticker": "KXHIGHDEN-25MAY05-B62.5",
            "count": 7,
            "created_time": "2025-05-05T17:29:58.669396Z",
            "yes_price": 57,
            "no_price": 43,
            "taker_side": "yes"
        },
        {
            "trade_id": "57a3445d-546b-4ca0-b9b5-d2013746ba3a",
            "ticker": "KXHIGHDEN-25MAY05-B62.5",
            "count": 32,
            "created_time": "2025-05-05T17:29:58.669396Z",
            "yes_price": 51,
            "no_price": 49,
            "taker_side": "yes"
        },
        {
            "trade_id": "bf69890b-5c5a-471f-9ffe-7b1d4dc77283",
            "ticker": "KXHIGHDEN-25MAY05-B62.5",
            "count": 30,
            "created_time": "2025-05-05T17:29:50.602734Z",
            "yes_price": 47,
            "no_price": 53,
            "taker_side": "yes"
        },
        {
            "trade_id": "991d804e-85f5-45d6-a7c4-03f4fd55a9c5",
            "ticker": "KXHIGHDEN-25MAY05-B62.5",
            "count": 40,
            "created_time": "2025-05-05T17:29:50.602734Z",
            "yes_price": 49,
            "no_price": 51,
            "taker_side": "yes"
        },
        {
            "trade_id": "b93ec470-9768-4888-831e-bee3e2f40f4e",
            "ticker": "KXHIGHDEN-25MAY05-B62.5",
            "count": 50,
            "created_time": "2025-05-05T17:24:36.231735Z",
            "yes_price": 45,
            "no_price": 55,
            "taker_side": "yes"
        },
        {
            "trade_id": "a28d59ad-f99d-4b06-997b-5b1a43144436",
            "ticker": "KXHIGHDEN-25MAY05-B62.5",
            "count": 200,
            "created_time": "2025-05-05T17:24:36.231735Z",
            "yes_price": 45,
            "no_price": 55,
            "taker_side": "yes"
        },
        {
            "trade_id": "ee0ddbfa-f6ab-4735-9d4d-5d95e751089e",
            "ticker": "KXHIGHDEN-25MAY05-B62.5",
            "count": 15,
            "created_time": "2025-05-05T17:00:59.068938Z",
            "yes_price": 37,
            "no_price": 63,
            "taker_side": "yes"
        },
        {
            "trade_id": "d1f015a7-3c7e-4b6e-ba0a-4b50f419a556",
            "ticker": "KXHIGHDEN-25MAY05-B62.5",
            "count": 18,
            "created_time": "2025-05-05T17:00:59.068938Z",
            "yes_price": 44,
            "no_price": 56,
            "taker_side": "yes"
        },
        {
            "trade_id": "b4c171dc-e130-410b-a51e-c5d569a92dca",
            "ticker": "KXHIGHDEN-25MAY05-B62.5",
            "count": 50,
            "created_time": "2025-05-05T17:00:59.068938Z",
            "yes_price": 36,
            "no_price": 64,
            "taker_side": "yes"
        },
        {
            "trade_id": "f64e4581-563f-4aaf-9291-7b76d25f77e7",
            "ticker": "KXHIGHDEN-25MAY05-B62.5",
            "count": 52,
            "created_time": "2025-05-05T16:56:31.711455Z",
            "yes_price": 27,
            "no_price": 73,
            "taker_side": "no"
        },
        {
            "trade_id": "a718c143-5db5-42d9-b5e1-79f9d5a42aa7",
            "ticker": "KXHIGHDEN-25MAY05-B62.5",
            "count": 149,
            "created_time": "2025-05-05T16:56:31.711455Z",
            "yes_price": 24,
            "no_price": 76,
            "taker_side": "no"
        },
        {
            "trade_id": "40c0315b-675f-4032-9e12-fcfc8b78b3b9",
            "ticker": "KXHIGHDEN-25MAY05-B62.5",
            "count": 15,
            "created_time": "2025-05-05T16:56:31.711455Z",
            "yes_price": 28,
            "no_price": 72,
            "taker_side": "no"
        },
        {
            "trade_id": "0a393a24-670a-4b7c-b561-b3b00ae8f751",
            "ticker": "KXHIGHDEN-25MAY05-B62.5",
            "count": 35,
            "created_time": "2025-05-05T16:56:31.711455Z",
            "yes_price": 21,
            "no_price": 79,
            "taker_side": "no"
        },
        {
            "trade_id": "aeb2342f-bee6-403a-b60f-192ad9d8950d",
            "ticker": "KXHIGHDEN-25MAY05-B62.5",
            "count": 8,
            "created_time": "2025-05-05T16:55:56.88353Z",
            "yes_price": 45,
            "no_price": 55,
            "taker_side": "yes"
        },
        {
            "trade_id": "50f21e69-15c1-4cdd-b90f-8daf2aea30f1",
            "ticker": "KXHIGHDEN-25MAY05-B62.5",
            "count": 10,
            "created_time": "2025-05-05T16:55:56.88353Z",
            "yes_price": 40,
            "no_price": 60,
            "taker_side": "yes"
        },
        {
            "trade_id": "1947570d-60aa-43c0-8465-33ac25f93309",
            "ticker": "KXHIGHDEN-25MAY05-B62.5",
            "count": 40,
            "created_time": "2025-05-05T16:55:56.88353Z",
            "yes_price": 40,
            "no_price": 60,
            "taker_side": "yes"
        },
        {
            "trade_id": "5ec032fa-547e-4fa8-a258-ebe290bc1f7f",
            "ticker": "KXHIGHDEN-25MAY05-B62.5",
            "count": 33,
            "created_time": "2025-05-05T16:52:29.946016Z",
            "yes_price": 43,
            "no_price": 57,
            "taker_side": "yes"
        },
        {
            "trade_id": "00bbdb21-b8eb-4b19-ac6f-88d7a6fef02a",
            "ticker": "KXHIGHDEN-25MAY05-B62.5",
            "count": 50,
            "created_time": "2025-05-05T16:52:29.946016Z",
            "yes_price": 42,
            "no_price": 58,
            "taker_side": "yes"
        },
        {
            "trade_id": "018b04e3-be44-48f4-b72f-b6f95616ce67",
            "ticker": "KXHIGHDEN-25MAY05-B62.5",
            "count": 8,
            "created_time": "2025-05-05T16:52:13.651051Z",
            "yes_price": 27,
            "no_price": 73,
            "taker_side": "no"
        },
        {
            "trade_id": "fc2cb7af-ca60-446e-a666-3f9605331010",
            "ticker": "KXHIGHDEN-25MAY05-B62.5",
            "count": 12,
            "created_time": "2025-05-05T16:51:11.744724Z",
            "yes_price": 28,
            "no_price": 72,
            "taker_side": "no"
        },
        {
            "trade_id": "8a7a0144-7920-4f95-9a86-801a6a200e62",
            "ticker": "KXHIGHDEN-25MAY05-B62.5",
            "count": 15,
            "created_time": "2025-05-05T16:51:11.744724Z",
            "yes_price": 27,
            "no_price": 73,
            "taker_side": "no"
        },
        {
            "trade_id": "7523b22f-57ad-45f3-92a7-2ad8683c1700",
            "ticker": "KXHIGHDEN-25MAY05-B62.5",
            "count": 49,
            "created_time": "2025-05-05T16:49:08.611192Z",
            "yes_price": 39,
            "no_price": 61,
            "taker_side": "yes"
        },
        {
            "trade_id": "eb26623d-bfe3-45eb-bf89-e8042e55ee0e",
            "ticker": "KXHIGHDEN-25MAY05-B62.5",
            "count": 3,
            "created_time": "2025-05-05T16:46:29.486447Z",
            "yes_price": 40,
            "no_price": 60,
            "taker_side": "yes"
        },
        {
            "trade_id": "ca551761-0fc3-45c8-984a-b4ecd446b9f2",
            "ticker": "KXHIGHDEN-25MAY05-B62.5",
            "count": 19,
            "created_time": "2025-05-05T16:46:15.036639Z",
            "yes_price": 35,
            "no_price": 65,
            "taker_side": "yes"
        },
        {
            "trade_id": "8dc3bd9b-37b7-4490-a4f2-372411eba7bf",
            "ticker": "KXHIGHDEN-25MAY05-B62.5",
            "count": 1,
            "created_time": "2025-05-05T16:46:15.036639Z",
            "yes_price": 39,
            "no_price": 61,
            "taker_side": "yes"
        },
        {
            "trade_id": "b0fa0dfc-eddc-4593-b510-6f7cf87647e8",
            "ticker": "KXHIGHDEN-25MAY05-B62.5",
            "count": 1,
            "created_time": "2025-05-05T16:45:34.34967Z",
            "yes_price": 34,
            "no_price": 66,
            "taker_side": "yes"
        },
        {
            "trade_id": "0a38c0b8-7acf-4ae7-9ec1-1ce84c85f9f5",
            "ticker": "KXHIGHDEN-25MAY05-B62.5",
            "count": 1,
            "created_time": "2025-05-05T16:43:44.405424Z",
            "yes_price": 35,
            "no_price": 65,
            "taker_side": "yes"
        },
        {
            "trade_id": "a6f46029-c660-4783-bfa4-3143d61da507",
            "ticker": "KXHIGHDEN-25MAY05-B62.5",
            "count": 29,
            "created_time": "2025-05-05T16:43:28.387148Z",
            "yes_price": 34,
            "no_price": 66,
            "taker_side": "no"
        },
        {
            "trade_id": "978cf751-de2a-4c6d-9a9b-62b6e43db740",
            "ticker": "KXHIGHDEN-25MAY05-B62.5",
            "count": 33,
            "created_time": "2025-05-05T16:43:28.3266Z",
            "yes_price": 34,
            "no_price": 66,
            "taker_side": "yes"
        },
        {
            "trade_id": "f498640c-4826-47fa-bf75-91426f378dec",
            "ticker": "KXHIGHDEN-25MAY05-B62.5",
            "count": 2,
            "created_time": "2025-05-05T16:43:20.764351Z",
            "yes_price": 34,
            "no_price": 66,
            "taker_side": "yes"
        },
        {
            "trade_id": "ce169e78-3ea1-4d32-a270-616bc195fcc4",
            "ticker": "KXHIGHDEN-25MAY05-B62.5",
            "count": 50,
            "created_time": "2025-05-05T16:42:54.914495Z",
            "yes_price": 29,
            "no_price": 71,
            "taker_side": "yes"
        },
        {
            "trade_id": "9d7a4ec2-87a4-4e24-b792-58afee3f88da",
            "ticker": "KXHIGHDEN-25MAY05-B62.5",
            "count": 20,
            "created_time": "2025-05-05T16:42:54.914495Z",
            "yes_price": 30,
            "no_price": 70,
            "taker_side": "yes"
        },
        {
            "trade_id": "8e9219ba-5620-4074-8adf-11634422f958",
            "ticker": "KXHIGHDEN-25MAY05-B62.5",
            "count": 40,
            "created_time": "2025-05-05T16:42:54.914495Z",
            "yes_price": 33,
            "no_price": 67,
            "taker_side": "yes"
        },
        {
            "trade_id": "6b27b314-b9dd-48da-a03c-373e3f0163dc",
            "ticker": "KXHIGHDEN-25MAY05-B62.5",
            "count": 79,
            "created_time": "2025-05-05T16:42:54.914495Z",
            "yes_price": 33,
            "no_price": 67,
            "taker_side": "yes"
        },
        {
            "trade_id": "27b6440d-65c5-4bda-8efb-83635e5ca39b",
            "ticker": "KXHIGHDEN-25MAY05-B62.5",
            "count": 50,
            "created_time": "2025-05-05T16:39:26.490975Z",
            "yes_price": 25,
            "no_price": 75,
            "taker_side": "no"
        },
        {
            "trade_id": "ff6c73af-410f-4402-8e45-76fcd707112c",
            "ticker": "KXHIGHDEN-25MAY05-B62.5",
            "count": 100,
            "created_time": "2025-05-05T16:39:26.440577Z",
            "yes_price": 21,
            "no_price": 79,
            "taker_side": "yes"
        },
        {
            "trade_id": "8bfa3b92-1f8a-4a20-8101-76e44f90c4b3",
            "ticker": "KXHIGHDEN-25MAY05-B62.5",
            "count": 149,
            "created_time": "2025-05-05T16:39:26.440577Z",
            "yes_price": 25,
            "no_price": 75,
            "taker_side": "yes"
        },
        {
            "trade_id": "49f825da-215c-494c-bda1-c435bc78d729",
            "ticker": "KXHIGHDEN-25MAY05-B62.5",
            "count": 12,
            "created_time": "2025-05-05T16:39:26.440577Z",
            "yes_price": 24,
            "no_price": 76,
            "taker_side": "yes"
        },
        {
            "trade_id": "16da36fd-0ad8-4c77-a6f6-7dcedf2c38a8",
            "ticker": "KXHIGHDEN-25MAY05-B62.5",
            "count": 18,
            "created_time": "2025-05-05T16:39:26.217424Z",
            "yes_price": 20,
            "no_price": 80,
            "taker_side": "yes"
        },
        {
            "trade_id": "325d0436-5de6-4f62-ad28-b4e6f45b838e",
            "ticker": "KXHIGHDEN-25MAY05-B62.5",
            "count": 1,
            "created_time": "2025-05-05T16:37:10.553287Z",
            "yes_price": 19,
            "no_price": 81,
            "taker_side": "yes"
        },
        {
            "trade_id": "eef3719a-8036-4024-bfaa-848fae91b73d",
            "ticker": "KXHIGHDEN-25MAY05-B62.5",
            "count": 10,
            "created_time": "2025-05-05T16:29:49.684949Z",
            "yes_price": 20,
            "no_price": 80,
            "taker_side": "yes"
        },
        {
            "trade_id": "5c5e7666-6891-4af9-b0d3-9034508a96db",
            "ticker": "KXHIGHDEN-25MAY05-B62.5",
            "count": 50,
            "created_time": "2025-05-05T16:28:07.155576Z",
            "yes_price": 20,
            "no_price": 80,
            "taker_side": "yes"
        },
        {
            "trade_id": "489e9fce-676f-479f-b9b4-c57af2aa9cce",
            "ticker": "KXHIGHDEN-25MAY05-B62.5",
            "count": 96,
            "created_time": "2025-05-05T16:22:05.470287Z",
            "yes_price": 10,
            "no_price": 90,
            "taker_side": "yes"
        },
        {
            "trade_id": "6ed8c2af-cd71-4e54-92d8-f0ea1c7d9c6c",
            "ticker": "KXHIGHDEN-25MAY05-B62.5",
            "count": 30,
            "created_time": "2025-05-05T16:21:57.143653Z",
            "yes_price": 8,
            "no_price": 92,
            "taker_side": "yes"
        },
        {
            "trade_id": "2c7d2ee8-ac32-4846-aa53-0fd30313a1bc",
            "ticker": "KXHIGHDEN-25MAY05-B62.5",
            "count": 13,
            "created_time": "2025-05-05T16:20:31.447742Z",
            "yes_price": 6,
            "no_price": 94,
            "taker_side": "yes"
        },
        {
            "trade_id": "fbe25a8c-d1e7-4e5b-9c2a-28aec8578496",
            "ticker": "KXHIGHDEN-25MAY05-B62.5",
            "count": 13,
            "created_time": "2025-05-05T16:15:11.829862Z",
            "yes_price": 7,
            "no_price": 93,
            "taker_side": "yes"
        },
        {
            "trade_id": "80576357-a488-4d40-8d99-f535f76355fe",
            "ticker": "KXHIGHDEN-25MAY05-B62.5",
            "count": 27,
            "created_time": "2025-05-05T16:11:58.091042Z",
            "yes_price": 8,
            "no_price": 92,
            "taker_side": "yes"
        },
        {
            "trade_id": "83f65557-160f-4ba7-9e7e-78d94e9cce80",
            "ticker": "KXHIGHDEN-25MAY05-B62.5",
            "count": 13,
            "created_time": "2025-05-05T16:10:14.96731Z",
            "yes_price": 8,
            "no_price": 92,
            "taker_side": "yes"
        },
        {
            "trade_id": "1cea8e8d-a482-46f1-9b01-30a987fa03a1",
            "ticker": "KXHIGHDEN-25MAY05-B62.5",
            "count": 10,
            "created_time": "2025-05-05T16:09:31.249282Z",
            "yes_price": 8,
            "no_price": 92,
            "taker_side": "yes"
        },
        {
            "trade_id": "0f461174-256f-4858-9f06-bfc9e8dfd199",
            "ticker": "KXHIGHDEN-25MAY05-B62.5",
            "count": 20,
            "created_time": "2025-05-05T16:06:11.502961Z",
            "yes_price": 10,
            "no_price": 90,
            "taker_side": "yes"
        },
        {
            "trade_id": "7ee2cc1c-e45c-4c46-9b29-8e7c2585c910",
            "ticker": "KXHIGHDEN-25MAY05-B62.5",
            "count": 14,
            "created_time": "2025-05-05T16:05:15.904746Z",
            "yes_price": 9,
            "no_price": 91,
            "taker_side": "yes"
        },
        {
            "trade_id": "b381322a-60c0-48ae-85fb-e6125a44a384",
            "ticker": "KXHIGHDEN-25MAY05-B62.5",
            "count": 15,
            "created_time": "2025-05-05T16:00:12.872115Z",
            "yes_price": 9,
            "no_price": 91,
            "taker_side": "yes"
        },
        {
            "trade_id": "46ee35e6-fac8-4a96-b40c-a3b4ad50fbf9",
            "ticker": "KXHIGHDEN-25MAY05-B62.5",
            "count": 500,
            "created_time": "2025-05-05T15:57:47.167376Z",
            "yes_price": 8,
            "no_price": 92,
            "taker_side": "yes"
        },
        {
            "trade_id": "00b34c72-b17d-40b3-80ab-bb2067e8b5ee",
            "ticker": "KXHIGHDEN-25MAY05-B62.5",
            "count": 50,
            "created_time": "2025-05-05T15:57:47.167376Z",
            "yes_price": 7,
            "no_price": 93,
            "taker_side": "yes"
        },
        {
            "trade_id": "cc31a934-9549-4e77-b234-0dbc0867fdef",
            "ticker": "KXHIGHDEN-25MAY05-B62.5",
            "count": 37,
            "created_time": "2025-05-05T15:55:50.371429Z",
            "yes_price": 6,
            "no_price": 94,
            "taker_side": "no"
        },
        {
            "trade_id": "869e2ede-d5ae-489f-aa17-13aa9535b42c",
            "ticker": "KXHIGHDEN-25MAY05-B62.5",
            "count": 13,
            "created_time": "2025-05-05T15:55:50.371429Z",
            "yes_price": 7,
            "no_price": 93,
            "taker_side": "no"
        },
        {
            "trade_id": "8718cd32-fd10-4149-80a7-8f912347479e",
            "ticker": "KXHIGHDEN-25MAY05-B62.5",
            "count": 9,
            "created_time": "2025-05-05T15:55:34.847845Z",
            "yes_price": 7,
            "no_price": 93,
            "taker_side": "yes"
        },
        {
            "trade_id": "60c92254-bd73-491d-a10a-b47776c1ad90",
            "ticker": "KXHIGHDEN-25MAY05-B62.5",
            "count": 3,
            "created_time": "2025-05-05T15:44:24.300873Z",
            "yes_price": 9,
            "no_price": 91,
            "taker_side": "no"
        },
        {
            "trade_id": "ee51c992-644b-49ad-bdf5-e3c68ebe0e2b",
            "ticker": "KXHIGHDEN-25MAY05-B62.5",
            "count": 9,
            "created_time": "2025-05-05T15:40:44.36779Z",
            "yes_price": 9,
            "no_price": 91,
            "taker_side": "no"
        },
        {
            "trade_id": "db3c6d1e-4ed2-4da8-a923-4b2433f216de",
            "ticker": "KXHIGHDEN-25MAY05-B62.5",
            "count": 21,
            "created_time": "2025-05-05T15:40:44.36779Z",
            "yes_price": 9,
            "no_price": 91,
            "taker_side": "no"
        },
        {
            "trade_id": "ad740b5e-8ea2-4b8d-9d88-070805ad4820",
            "ticker": "KXHIGHDEN-25MAY05-B62.5",
            "count": 2,
            "created_time": "2025-05-05T15:38:23.903906Z",
            "yes_price": 18,
            "no_price": 82,
            "taker_side": "yes"
        },
        {
            "trade_id": "39cdc84c-268d-4a9a-88ee-957127c93de1",
            "ticker": "KXHIGHDEN-25MAY05-B62.5",
            "count": 4,
            "created_time": "2025-05-05T15:01:36.476825Z",
            "yes_price": 17,
            "no_price": 83,
            "taker_side": "yes"
        },
        {
            "trade_id": "d5d49860-6d71-4782-b1dc-47bcc57ff4bb",
            "ticker": "KXHIGHDEN-25MAY05-B62.5",
            "count": 6,
            "created_time": "2025-05-05T14:38:40.329487Z",
            "yes_price": 17,
            "no_price": 83,
            "taker_side": "yes"
        },
        {
            "trade_id": "affc9e2f-99a5-46e6-83dc-dbe96f965f06",
            "ticker": "KXHIGHDEN-25MAY05-B62.5",
            "count": 9,
            "created_time": "2025-05-05T14:38:40.329487Z",
            "yes_price": 15,
            "no_price": 85,
            "taker_side": "yes"
        },
        {
            "trade_id": "7848dd00-a149-4194-86a0-131f850386d3",
            "ticker": "KXHIGHDEN-25MAY05-B62.5",
            "count": 50,
            "created_time": "2025-05-05T14:38:40.329487Z",
            "yes_price": 14,
            "no_price": 86,
            "taker_side": "yes"
        },
        {
            "trade_id": "6cfbdf31-0ab8-4e8d-9f93-f082fd94283c",
            "ticker": "KXHIGHDEN-25MAY05-B62.5",
            "count": 50,
            "created_time": "2025-05-05T14:21:12.646636Z",
            "yes_price": 10,
            "no_price": 90,
            "taker_side": "no"
        },
        {
            "trade_id": "d4f8b440-ad53-4759-8c50-b14ec2c18778",
            "ticker": "KXHIGHDEN-25MAY05-B62.5",
            "count": 2,
            "created_time": "2025-05-05T13:59:22.70946Z",
            "yes_price": 11,
            "no_price": 89,
            "taker_side": "no"
        },
        {
            "trade_id": "ab28ec5d-7071-4d24-81de-54310ffc821a",
            "ticker": "KXHIGHDEN-25MAY05-B62.5",
            "count": 9,
            "created_time": "2025-05-05T13:59:22.70946Z",
            "yes_price": 11,
            "no_price": 89,
            "taker_side": "no"
        },
        {
            "trade_id": "09acc50a-894d-416a-b151-bb4e559af7be",
            "ticker": "KXHIGHDEN-25MAY05-B62.5",
            "count": 7,
            "created_time": "2025-05-05T13:48:53.141297Z",
            "yes_price": 16,
            "no_price": 84,
            "taker_side": "yes"
        },
        {
            "trade_id": "8003421d-a659-40d4-a0f9-d35237a35f4a",
            "ticker": "KXHIGHDEN-25MAY05-B62.5",
            "count": 17,
            "created_time": "2025-05-05T13:48:22.271437Z",
            "yes_price": 15,
            "no_price": 85,
            "taker_side": "no"
        },
        {
            "trade_id": "b5ba1f9f-2bb7-46a0-a549-420def20a219",
            "ticker": "KXHIGHDEN-25MAY05-B62.5",
            "count": 5,
            "created_time": "2025-05-05T13:45:41.952877Z",
            "yes_price": 15,
            "no_price": 85,
            "taker_side": "yes"
        },
        {
            "trade_id": "71756a5e-ae58-4c14-92ed-47ff5ef7c2da",
            "ticker": "KXHIGHDEN-25MAY05-B62.5",
            "count": 20,
            "created_time": "2025-05-05T13:45:41.952877Z",
            "yes_price": 15,
            "no_price": 85,
            "taker_side": "yes"
        },
        {
            "trade_id": "01d89981-1de1-4204-9568-e6d5dde7a44b",
            "ticker": "KXHIGHDEN-25MAY05-B62.5",
            "count": 7,
            "created_time": "2025-05-05T13:39:42.683082Z",
            "yes_price": 15,
            "no_price": 85,
            "taker_side": "yes"
        },
        {
            "trade_id": "ffad2d8d-afdf-419b-a32b-2c4ad9947bee",
            "ticker": "KXHIGHDEN-25MAY05-B62.5",
            "count": 93,
            "created_time": "2025-05-05T13:36:46.97241Z",
            "yes_price": 17,
            "no_price": 83,
            "taker_side": "no"
        },
        {
            "trade_id": "69efc566-c6fd-4215-bfe6-ef3100ddb9c4",
            "ticker": "KXHIGHDEN-25MAY05-B62.5",
            "count": 2,
            "created_time": "2025-05-05T13:36:46.97241Z",
            "yes_price": 17,
            "no_price": 83,
            "taker_side": "no"
        },
        {
            "trade_id": "a82b8578-5da0-438d-ac40-79e0e4f03ba8",
            "ticker": "KXHIGHDEN-25MAY05-B62.5",
            "count": 5,
            "created_time": "2025-05-05T13:35:16.296338Z",
            "yes_price": 19,
            "no_price": 81,
            "taker_side": "no"
        },
        {
            "trade_id": "f11fb5bf-7718-4f87-aa8f-54a10ea79312",
            "ticker": "KXHIGHDEN-25MAY05-B62.5",
            "count": 68,
            "created_time": "2025-05-05T13:31:01.296232Z",
            "yes_price": 21,
            "no_price": 79,
            "taker_side": "no"
        },
        {
            "trade_id": "0f05306c-e2ad-40a6-babd-5f16b163feb7",
            "ticker": "KXHIGHDEN-25MAY05-B62.5",
            "count": 99,
            "created_time": "2025-05-05T13:30:53.165275Z",
            "yes_price": 22,
            "no_price": 78,
            "taker_side": "no"
        },
        {
            "trade_id": "17dc420e-c1b1-4213-8b5e-58f2c6f80a15",
            "ticker": "KXHIGHDEN-25MAY05-B62.5",
            "count": 25,
            "created_time": "2025-05-05T13:30:49.021599Z",
            "yes_price": 22,
            "no_price": 78,
            "taker_side": "yes"
        },
        {
            "trade_id": "eb564e35-b19f-4d08-b8d6-c05f6bd40ed3",
            "ticker": "KXHIGHDEN-25MAY05-B62.5",
            "count": 30,
            "created_time": "2025-05-05T13:30:44.529606Z",
            "yes_price": 23,
            "no_price": 77,
            "taker_side": "no"
        },
        {
            "trade_id": "9b74738a-d131-4b9b-bc7f-a2b9dbccf609",
            "ticker": "KXHIGHDEN-25MAY05-B62.5",
            "count": 50,
            "created_time": "2025-05-05T13:19:45.315105Z",
            "yes_price": 27,
            "no_price": 73,
            "taker_side": "yes"
        },
        {
            "trade_id": "ea4eb330-9ce6-4c91-9311-534de7352c0b",
            "ticker": "KXHIGHDEN-25MAY05-B62.5",
            "count": 1,
            "created_time": "2025-05-05T13:12:44.051495Z",
            "yes_price": 24,
            "no_price": 76,
            "taker_side": "no"
        },
        {
            "trade_id": "70740bb5-01a0-4228-bcc0-1b220e54690d",
            "ticker": "KXHIGHDEN-25MAY05-B62.5",
            "count": 7,
            "created_time": "2025-05-05T13:09:51.765097Z",
            "yes_price": 27,
            "no_price": 73,
            "taker_side": "yes"
        },
        {
            "trade_id": "b85f0a4a-4bcd-4cca-9b1d-42116d6630f0",
            "ticker": "KXHIGHDEN-25MAY05-B62.5",
            "count": 50,
            "created_time": "2025-05-05T12:43:05.119011Z",
            "yes_price": 25,
            "no_price": 75,
            "taker_side": "yes"
        },
        {
            "trade_id": "9c536be9-956a-4e93-93b5-fc76b328ce66",
            "ticker": "KXHIGHDEN-25MAY05-B62.5",
            "count": 1,
            "created_time": "2025-05-05T12:43:05.119011Z",
            "yes_price": 29,
            "no_price": 71,
            "taker_side": "yes"
        },
        {
            "trade_id": "36c1ba3a-47c3-465f-bb4f-9e13605b4a5e",
            "ticker": "KXHIGHDEN-25MAY05-B62.5",
            "count": 5,
            "created_time": "2025-05-05T12:43:05.119011Z",
            "yes_price": 25,
            "no_price": 75,
            "taker_side": "yes"
        },
        {
            "trade_id": "a1d9017c-c51d-4b61-9423-8ddca0477ea3",
            "ticker": "KXHIGHDEN-25MAY05-B62.5",
            "count": 5,
            "created_time": "2025-05-05T12:33:22.962603Z",
            "yes_price": 27,
            "no_price": 73,
            "taker_side": "no"
        },
        {
            "trade_id": "c12d4c0c-953c-4bc5-a133-8ae098c91ed0",
            "ticker": "KXHIGHDEN-25MAY05-B62.5",
            "count": 93,
            "created_time": "2025-05-05T12:30:37.921433Z",
            "yes_price": 24,
            "no_price": 76,
            "taker_side": "no"
        },
        {
            "trade_id": "9aa513db-0143-45b6-a6b4-fa4286970f1c",
            "ticker": "KXHIGHDEN-25MAY05-B62.5",
            "count": 42,
            "created_time": "2025-05-05T12:30:37.921433Z",
            "yes_price": 26,
            "no_price": 74,
            "taker_side": "no"
        },
        {
            "trade_id": "585e3625-2be5-47a9-a598-6f37537bf513",
            "ticker": "KXHIGHDEN-25MAY05-B62.5",
            "count": 3,
            "created_time": "2025-05-05T12:30:37.921433Z",
            "yes_price": 25,
            "no_price": 75,
            "taker_side": "no"
        },
        {
            "trade_id": "4139b3b6-1c22-48c4-957e-31ba14163bf0",
            "ticker": "KXHIGHDEN-25MAY05-B62.5",
            "count": 17,
            "created_time": "2025-05-05T12:30:37.921433Z",
            "yes_price": 26,
            "no_price": 74,
            "taker_side": "no"
        },
        {
            "trade_id": "9b748e98-0150-4f1f-b591-529eaee96173",
            "ticker": "KXHIGHDEN-25MAY05-B62.5",
            "count": 6,
            "created_time": "2025-05-05T12:05:21.506245Z",
            "yes_price": 29,
            "no_price": 71,
            "taker_side": "yes"
        },
        {
            "trade_id": "8ba007f5-0db5-4383-be2a-c0b56d903b02",
            "ticker": "KXHIGHDEN-25MAY05-B62.5",
            "count": 97,
            "created_time": "2025-05-05T12:05:21.506245Z",
            "yes_price": 30,
            "no_price": 70,
            "taker_side": "yes"
        },
        {
            "trade_id": "744bfa2d-24cc-4dbf-b842-9113f94da070",
            "ticker": "KXHIGHDEN-25MAY05-B62.5",
            "count": 52,
            "created_time": "2025-05-05T12:05:21.506245Z",
            "yes_price": 32,
            "no_price": 68,
            "taker_side": "yes"
        },
        {
            "trade_id": "0fb26756-a952-40fa-8a33-7d83e290914d",
            "ticker": "KXHIGHDEN-25MAY05-B62.5",
            "count": 15,
            "created_time": "2025-05-05T12:03:47.981287Z",
            "yes_price": 29,
            "no_price": 71,
            "taker_side": "no"
        },
        {
            "trade_id": "cced5cb8-5eee-4fbc-9911-f76b16d21841",
            "ticker": "KXHIGHDEN-25MAY05-B62.5",
            "count": 2,
            "created_time": "2025-05-05T12:02:45.022202Z",
            "yes_price": 31,
            "no_price": 69,
            "taker_side": "yes"
        },
        {
            "trade_id": "f772adda-810a-4d41-9499-c65ec97d5a94",
            "ticker": "KXHIGHDEN-25MAY05-B62.5",
            "count": 9,
            "created_time": "2025-05-05T12:00:56.071258Z",
            "yes_price": 30,
            "no_price": 70,
            "taker_side": "yes"
        },
        {
            "trade_id": "dfecbfca-f5c5-465f-90d1-a956d4a2ed32",
            "ticker": "KXHIGHDEN-25MAY05-B62.5",
            "count": 15,
            "created_time": "2025-05-05T12:00:55.353301Z",
            "yes_price": 29,
            "no_price": 71,
            "taker_side": "no"
        },
        {
            "trade_id": "8a3882b1-4a8e-4170-9d5b-ef4576e33ee8",
            "ticker": "KXHIGHDEN-25MAY05-B62.5",
            "count": 15,
            "created_time": "2025-05-05T12:00:54.468127Z",
            "yes_price": 30,
            "no_price": 70,
            "taker_side": "no"
        },
        {
            "trade_id": "872947f0-038e-4217-bbcf-27cafcf81eb5",
            "ticker": "KXHIGHDEN-25MAY05-B62.5",
            "count": 113,
            "created_time": "2025-05-05T12:00:48.742169Z",
            "yes_price": 33,
            "no_price": 67,
            "taker_side": "no"
        },
        {
            "trade_id": "1189e1c6-eeb2-4922-9dcd-65b55e88f73c",
            "ticker": "KXHIGHDEN-25MAY05-B62.5",
            "count": 200,
            "created_time": "2025-05-05T12:00:46.523246Z",
            "yes_price": 33,
            "no_price": 67,
            "taker_side": "no"
        },
        {
            "trade_id": "472efced-6f65-42cc-9841-56d55c27e82d",
            "ticker": "KXHIGHDEN-25MAY05-B62.5",
            "count": 26,
            "created_time": "2025-05-05T12:00:46.462712Z",
            "yes_price": 33,
            "no_price": 67,
            "taker_side": "no"
        },
        {
            "trade_id": "be462d06-394c-4d6a-8cc8-0bad7f08955f",
            "ticker": "KXHIGHDEN-25MAY05-B62.5",
            "count": 61,
            "created_time": "2025-05-05T12:00:43.052838Z",
            "yes_price": 33,
            "no_price": 67,
            "taker_side": "no"
        },
        {
            "trade_id": "5d984b63-cd90-4fae-835b-d15847779b54",
            "ticker": "KXHIGHDEN-25MAY05-B62.5",
            "count": 33,
            "created_time": "2025-05-05T12:00:43.052838Z",
            "yes_price": 35,
            "no_price": 65,
            "taker_side": "no"
        },
        {
            "trade_id": "e0d116b5-2e11-4bf3-a530-b24decb0e691",
            "ticker": "KXHIGHDEN-25MAY05-B62.5",
            "count": 66,
            "created_time": "2025-05-05T12:00:38.232055Z",
            "yes_price": 35,
            "no_price": 65,
            "taker_side": "no"
        },
        {
            "trade_id": "fd3f8cf8-30c4-4e63-b375-1743f1ccb48a",
            "ticker": "KXHIGHDEN-25MAY05-B62.5",
            "count": 9,
            "created_time": "2025-05-05T12:00:33.434882Z",
            "yes_price": 35,
            "no_price": 65,
            "taker_side": "no"
        },
        {
            "trade_id": "5d1975bd-aa91-4370-a55c-68224fe91214",
            "ticker": "KXHIGHDEN-25MAY05-B62.5",
            "count": 23,
            "created_time": "2025-05-05T12:00:33.434882Z",
            "yes_price": 36,
            "no_price": 64,
            "taker_side": "no"
        },
        {
            "trade_id": "f2a84c20-d9aa-4cc2-8a28-103dccfbe41d",
            "ticker": "KXHIGHDEN-25MAY05-B62.5",
            "count": 9,
            "created_time": "2025-05-05T12:00:27.06189Z",
            "yes_price": 36,
            "no_price": 64,
            "taker_side": "no"
        },
        {
            "trade_id": "f2029f88-6cfe-44aa-8b21-ef47c85ef6d7",
            "ticker": "KXHIGHDEN-25MAY05-B62.5",
            "count": 86,
            "created_time": "2025-05-05T12:00:27.06189Z",
            "yes_price": 37,
            "no_price": 63,
            "taker_side": "no"
        },
        {
            "trade_id": "1a5f39f3-bb0d-4388-bf2b-5a897d2911c4",
            "ticker": "KXHIGHDEN-25MAY05-B62.5",
            "count": 200,
            "created_time": "2025-05-05T12:00:21.483418Z",
            "yes_price": 36,
            "no_price": 64,
            "taker_side": "no"
        },
        {
            "trade_id": "1a0722b9-b52b-4eb6-9359-e54d2b8b4913",
            "ticker": "KXHIGHDEN-25MAY05-B62.5",
            "count": 40,
            "created_time": "2025-05-05T12:00:21.431533Z",
            "yes_price": 36,
            "no_price": 64,
            "taker_side": "no"
        },
        {
            "trade_id": "faf6adbe-ce79-445e-b5c4-9ea655c5ee4a",
            "ticker": "KXHIGHDEN-25MAY05-B62.5",
            "count": 94,
            "created_time": "2025-05-05T12:00:06.323016Z",
            "yes_price": 36,
            "no_price": 64,
            "taker_side": "no"
        },
        {
            "trade_id": "d990b474-74b1-4daf-ad3c-8208d1d030d2",
            "ticker": "KXHIGHDEN-25MAY05-B62.5",
            "count": 34,
            "created_time": "2025-05-05T06:49:40.184004Z",
            "yes_price": 36,
            "no_price": 64,
            "taker_side": "no"
        },
        {
            "trade_id": "090a574b-5d5b-44aa-a5ad-5338c468da85",
            "ticker": "KXHIGHDEN-25MAY05-B62.5",
            "count": 14,
            "created_time": "2025-05-05T06:49:39.339503Z",
            "yes_price": 38,
            "no_price": 62,
            "taker_side": "no"
        },
        {
            "trade_id": "dbe18ca2-d1d0-485c-8691-88d9815ed12b",
            "ticker": "KXHIGHDEN-25MAY05-B62.5",
            "count": 7,
            "created_time": "2025-05-05T06:49:38.863858Z",
            "yes_price": 38,
            "no_price": 62,
            "taker_side": "no"
        },
        {
            "trade_id": "78cdcb1b-8b2e-4079-a1f5-b726b3c5bab7",
            "ticker": "KXHIGHDEN-25MAY05-B62.5",
            "count": 7,
            "created_time": "2025-05-05T06:49:38.497908Z",
            "yes_price": 38,
            "no_price": 62,
            "taker_side": "no"
        },
        {
            "trade_id": "8608d733-1d40-469d-a34f-68de585269b7",
            "ticker": "KXHIGHDEN-25MAY05-B62.5",
            "count": 12,
            "created_time": "2025-05-05T06:33:37.899276Z",
            "yes_price": 38,
            "no_price": 62,
            "taker_side": "no"
        },
        {
            "trade_id": "57c91fbf-6e7e-4f65-8ddf-d33a9ccede20",
            "ticker": "KXHIGHDEN-25MAY05-B62.5",
            "count": 16,
            "created_time": "2025-05-05T06:03:32.372585Z",
            "yes_price": 40,
            "no_price": 60,
            "taker_side": "no"
        },
        {
            "trade_id": "ad43f92b-63e2-465f-98d1-f8b3bfc72463",
            "ticker": "KXHIGHDEN-25MAY05-B62.5",
            "count": 40,
            "created_time": "2025-05-05T06:03:30.405883Z",
            "yes_price": 40,
            "no_price": 60,
            "taker_side": "no"
        },
        {
            "trade_id": "4ed14a9f-377f-4f44-9f3f-3ebec815f2b1",
            "ticker": "KXHIGHDEN-25MAY05-B62.5",
            "count": 40,
            "created_time": "2025-05-05T06:03:30.032042Z",
            "yes_price": 40,
            "no_price": 60,
            "taker_side": "no"
        },
        {
            "trade_id": "6676141c-3c27-45f2-a250-8c1ea8b0d781",
            "ticker": "KXHIGHDEN-25MAY05-B62.5",
            "count": 3,
            "created_time": "2025-05-05T06:03:29.874318Z",
            "yes_price": 40,
            "no_price": 60,
            "taker_side": "no"
        },
        {
            "trade_id": "1d52a20d-1fa3-4a71-ab4f-2d29ddd0c357",
            "ticker": "KXHIGHDEN-25MAY05-B62.5",
            "count": 102,
            "created_time": "2025-05-05T06:00:42.103323Z",
            "yes_price": 40,
            "no_price": 60,
            "taker_side": "no"
        },
        {
            "trade_id": "55eb8d1e-4ffe-4864-bdf4-a7acb6769f33",
            "ticker": "KXHIGHDEN-25MAY05-B62.5",
            "count": 4,
            "created_time": "2025-05-05T06:00:25.325486Z",
            "yes_price": 40,
            "no_price": 60,
            "taker_side": "no"
        },
        {
            "trade_id": "fc654c6c-facc-4327-afb6-a1755acd6eed",
            "ticker": "KXHIGHDEN-25MAY05-B62.5",
            "count": 95,
            "created_time": "2025-05-05T05:54:50.798511Z",
            "yes_price": 40,
            "no_price": 60,
            "taker_side": "no"
        },
        {
            "trade_id": "2f62ecff-6668-4506-b03e-6365e55b052c",
