{
    "KXHIGHDEN-25JAN19-T13": [
        {
            "trade_id": "70bc4b83-54b8-4647-a642-63dac3dfafd6",
            "ticker": "KXHIGHDEN-25JAN19-T13",
            "count": 20,
            "created_time": "2025-01-20T06:41:11.284619Z",
            "yes_price": 1,
            "no_price": 99,
            "taker_side": "yes"
        },
        {
            "trade_id": "ec3ba636-cb17-4a88-8a81-71eb2309b1c6",
            "ticker": "KXHIGHDEN-25JAN19-T13",
            "count": 1028,
            "created_time": "2025-01-20T02:48:20.666669Z",
            "yes_price": 1,
            "no_price": 99,
            "taker_side": "yes"
        },
        {
            "trade_id": "8028e2a0-2a1e-42a7-94e2-aba08137594e",
            "ticker": "KXHIGHDEN-25JAN19-T13",
            "count": 93,
            "created_time": "2025-01-19T23:23:25.213839Z",
            "yes_price": 1,
            "no_price": 99,
            "taker_side": "yes"
        },
        {
            "trade_id": "67878e31-fcc2-4403-8a17-f42fbd5f06a4",
            "ticker": "KXHIGHDEN-25JAN19-T13",
            "count": 1,
            "created_time": "2025-01-19T23:11:43.931426Z",
            "yes_price": 1,
            "no_price": 99,
            "taker_side": "yes"
        },
        {
            "trade_id": "e5e5c9e9-267c-47af-b217-2f7581a267be",
            "ticker": "KXHIGHDEN-25JAN19-T13",
            "count": 841,
            "created_time": "2025-01-19T17:44:50.530857Z",
            "yes_price": 1,
            "no_price": 99,
            "taker_side": "no"
        },
        {
            "trade_id": "04503cca-e132-4c17-a568-9958786f16dd",
            "ticker": "KXHIGHDEN-25JAN19-T13",
            "count": 500,
            "created_time": "2025-01-19T17:37:34.004846Z",
            "yes_price": 1,
            "no_price": 99,
            "taker_side": "no"
        },
        {
            "trade_id": "c8c27ac4-c27d-4a7e-9569-60dddca1bd53",
            "ticker": "KXHIGHDEN-25JAN19-T13",
            "count": 500,
            "created_time": "2025-01-19T17:37:33.541533Z",
            "yes_price": 1,
            "no_price": 99,
            "taker_side": "no"
        },
        {
            "trade_id": "c2803797-302e-4317-a9bf-aee42b4722b2",
            "ticker": "KXHIGHDEN-25JAN19-T13",
            "count": 50,
            "created_time": "2025-01-19T17:21:53.373701Z",
            "yes_price": 1,
            "no_price": 99,
            "taker_side": "no"
        },
        {
            "trade_id": "25bc7684-a6a0-45c6-a590-5da2dbb5bf4f",
            "ticker": "KXHIGHDEN-25JAN19-T13",
            "count": 2,
            "created_time": "2025-01-19T17:16:22.5728Z",
            "yes_price": 4,
            "no_price": 96,
            "taker_side": "yes"
        },
        {
            "trade_id": "c71dd619-cbd8-4150-978a-e8c1fa56dc67",
            "ticker": "KXHIGHDEN-25JAN19-T13",
            "count": 22,
            "created_time": "2025-01-19T16:55:37.545613Z",
            "yes_price": 1,
            "no_price": 99,
            "taker_side": "no"
        },
        {
            "trade_id": "9d481512-f688-4544-a89a-399a99b6100d",
            "ticker": "KXHIGHDEN-25JAN19-T13",
            "count": 2,
            "created_time": "2025-01-19T16:42:48.659979Z",
            "yes_price": 1,
            "no_price": 99,
            "taker_side": "no"
        },
        {
            "trade_id": "b3903bb1-6d11-4902-aca6-43d3aae4619d",
            "ticker": "KXHIGHDEN-25JAN19-T13",
            "count": 44,
            "created_time": "2025-01-19T16:31:15.897363Z",
            "yes_price": 2,
            "no_price": 98,
            "taker_side": "no"
        },
        {
            "trade_id": "e3209cfc-fb11-41df-a430-9e345d380b31",
            "ticker": "KXHIGHDEN-25JAN19-T13",
            "count": 7,
            "created_time": "2025-01-19T16:28:45.465623Z",
            "yes_price": 2,
            "no_price": 98,
            "taker_side": "no"
        },
        {
            "trade_id": "dbc38db3-90af-45be-8e2c-5c07b95e5255",
            "ticker": "KXHIGHDEN-25JAN19-T13",
            "count": 9,
            "created_time": "2025-01-19T16:28:42.10096Z",
            "yes_price": 2,
            "no_price": 98,
            "taker_side": "no"
        },
        {
            "trade_id": "ecee3cc9-cb7f-49b5-9e85-d7dc3ea943cd",
            "ticker": "KXHIGHDEN-25JAN19-T13",
            "count": 77,
            "created_time": "2025-01-19T16:28:41.07722Z",
            "yes_price": 2,
            "no_price": 98,
            "taker_side": "no"
        },
        {
            "trade_id": "9f9d30a0-adc3-49dd-9637-8dcffe1afb4c",
            "ticker": "KXHIGHDEN-25JAN19-T13",
            "count": 30,
            "created_time": "2025-01-19T16:28:04.636542Z",
            "yes_price": 2,
            "no_price": 98,
            "taker_side": "no"
        },
        {
            "trade_id": "243c2617-1144-4a79-93df-61350e9854e0",
            "ticker": "KXHIGHDEN-25JAN19-T13",
            "count": 50,
            "created_time": "2025-01-19T16:27:49.464271Z",
            "yes_price": 2,
            "no_price": 98,
            "taker_side": "no"
        },
        {
            "trade_id": "8bff2fee-1e04-4725-8537-f5ca9a0232fb",
            "ticker": "KXHIGHDEN-25JAN19-T13",
            "count": 55,
            "created_time": "2025-01-19T16:27:19.402663Z",
            "yes_price": 2,
            "no_price": 98,
            "taker_side": "no"
        },
        {
            "trade_id": "eccc2adf-acf1-43d4-b6ea-148d0937b782",
            "ticker": "KXHIGHDEN-25JAN19-T13",
            "count": 3,
            "created_time": "2025-01-19T16:27:18.246651Z",
            "yes_price": 3,
            "no_price": 97,
            "taker_side": "no"
        },
        {
            "trade_id": "911c569e-a07c-4280-9880-a84bdca3ac36",
            "ticker": "KXHIGHDEN-25JAN19-T13",
            "count": 14,
            "created_time": "2025-01-19T16:12:55.323096Z",
            "yes_price": 3,
            "no_price": 97,
            "taker_side": "no"
        },
        {
            "trade_id": "0abe1216-f032-40a4-b5ad-f249a1157452",
            "ticker": "KXHIGHDEN-25JAN19-T13",
            "count": 27,
            "created_time": "2025-01-19T16:10:54.365648Z",
            "yes_price": 3,
            "no_price": 97,
            "taker_side": "no"
        },
        {
            "trade_id": "23585217-68f0-4a57-96b9-91f5697fdd83",
            "ticker": "KXHIGHDEN-25JAN19-T13",
            "count": 5,
            "created_time": "2025-01-19T16:09:18.533874Z",
            "yes_price": 3,
            "no_price": 97,
            "taker_side": "no"
        },
        {
            "trade_id": "3cc94977-e623-4696-9d62-512e05dac965",
            "ticker": "KXHIGHDEN-25JAN19-T13",
            "count": 1,
            "created_time": "2025-01-19T16:09:17.493661Z",
            "yes_price": 3,
            "no_price": 97,
            "taker_side": "no"
        },
        {
            "trade_id": "300bf852-879f-433a-892d-86f63dacd3cf",
            "ticker": "KXHIGHDEN-25JAN19-T13",
            "count": 49,
            "created_time": "2025-01-19T16:09:17.493661Z",
            "yes_price": 3,
            "no_price": 97,
            "taker_side": "no"
        },
        {
            "trade_id": "8a67bdce-4b9a-4131-97e4-4a86cda4172b",
            "ticker": "KXHIGHDEN-25JAN19-T13",
            "count": 33,
            "created_time": "2025-01-19T16:08:22.254705Z",
            "yes_price": 4,
            "no_price": 96,
            "taker_side": "no"
        },
        {
            "trade_id": "6b897973-5624-4f54-ab65-d95cf2aa1e03",
            "ticker": "KXHIGHDEN-25JAN19-T13",
            "count": 18,
            "created_time": "2025-01-19T16:08:21.070823Z",
            "yes_price": 4,
            "no_price": 96,
            "taker_side": "no"
        },
        {
            "trade_id": "74ed1916-cf4c-4c80-aa98-713dc00dfd79",
            "ticker": "KXHIGHDEN-25JAN19-T13",
            "count": 25,
            "created_time": "2025-01-19T16:07:56.15424Z",
            "yes_price": 2,
            "no_price": 98,
            "taker_side": "no"
        },
        {
            "trade_id": "c6d5c1e9-980f-41d6-9c0e-c0835adfb1fd",
            "ticker": "KXHIGHDEN-25JAN19-T13",
            "count": 25,
            "created_time": "2025-01-19T16:07:55.058359Z",
            "yes_price": 2,
            "no_price": 98,
            "taker_side": "no"
        },
        {
            "trade_id": "7ee55c49-fec7-40f1-a72a-e6848f75e396",
            "ticker": "KXHIGHDEN-25JAN19-T13",
            "count": 3,
            "created_time": "2025-01-19T16:07:27.851418Z",
            "yes_price": 4,
            "no_price": 96,
            "taker_side": "yes"
        },
        {
            "trade_id": "42aa986e-ae05-433c-be59-194f31edc237",
            "ticker": "KXHIGHDEN-25JAN19-T13",
            "count": 50,
            "created_time": "2025-01-19T16:07:27.851418Z",
            "yes_price": 4,
            "no_price": 96,
            "taker_side": "yes"
        },
        {
            "trade_id": "14da0c98-44e2-4483-a218-31deab3237ce",
            "ticker": "KXHIGHDEN-25JAN19-T13",
            "count": 25,
            "created_time": "2025-01-19T16:00:18.850961Z",
            "yes_price": 2,
            "no_price": 98,
            "taker_side": "no"
        },
        {
            "trade_id": "7c25be4b-db4b-40fe-b823-02609ceb00b8",
            "ticker": "KXHIGHDEN-25JAN19-T13",
            "count": 53,
            "created_time": "2025-01-19T15:59:15.795846Z",
            "yes_price": 2,
            "no_price": 98,
            "taker_side": "no"
        },
        {
            "trade_id": "bf99854a-1c91-4bd2-ba63-bf8c8755e73f",
            "ticker": "KXHIGHDEN-25JAN19-T13",
            "count": 6,
            "created_time": "2025-01-19T15:55:49.244523Z",
            "yes_price": 2,
            "no_price": 98,
            "taker_side": "no"
        },
        {
            "trade_id": "1683e03c-a648-4a25-adb2-e98c9edc4388",
            "ticker": "KXHIGHDEN-25JAN19-T13",
            "count": 45,
            "created_time": "2025-01-19T15:51:57.823515Z",
            "yes_price": 2,
            "no_price": 98,
            "taker_side": "no"
        },
        {
            "trade_id": "0cb94573-7004-4dc2-a66b-d1dcfc47aee6",
            "ticker": "KXHIGHDEN-25JAN19-T13",
            "count": 60,
            "created_time": "2025-01-19T15:51:36.703545Z",
            "yes_price": 2,
            "no_price": 98,
            "taker_side": "no"
        },
        {
            "trade_id": "eddc158c-43e2-41f8-8c4e-af72fbd8591e",
            "ticker": "KXHIGHDEN-25JAN19-T13",
            "count": 130,
            "created_time": "2025-01-19T15:51:35.603595Z",
            "yes_price": 3,
            "no_price": 97,
            "taker_side": "yes"
        },
        {
            "trade_id": "264d7e21-d275-4d47-b942-6ee8899cdfef",
            "ticker": "KXHIGHDEN-25JAN19-T13",
            "count": 25,
            "created_time": "2025-01-19T15:51:35.603595Z",
            "yes_price": 3,
            "no_price": 97,
            "taker_side": "yes"
        },
        {
            "trade_id": "4d62ae7f-041a-4081-829a-6766bcd3152d",
            "ticker": "KXHIGHDEN-25JAN19-T13",
            "count": 40,
            "created_time": "2025-01-19T15:51:04.811078Z",
            "yes_price": 2,
            "no_price": 98,
            "taker_side": "no"
        },
        {
            "trade_id": "c9bff351-a1e4-4091-933d-bb0ef2b55e04",
            "ticker": "KXHIGHDEN-25JAN19-T13",
            "count": 108,
            "created_time": "2025-01-19T15:50:19.697637Z",
            "yes_price": 2,
            "no_price": 98,
            "taker_side": "no"
        },
        {
            "trade_id": "1e2dbd31-4fd5-4cb3-92e4-fc7a5cd824ff",
            "ticker": "KXHIGHDEN-25JAN19-T13",
            "count": 338,
            "created_time": "2025-01-19T15:49:05.77974Z",
            "yes_price": 2,
            "no_price": 98,
            "taker_side": "no"
        },
        {
            "trade_id": "86c28de8-a04e-4029-9908-d0791bd60316",
            "ticker": "KXHIGHDEN-25JAN19-T13",
            "count": 1018,
            "created_time": "2025-01-19T15:43:46.419405Z",
            "yes_price": 2,
            "no_price": 98,
            "taker_side": "no"
        },
        {
            "trade_id": "f3b4188d-c607-4b42-8ce9-8d7ab3528810",
            "ticker": "KXHIGHDEN-25JAN19-T13",
            "count": 11,
            "created_time": "2025-01-19T15:08:54.199804Z",
            "yes_price": 1,
            "no_price": 99,
            "taker_side": "no"
        },
        {
            "trade_id": "a5210592-eeb0-44e5-9692-4afd0fae7323",
            "ticker": "KXHIGHDEN-25JAN19-T13",
            "count": 40,
            "created_time": "2025-01-19T13:50:46.492861Z",
            "yes_price": 1,
            "no_price": 99,
            "taker_side": "no"
        },
        {
            "trade_id": "af312f76-e9ea-45d2-a465-1d777456665a",
            "ticker": "KXHIGHDEN-25JAN19-T13",
            "count": 9,
            "created_time": "2025-01-19T13:17:40.621698Z",
            "yes_price": 1,
            "no_price": 99,
            "taker_side": "no"
        },
        {
            "trade_id": "9798fec8-a7b8-4704-8a47-60513ac89fe2",
            "ticker": "KXHIGHDEN-25JAN19-T13",
            "count": 500,
            "created_time": "2025-01-19T13:17:40.621698Z",
            "yes_price": 2,
            "no_price": 98,
            "taker_side": "no"
        },
        {
            "trade_id": "ce1e02d6-7d76-48f4-ba56-41cf093f46bf",
            "ticker": "KXHIGHDEN-25JAN19-T13",
            "count": 25,
            "created_time": "2025-01-19T07:58:48.450198Z",
            "yes_price": 1,
            "no_price": 99,
            "taker_side": "no"
        },
        {
            "trade_id": "ebefd2d8-d66c-4e1a-8854-803dfbb6c6c7",
            "ticker": "KXHIGHDEN-25JAN19-T13",
            "count": 56,
            "created_time": "2025-01-18T21:04:41.427356Z",
            "yes_price": 5,
            "no_price": 95,
            "taker_side": "yes"
        }
    ],
    "KXHIGHDEN-25JAN19-B13.5": [
        {
            "trade_id": "9534019e-7baf-4086-ab1e-696f263ca8b8",
            "ticker": "KXHIGHDEN-25JAN19-B13.5",
            "count": 1,
            "created_time": "2025-01-20T00:33:08.130766Z",
            "yes_price": 1,
            "no_price": 99,
            "taker_side": "yes"
        },
        {
            "trade_id": "1edd80ac-c1d1-4308-b027-8e7f3a5e4c02",
            "ticker": "KXHIGHDEN-25JAN19-B13.5",
            "count": 2,
            "created_time": "2025-01-19T18:22:18.718592Z",
            "yes_price": 1,
            "no_price": 99,
            "taker_side": "yes"
        },
        {
            "trade_id": "85e98b74-c1bf-4097-bb86-898f660ac3aa",
            "ticker": "KXHIGHDEN-25JAN19-B13.5",
            "count": 34,
            "created_time": "2025-01-19T17:48:05.325433Z",
            "yes_price": 1,
            "no_price": 99,
            "taker_side": "no"
        },
        {
            "trade_id": "62d44bf3-eca8-4853-a39a-78bb6f26435c",
            "ticker": "KXHIGHDEN-25JAN19-B13.5",
            "count": 110,
            "created_time": "2025-01-19T17:48:05.325433Z",
            "yes_price": 1,
            "no_price": 99,
            "taker_side": "no"
        },
        {
            "trade_id": "dc109ae3-8d4d-4c39-8496-9e9256161066",
            "ticker": "KXHIGHDEN-25JAN19-B13.5",
            "count": 1,
            "created_time": "2025-01-19T17:37:35.527852Z",
            "yes_price": 3,
            "no_price": 97,
            "taker_side": "no"
        },
        {
            "trade_id": "ab5a856b-a87a-45ab-bf71-495b0c006f7f",
            "ticker": "KXHIGHDEN-25JAN19-B13.5",
            "count": 500,
            "created_time": "2025-01-19T17:37:35.301693Z",
            "yes_price": 3,
            "no_price": 97,
            "taker_side": "no"
        },
        {
            "trade_id": "d40b584d-6d01-49f9-b262-b23e8e072475",
            "ticker": "KXHIGHDEN-25JAN19-B13.5",
            "count": 1,
            "created_time": "2025-01-19T17:37:33.589538Z",
            "yes_price": 3,
            "no_price": 97,
            "taker_side": "no"
        },
        {
            "trade_id": "9ddbbe30-ca35-4077-9525-0df442dbe6f5",
            "ticker": "KXHIGHDEN-25JAN19-B13.5",
            "count": 1,
            "created_time": "2025-01-19T17:37:31.834064Z",
            "yes_price": 3,
            "no_price": 97,
            "taker_side": "no"
        },
        {
            "trade_id": "9a8ba669-3134-44ae-915d-2c60acc16b03",
            "ticker": "KXHIGHDEN-25JAN19-B13.5",
            "count": 1,
            "created_time": "2025-01-19T17:37:30.251603Z",
            "yes_price": 3,
            "no_price": 97,
            "taker_side": "no"
        },
        {
            "trade_id": "f7671de7-c50f-4225-a0ea-a64d5c7b312d",
            "ticker": "KXHIGHDEN-25JAN19-B13.5",
            "count": 1,
            "created_time": "2025-01-19T17:37:28.309338Z",
            "yes_price": 3,
            "no_price": 97,
            "taker_side": "no"
        },
        {
            "trade_id": "1d1583e4-c5fd-4a96-8954-fff9e75acbf0",
            "ticker": "KXHIGHDEN-25JAN19-B13.5",
            "count": 1,
            "created_time": "2025-01-19T17:37:26.492797Z",
            "yes_price": 3,
            "no_price": 97,
            "taker_side": "no"
        },
        {
            "trade_id": "19d365f2-65fe-4874-b147-9b8ad1848d6a",
            "ticker": "KXHIGHDEN-25JAN19-B13.5",
            "count": 1,
            "created_time": "2025-01-19T17:37:24.423855Z",
            "yes_price": 3,
            "no_price": 97,
            "taker_side": "no"
        },
        {
            "trade_id": "1d884013-c773-45d7-b069-709c1fabd1ef",
            "ticker": "KXHIGHDEN-25JAN19-B13.5",
            "count": 1,
            "created_time": "2025-01-19T17:37:22.40511Z",
            "yes_price": 3,
            "no_price": 97,
            "taker_side": "no"
        },
        {
            "trade_id": "8cf64c75-4f57-45ee-b7f2-4e24e1edba8f",
            "ticker": "KXHIGHDEN-25JAN19-B13.5",
            "count": 1,
            "created_time": "2025-01-19T17:37:20.237509Z",
            "yes_price": 3,
            "no_price": 97,
            "taker_side": "no"
        },
        {
            "trade_id": "4b53f2e4-c09b-4ff7-a066-fb7c6d90dd3d",
            "ticker": "KXHIGHDEN-25JAN19-B13.5",
            "count": 1,
            "created_time": "2025-01-19T17:37:18.636453Z",
            "yes_price": 3,
            "no_price": 97,
            "taker_side": "no"
        },
        {
            "trade_id": "66ad5ffd-c887-4e4b-97a4-7559b3c0bd14",
            "ticker": "KXHIGHDEN-25JAN19-B13.5",
            "count": 1,
            "created_time": "2025-01-19T17:37:17.082702Z",
            "yes_price": 3,
            "no_price": 97,
            "taker_side": "no"
        },
        {
            "trade_id": "13a81359-8630-4286-a13a-115022d301a3",
            "ticker": "KXHIGHDEN-25JAN19-B13.5",
            "count": 1,
            "created_time": "2025-01-19T17:37:15.394846Z",
            "yes_price": 3,
            "no_price": 97,
            "taker_side": "no"
        },
        {
            "trade_id": "26ff4f72-24f5-48dd-b776-de3ac4dd8243",
            "ticker": "KXHIGHDEN-25JAN19-B13.5",
            "count": 1,
            "created_time": "2025-01-19T17:37:13.36642Z",
            "yes_price": 3,
            "no_price": 97,
            "taker_side": "no"
        },
        {
            "trade_id": "49c8baa9-949a-4c76-ac3e-15e1fd64a9b2",
            "ticker": "KXHIGHDEN-25JAN19-B13.5",
            "count": 1,
            "created_time": "2025-01-19T17:37:11.472505Z",
            "yes_price": 3,
            "no_price": 97,
            "taker_side": "no"
        },
        {
            "trade_id": "800e010d-d007-4313-b762-4ca9ab5ffa42",
            "ticker": "KXHIGHDEN-25JAN19-B13.5",
            "count": 1,
            "created_time": "2025-01-19T17:37:07.62538Z",
            "yes_price": 3,
            "no_price": 97,
            "taker_side": "no"
        },
        {
            "trade_id": "46f92949-0fa1-4532-b931-4f8dfa79325b",
            "ticker": "KXHIGHDEN-25JAN19-B13.5",
            "count": 2,
            "created_time": "2025-01-19T17:36:59.214648Z",
            "yes_price": 3,
            "no_price": 97,
            "taker_side": "no"
        },
        {
            "trade_id": "b467ce24-e9aa-4202-b847-9e84b5afe050",
            "ticker": "KXHIGHDEN-25JAN19-B13.5",
            "count": 2,
            "created_time": "2025-01-19T17:36:57.493539Z",
            "yes_price": 3,
            "no_price": 97,
            "taker_side": "no"
        },
        {
            "trade_id": "a9806e18-afe1-4fa6-9734-97d11a9a030c",
            "ticker": "KXHIGHDEN-25JAN19-B13.5",
            "count": 2,
            "created_time": "2025-01-19T17:36:55.790992Z",
            "yes_price": 3,
            "no_price": 97,
            "taker_side": "no"
        },
        {
            "trade_id": "c0a8bc86-082b-4fff-aef1-3df6655eb55b",
            "ticker": "KXHIGHDEN-25JAN19-B13.5",
            "count": 2,
            "created_time": "2025-01-19T17:36:54.181688Z",
            "yes_price": 3,
            "no_price": 97,
            "taker_side": "no"
        },
        {
            "trade_id": "ba7a3963-5026-4982-b230-ab3dd10744a2",
            "ticker": "KXHIGHDEN-25JAN19-B13.5",
            "count": 2,
            "created_time": "2025-01-19T17:36:52.360802Z",
            "yes_price": 3,
            "no_price": 97,
            "taker_side": "no"
        },
        {
            "trade_id": "bb775b04-c62d-42d0-9d41-85ec29e625b1",
            "ticker": "KXHIGHDEN-25JAN19-B13.5",
            "count": 2,
            "created_time": "2025-01-19T17:36:50.626547Z",
            "yes_price": 3,
            "no_price": 97,
            "taker_side": "no"
        },
        {
            "trade_id": "d3cb1ed4-9a38-4500-94b0-27a56b05b995",
            "ticker": "KXHIGHDEN-25JAN19-B13.5",
            "count": 2,
            "created_time": "2025-01-19T17:36:49.008163Z",
            "yes_price": 3,
            "no_price": 97,
            "taker_side": "no"
        },
        {
            "trade_id": "03a01710-56a5-4689-bf44-0712aae2041b",
            "ticker": "KXHIGHDEN-25JAN19-B13.5",
            "count": 2,
            "created_time": "2025-01-19T17:36:47.282237Z",
            "yes_price": 3,
            "no_price": 97,
            "taker_side": "no"
        },
        {
            "trade_id": "cc9d47d0-883a-4e0c-afdc-01f51d50ac0f",
            "ticker": "KXHIGHDEN-25JAN19-B13.5",
            "count": 2,
            "created_time": "2025-01-19T17:36:45.403371Z",
            "yes_price": 3,
            "no_price": 97,
            "taker_side": "no"
        },
        {
            "trade_id": "e1755516-b32f-4465-b058-b7cbb0050bee",
            "ticker": "KXHIGHDEN-25JAN19-B13.5",
            "count": 2,
            "created_time": "2025-01-19T17:36:43.413004Z",
            "yes_price": 3,
            "no_price": 97,
            "taker_side": "no"
        },
        {
            "trade_id": "b57e2b74-d5c8-4808-b1fd-cc2f365ace79",
            "ticker": "KXHIGHDEN-25JAN19-B13.5",
            "count": 3,
            "created_time": "2025-01-19T17:36:40.210622Z",
            "yes_price": 3,
            "no_price": 97,
            "taker_side": "no"
        },
        {
            "trade_id": "8eb3e377-6793-472d-9311-b0b5fb48a826",
            "ticker": "KXHIGHDEN-25JAN19-B13.5",
            "count": 3,
            "created_time": "2025-01-19T17:36:37.604317Z",
            "yes_price": 3,
            "no_price": 97,
            "taker_side": "no"
        },
        {
            "trade_id": "51b396fa-f62b-494f-96ae-65d729c2a472",
            "ticker": "KXHIGHDEN-25JAN19-B13.5",
            "count": 3,
            "created_time": "2025-01-19T17:36:35.613399Z",
            "yes_price": 3,
            "no_price": 97,
            "taker_side": "no"
        },
        {
            "trade_id": "289cee3e-9247-4444-b99d-81aa1fccc4bf",
            "ticker": "KXHIGHDEN-25JAN19-B13.5",
            "count": 4,
            "created_time": "2025-01-19T17:36:33.404128Z",
            "yes_price": 3,
            "no_price": 97,
            "taker_side": "no"
        },
        {
            "trade_id": "13d83ca8-fba4-4e2c-a93f-345ecd0637c3",
            "ticker": "KXHIGHDEN-25JAN19-B13.5",
            "count": 2,
            "created_time": "2025-01-19T17:36:15.223865Z",
            "yes_price": 3,
            "no_price": 97,
            "taker_side": "no"
        },
        {
            "trade_id": "7978b5b3-236c-43d9-90db-8eb76e869f2f",
            "ticker": "KXHIGHDEN-25JAN19-B13.5",
            "count": 3,
            "created_time": "2025-01-19T17:36:11.653481Z",
            "yes_price": 3,
            "no_price": 97,
            "taker_side": "no"
        },
        {
            "trade_id": "b0aa29a1-0141-4303-ad20-3c94ff8260c4",
            "ticker": "KXHIGHDEN-25JAN19-B13.5",
            "count": 6,
            "created_time": "2025-01-19T17:36:05.095829Z",
            "yes_price": 3,
            "no_price": 97,
            "taker_side": "no"
        },
        {
            "trade_id": "5a521d30-150d-4158-9031-65274b1e9c57",
            "ticker": "KXHIGHDEN-25JAN19-B13.5",
            "count": 21,
            "created_time": "2025-01-19T17:35:51.156468Z",
            "yes_price": 3,
            "no_price": 97,
            "taker_side": "no"
        },
        {
            "trade_id": "1e2a403a-40f7-4d3d-a470-16f3b49f267e",
            "ticker": "KXHIGHDEN-25JAN19-B13.5",
            "count": 5,
            "created_time": "2025-01-19T17:30:51.317607Z",
            "yes_price": 3,
            "no_price": 97,
            "taker_side": "no"
        },
        {
            "trade_id": "137223d1-7247-4d57-acdc-f45a73635b92",
            "ticker": "KXHIGHDEN-25JAN19-B13.5",
            "count": 25,
            "created_time": "2025-01-19T17:30:02.829055Z",
            "yes_price": 3,
            "no_price": 97,
            "taker_side": "yes"
        },
        {
            "trade_id": "df3ad8a0-d273-470a-a6ce-bd65237f2ec6",
            "ticker": "KXHIGHDEN-25JAN19-B13.5",
            "count": 93,
            "created_time": "2025-01-19T17:24:11.147061Z",
            "yes_price": 1,
            "no_price": 99,
            "taker_side": "no"
        },
        {
            "trade_id": "cbd24239-2f0c-45a8-bf8d-3896acbe9640",
            "ticker": "KXHIGHDEN-25JAN19-B13.5",
            "count": 35,
            "created_time": "2025-01-19T17:22:13.838315Z",
            "yes_price": 1,
            "no_price": 99,
            "taker_side": "no"
        },
        {
            "trade_id": "7183962d-6b47-4225-8971-1f33e3dd88b6",
            "ticker": "KXHIGHDEN-25JAN19-B13.5",
            "count": 22,
            "created_time": "2025-01-19T16:55:37.547181Z",
            "yes_price": 4,
            "no_price": 96,
            "taker_side": "no"
        },
        {
            "trade_id": "fa063a9b-e47e-4b7d-8197-81c00cf361dd",
            "ticker": "KXHIGHDEN-25JAN19-B13.5",
            "count": 2,
            "created_time": "2025-01-19T16:42:48.663749Z",
            "yes_price": 4,
            "no_price": 96,
            "taker_side": "no"
        },
        {
            "trade_id": "d930084f-8ce9-4686-8f5f-39b3615b08a4",
            "ticker": "KXHIGHDEN-25JAN19-B13.5",
            "count": 3,
            "created_time": "2025-01-19T16:37:58.916515Z",
            "yes_price": 4,
            "no_price": 96,
            "taker_side": "yes"
        },
        {
            "trade_id": "55a73418-c0c5-4df8-91e5-a0ab62555fc1",
            "ticker": "KXHIGHDEN-25JAN19-B13.5",
            "count": 25,
            "created_time": "2025-01-19T16:37:58.916515Z",
            "yes_price": 4,
            "no_price": 96,
            "taker_side": "yes"
        },
        {
            "trade_id": "ddda6d53-14ad-4cc3-a2f9-4d612814d8f0",
            "ticker": "KXHIGHDEN-25JAN19-B13.5",
            "count": 2,
            "created_time": "2025-01-19T16:37:45.820416Z",
            "yes_price": 3,
            "no_price": 97,
            "taker_side": "no"
        },
        {
            "trade_id": "e4dfd89e-18ae-4045-bb4d-5a1b7c0ad25b",
            "ticker": "KXHIGHDEN-25JAN19-B13.5",
            "count": 110,
            "created_time": "2025-01-19T16:34:19.462362Z",
            "yes_price": 3,
            "no_price": 97,
            "taker_side": "no"
        },
        {
            "trade_id": "635db0da-7442-450d-a58d-95d178b12ba7",
            "ticker": "KXHIGHDEN-25JAN19-B13.5",
            "count": 44,
            "created_time": "2025-01-19T16:31:15.749643Z",
            "yes_price": 3,
            "no_price": 97,
            "taker_side": "no"
        },
        {
            "trade_id": "c22df355-5f86-4de1-8720-a7c601e834f2",
            "ticker": "KXHIGHDEN-25JAN19-B13.5",
            "count": 7,
            "created_time": "2025-01-19T16:28:45.592082Z",
            "yes_price": 3,
            "no_price": 97,
            "taker_side": "no"
        },
        {
            "trade_id": "facd3ad7-a64a-4375-9ee2-1382898a33e3",
            "ticker": "KXHIGHDEN-25JAN19-B13.5",
            "count": 9,
            "created_time": "2025-01-19T16:28:42.268649Z",
            "yes_price": 3,
            "no_price": 97,
            "taker_side": "no"
        },
        {
            "trade_id": "07279330-d307-4e65-9ddd-2fbaa3d6eb13",
            "ticker": "KXHIGHDEN-25JAN19-B13.5",
            "count": 77,
            "created_time": "2025-01-19T16:28:41.077851Z",
            "yes_price": 3,
            "no_price": 97,
            "taker_side": "no"
        },
        {
            "trade_id": "f6cb34b4-422d-4349-afe6-6d8394afa70d",
            "ticker": "KXHIGHDEN-25JAN19-B13.5",
            "count": 30,
            "created_time": "2025-01-19T16:28:04.715206Z",
            "yes_price": 3,
            "no_price": 97,
            "taker_side": "no"
        },
        {
            "trade_id": "14cbda7b-4b95-4805-9c32-da433d9a62c1",
            "ticker": "KXHIGHDEN-25JAN19-B13.5",
            "count": 50,
            "created_time": "2025-01-19T16:27:49.465847Z",
            "yes_price": 3,
            "no_price": 97,
            "taker_side": "no"
        },
        {
            "trade_id": "dc2076ee-68ce-4bfa-93c4-5a765f39f98d",
            "ticker": "KXHIGHDEN-25JAN19-B13.5",
            "count": 55,
            "created_time": "2025-01-19T16:27:19.402184Z",
            "yes_price": 3,
            "no_price": 97,
            "taker_side": "no"
        },
        {
            "trade_id": "1a794100-8512-431a-94ed-b37880678ea8",
            "ticker": "KXHIGHDEN-25JAN19-B13.5",
            "count": 3,
            "created_time": "2025-01-19T16:27:18.330434Z",
            "yes_price": 3,
            "no_price": 97,
            "taker_side": "no"
        },
        {
            "trade_id": "d253a1e4-4f7b-4bfe-a0ac-158c479e73d4",
            "ticker": "KXHIGHDEN-25JAN19-B13.5",
            "count": 14,
            "created_time": "2025-01-19T16:12:55.322361Z",
            "yes_price": 2,
            "no_price": 98,
            "taker_side": "no"
        },
        {
            "trade_id": "1c625e2a-ac39-48ca-8c5a-a5f9bc0910c5",
            "ticker": "KXHIGHDEN-25JAN19-B13.5",
            "count": 27,
            "created_time": "2025-01-19T16:10:54.364697Z",
            "yes_price": 2,
            "no_price": 98,
            "taker_side": "no"
        },
        {
            "trade_id": "227541ae-ce0f-40ab-ae0b-a39136efddbf",
            "ticker": "KXHIGHDEN-25JAN19-B13.5",
            "count": 5,
            "created_time": "2025-01-19T16:09:18.624529Z",
            "yes_price": 2,
            "no_price": 98,
            "taker_side": "no"
        },
        {
            "trade_id": "d87a55d0-57d9-46d7-80f6-c3eb21cc14f2",
            "ticker": "KXHIGHDEN-25JAN19-B13.5",
            "count": 50,
            "created_time": "2025-01-19T16:09:17.483187Z",
            "yes_price": 2,
            "no_price": 98,
            "taker_side": "no"
        },
        {
            "trade_id": "572e9f16-3bd4-4347-871f-53860df81813",
            "ticker": "KXHIGHDEN-25JAN19-B13.5",
            "count": 33,
            "created_time": "2025-01-19T16:08:22.254188Z",
            "yes_price": 2,
            "no_price": 98,
            "taker_side": "no"
        },
        {
            "trade_id": "446376af-ae25-4b33-833a-7b187a0c548e",
            "ticker": "KXHIGHDEN-25JAN19-B13.5",
            "count": 18,
            "created_time": "2025-01-19T16:08:21.069251Z",
            "yes_price": 2,
            "no_price": 98,
            "taker_side": "no"
        },
        {
            "trade_id": "aaaf77e1-49db-4f53-9af8-4d1242a51aed",
            "ticker": "KXHIGHDEN-25JAN19-B13.5",
            "count": 25,
            "created_time": "2025-01-19T16:07:56.155717Z",
            "yes_price": 2,
            "no_price": 98,
            "taker_side": "no"
        },
        {
            "trade_id": "42f45227-8731-4e09-a0c4-9d9a95da2a41",
            "ticker": "KXHIGHDEN-25JAN19-B13.5",
            "count": 25,
            "created_time": "2025-01-19T16:07:55.057538Z",
            "yes_price": 2,
            "no_price": 98,
            "taker_side": "no"
        },
        {
            "trade_id": "6c19f3e4-afbc-46e5-80e5-b49404ae80bc",
            "ticker": "KXHIGHDEN-25JAN19-B13.5",
            "count": 25,
            "created_time": "2025-01-19T16:00:18.846548Z",
            "yes_price": 2,
            "no_price": 98,
            "taker_side": "no"
        },
        {
            "trade_id": "114f1dda-6cda-4d89-82fa-87a4992045de",
            "ticker": "KXHIGHDEN-25JAN19-B13.5",
            "count": 20,
            "created_time": "2025-01-19T16:00:13.341548Z",
            "yes_price": 2,
            "no_price": 98,
            "taker_side": "no"
        },
        {
            "trade_id": "6ae1de34-896f-446b-97f4-bdc3694968e7",
            "ticker": "KXHIGHDEN-25JAN19-B13.5",
            "count": 53,
            "created_time": "2025-01-19T15:59:15.794197Z",
            "yes_price": 2,
            "no_price": 98,
            "taker_side": "no"
        },
        {
            "trade_id": "c4cf6bbb-216e-4583-b0b9-d6595b47e4c9",
            "ticker": "KXHIGHDEN-25JAN19-B13.5",
            "count": 6,
            "created_time": "2025-01-19T15:55:49.243492Z",
            "yes_price": 2,
            "no_price": 98,
            "taker_side": "no"
        },
        {
            "trade_id": "b28c0a4a-6b07-4358-8779-00ed628350f2",
            "ticker": "KXHIGHDEN-25JAN19-B13.5",
            "count": 45,
            "created_time": "2025-01-19T15:51:57.715612Z",
            "yes_price": 2,
            "no_price": 98,
            "taker_side": "no"
        },
        {
            "trade_id": "d2439f30-06fc-4bc3-b3c5-4a17bcb5cf80",
            "ticker": "KXHIGHDEN-25JAN19-B13.5",
            "count": 60,
            "created_time": "2025-01-19T15:51:36.705287Z",
            "yes_price": 2,
            "no_price": 98,
            "taker_side": "no"
        },
        {
            "trade_id": "89989201-a5d4-4cb0-b9c4-5e400fea03fd",
            "ticker": "KXHIGHDEN-25JAN19-B13.5",
            "count": 40,
            "created_time": "2025-01-19T15:51:04.814106Z",
            "yes_price": 2,
            "no_price": 98,
            "taker_side": "no"
        },
        {
            "trade_id": "8d07c15f-f068-4fc7-a02c-c29aa00d9986",
            "ticker": "KXHIGHDEN-25JAN19-B13.5",
            "count": 108,
            "created_time": "2025-01-19T15:50:19.701495Z",
            "yes_price": 2,
            "no_price": 98,
            "taker_side": "no"
        },
        {
            "trade_id": "42e636f9-855e-414e-b514-a41e270124e7",
            "ticker": "KXHIGHDEN-25JAN19-B13.5",
            "count": 203,
            "created_time": "2025-01-19T15:44:07.172833Z",
            "yes_price": 2,
            "no_price": 98,
            "taker_side": "no"
        },
        {
            "trade_id": "7d06d564-41dd-415f-a251-3c95f956234b",
            "ticker": "KXHIGHDEN-25JAN19-B13.5",
            "count": 11,
            "created_time": "2025-01-19T15:08:42.666412Z",
            "yes_price": 1,
            "no_price": 99,
            "taker_side": "no"
        },
        {
            "trade_id": "0d286e50-1774-4b8c-94d3-fdb1753b0067",
            "ticker": "KXHIGHDEN-25JAN19-B13.5",
            "count": 500,
            "created_time": "2025-01-19T13:38:56.095331Z",
            "yes_price": 2,
            "no_price": 98,
            "taker_side": "no"
        },
        {
            "trade_id": "497753ed-d7b2-4758-a9dc-62e821b0b8b1",
            "ticker": "KXHIGHDEN-25JAN19-B13.5",
            "count": 25,
            "created_time": "2025-01-19T07:58:48.46004Z",
            "yes_price": 1,
            "no_price": 99,
            "taker_side": "no"
        },
        {
            "trade_id": "7bdfc405-7b0f-4dc9-ad74-aa42555a5e1f",
            "ticker": "KXHIGHDEN-25JAN19-B13.5",
            "count": 2,
            "created_time": "2025-01-19T03:31:48.338321Z",
            "yes_price": 1,
            "no_price": 99,
            "taker_side": "no"
        },
        {
            "trade_id": "d60de0f6-71b2-4728-883b-e436212ffe9d",
            "ticker": "KXHIGHDEN-25JAN19-B13.5",
            "count": 93,
            "created_time": "2025-01-18T17:08:37.448877Z",
            "yes_price": 5,
            "no_price": 95,
            "taker_side": "yes"
        },
        {
            "trade_id": "4fc765ad-8199-467c-9757-7aa15752eb21",
            "ticker": "KXHIGHDEN-25JAN19-B13.5",
            "count": 2,
            "created_time": "2025-01-18T17:05:32.913755Z",
            "yes_price": 5,
            "no_price": 95,
            "taker_side": "yes"
        }
    ],
    "KXHIGHDEN-25JAN19-B15.5": [
        {
            "trade_id": "f3fc03bd-3b78-4885-8927-29ac0a0444d6",
            "ticker": "KXHIGHDEN-25JAN19-B15.5",
            "count": 675,
            "created_time": "2025-01-20T06:05:42.711612Z",
            "yes_price": 1,
            "no_price": 99,
            "taker_side": "yes"
        },
        {
            "trade_id": "84a8c4d1-ea93-4435-af53-3851361b8e13",
            "ticker": "KXHIGHDEN-25JAN19-B15.5",
            "count": 652,
            "created_time": "2025-01-20T06:05:42.711612Z",
            "yes_price": 1,
            "no_price": 99,
            "taker_side": "yes"
        },
        {
            "trade_id": "7a22c7d2-9019-4ecd-af20-7f7edd05e369",
            "ticker": "KXHIGHDEN-25JAN19-B15.5",
            "count": 516,
            "created_time": "2025-01-20T06:05:42.711612Z",
            "yes_price": 1,
            "no_price": 99,
            "taker_side": "yes"
        },
        {
            "trade_id": "42a0b085-9a1c-47b2-9e96-5c99d469be78",
            "ticker": "KXHIGHDEN-25JAN19-B15.5",
            "count": 5,
            "created_time": "2025-01-20T00:33:15.784484Z",
            "yes_price": 1,
            "no_price": 99,
            "taker_side": "yes"
        },
        {
            "trade_id": "ee9cc42b-0ca4-46ea-aced-281d180b9be6",
            "ticker": "KXHIGHDEN-25JAN19-B15.5",
            "count": 1,
            "created_time": "2025-01-19T22:31:52.065959Z",
            "yes_price": 1,
            "no_price": 99,
            "taker_side": "yes"
        },
        {
            "trade_id": "8c31ee06-963a-46fc-bba8-f93d40e72ec6",
            "ticker": "KXHIGHDEN-25JAN19-B15.5",
            "count": 839,
            "created_time": "2025-01-19T20:31:01.786249Z",
            "yes_price": 1,
            "no_price": 99,
            "taker_side": "yes"
        },
        {
            "trade_id": "70735bd7-fc86-4ae6-986f-77fc06c3f222",
            "ticker": "KXHIGHDEN-25JAN19-B15.5",
            "count": 42,
            "created_time": "2025-01-19T19:53:54.551338Z",
            "yes_price": 1,
            "no_price": 99,
            "taker_side": "yes"
        },
        {
            "trade_id": "97ad54b3-51f9-48c3-aac9-5d9d0164b031",
            "ticker": "KXHIGHDEN-25JAN19-B15.5",
            "count": 14,
            "created_time": "2025-01-19T18:15:23.713881Z",
            "yes_price": 1,
            "no_price": 99,
            "taker_side": "no"
        },
        {
            "trade_id": "0cfcbaf6-11e6-4743-b5a9-a04aa0ee90c6",
            "ticker": "KXHIGHDEN-25JAN19-B15.5",
            "count": 40,
            "created_time": "2025-01-19T18:15:23.713881Z",
            "yes_price": 1,
            "no_price": 99,
            "taker_side": "no"
        },
        {
            "trade_id": "fcbc9614-ffee-49c5-b808-09b2a95bf4d8",
            "ticker": "KXHIGHDEN-25JAN19-B15.5",
            "count": 40,
            "created_time": "2025-01-19T18:07:19.873215Z",
            "yes_price": 1,
            "no_price": 99,
            "taker_side": "no"
        },
        {
            "trade_id": "a8dac360-6ffc-49ca-a722-bf27cc1dbe2a",
            "ticker": "KXHIGHDEN-25JAN19-B15.5",
            "count": 578,
            "created_time": "2025-01-19T18:01:23.603864Z",
            "yes_price": 6,
            "no_price": 94,
            "taker_side": "yes"
        },
        {
            "trade_id": "52b75945-a081-4825-95ce-0be63a1bf7c4",
            "ticker": "KXHIGHDEN-25JAN19-B15.5",
            "count": 104,
            "created_time": "2025-01-19T18:01:23.603864Z",
            "yes_price": 5,
            "no_price": 95,
            "taker_side": "yes"
        },
        {
            "trade_id": "a14052fb-f067-4f4d-a338-7b47720157de",
            "ticker": "KXHIGHDEN-25JAN19-B15.5",
            "count": 119,
            "created_time": "2025-01-19T18:01:08.532762Z",
            "yes_price": 1,
            "no_price": 99,
            "taker_side": "yes"
        },
        {
            "trade_id": "12b44ea0-0cbf-46e5-8b7d-a290efb39d58",
            "ticker": "KXHIGHDEN-25JAN19-B15.5",
            "count": 40,
            "created_time": "2025-01-19T18:00:21.128939Z",
            "yes_price": 1,
            "no_price": 99,
            "taker_side": "yes"
        },
        {
            "trade_id": "418ebd90-1c91-4e67-952f-0508930e41a6",
            "ticker": "KXHIGHDEN-25JAN19-B15.5",
            "count": 1,
            "created_time": "2025-01-19T17:56:28.684006Z",
            "yes_price": 2,
            "no_price": 98,
            "taker_side": "no"
        },
        {
            "trade_id": "283771d7-6a23-4c2d-8501-2600e87387ca",
            "ticker": "KXHIGHDEN-25JAN19-B15.5",
            "count": 40,
            "created_time": "2025-01-19T17:56:28.684006Z",
            "yes_price": 1,
            "no_price": 99,
            "taker_side": "no"
        },
        {
            "trade_id": "59142a1e-5c58-4a34-98c3-483589b3e614",
            "ticker": "KXHIGHDEN-25JAN19-B15.5",
            "count": 4,
            "created_time": "2025-01-19T17:47:08.341478Z",
            "yes_price": 8,
            "no_price": 92,
            "taker_side": "no"
        },
        {
            "trade_id": "99a8543c-5140-4637-9b01-271644810313",
            "ticker": "KXHIGHDEN-25JAN19-B15.5",
            "count": 111,
            "created_time": "2025-01-19T17:45:58.632643Z",
            "yes_price": 10,
            "no_price": 90,
            "taker_side": "no"
        },
        {
            "trade_id": "f7376f7e-4df5-4b89-a3f8-fcc092512a70",
            "ticker": "KXHIGHDEN-25JAN19-B15.5",
            "count": 300,
            "created_time": "2025-01-19T17:38:54.495173Z",
            "yes_price": 10,
            "no_price": 90,
            "taker_side": "no"
        },
        {
            "trade_id": "7e9d165d-f913-43b8-9ae7-72012498d141",
            "ticker": "KXHIGHDEN-25JAN19-B15.5",
            "count": 200,
            "created_time": "2025-01-19T17:38:54.495173Z",
            "yes_price": 11,
            "no_price": 89,
            "taker_side": "no"
        },
        {
            "trade_id": "409a584e-e41d-48be-909e-9eebdabe2bce",
            "ticker": "KXHIGHDEN-25JAN19-B15.5",
            "count": 82,
            "created_time": "2025-01-19T17:22:22.46744Z",
            "yes_price": 10,
            "no_price": 90,
            "taker_side": "no"
        },
        {
            "trade_id": "885da238-218f-4d2d-822d-1cbf9de67183",
            "ticker": "KXHIGHDEN-25JAN19-B15.5",
            "count": 35,
            "created_time": "2025-01-19T17:21:28.389683Z",
            "yes_price": 10,
            "no_price": 90,
            "taker_side": "no"
        },
        {
            "trade_id": "fb5fe73d-cf45-4c45-b8ec-044545493dee",
            "ticker": "KXHIGHDEN-25JAN19-B15.5",
            "count": 15,
            "created_time": "2025-01-19T17:19:51.716739Z",
            "yes_price": 10,
            "no_price": 90,
            "taker_side": "no"
        },
        {
            "trade_id": "b3f97857-cb1f-4893-946f-378eda02800d",
            "ticker": "KXHIGHDEN-25JAN19-B15.5",
            "count": 10,
            "created_time": "2025-01-19T17:16:18.021945Z",
            "yes_price": 10,
            "no_price": 90,
            "taker_side": "no"
        },
        {
            "trade_id": "73fcaac8-590c-4ff9-ae45-e9fc32aa49b4",
            "ticker": "KXHIGHDEN-25JAN19-B15.5",
            "count": 11,
            "created_time": "2025-01-19T17:16:13.557242Z",
            "yes_price": 10,
            "no_price": 90,
            "taker_side": "no"
        },
        {
            "trade_id": "b2457a14-5c1b-46cd-915c-aa4966f20c20",
            "ticker": "KXHIGHDEN-25JAN19-B15.5",
            "count": 1,
            "created_time": "2025-01-19T17:16:05.306919Z",
            "yes_price": 10,
            "no_price": 90,
            "taker_side": "no"
        },
        {
            "trade_id": "6e37d17f-9ca9-4bc5-af42-3261d8d32b46",
            "ticker": "KXHIGHDEN-25JAN19-B15.5",
            "count": 2,
            "created_time": "2025-01-19T17:15:15.124237Z",
            "yes_price": 10,
            "no_price": 90,
            "taker_side": "no"
        },
        {
            "trade_id": "6a64a8d4-4a96-4376-b663-a5bbbf6b2bdc",
            "ticker": "KXHIGHDEN-25JAN19-B15.5",
            "count": 1,
            "created_time": "2025-01-19T17:14:14.496172Z",
            "yes_price": 10,
            "no_price": 90,
            "taker_side": "no"
        },
        {
            "trade_id": "4a22b056-0846-46ee-a320-ddc56f2156c4",
            "ticker": "KXHIGHDEN-25JAN19-B15.5",
            "count": 500,
            "created_time": "2025-01-19T17:12:13.712778Z",
            "yes_price": 10,
            "no_price": 90,
            "taker_side": "no"
        },
        {
            "trade_id": "28b0fb98-4036-4e07-9044-d00a1b5d2957",
            "ticker": "KXHIGHDEN-25JAN19-B15.5",
            "count": 4,
            "created_time": "2025-01-19T17:07:08.29761Z",
            "yes_price": 10,
            "no_price": 90,
            "taker_side": "no"
        },
        {
            "trade_id": "46192884-bba0-4840-894a-2373f0e3ce32",
            "ticker": "KXHIGHDEN-25JAN19-B15.5",
            "count": 5,
            "created_time": "2025-01-19T17:07:03.928054Z",
            "yes_price": 10,
            "no_price": 90,
            "taker_side": "no"
        },
        {
            "trade_id": "51ece1ae-482e-4584-bd4e-7e796e366fd0",
            "ticker": "KXHIGHDEN-25JAN19-B15.5",
            "count": 1,
            "created_time": "2025-01-19T17:06:54.873987Z",
            "yes_price": 10,
            "no_price": 90,
            "taker_side": "no"
        },
        {
            "trade_id": "3708a945-d647-402a-b583-7ecebca9ec7b",
            "ticker": "KXHIGHDEN-25JAN19-B15.5",
            "count": 35,
            "created_time": "2025-01-19T17:04:00.686538Z",
            "yes_price": 10,
            "no_price": 90,
            "taker_side": "no"
        },
        {
            "trade_id": "ed28a82a-0d26-4bc8-b3f5-075c3525b926",
            "ticker": "KXHIGHDEN-25JAN19-B15.5",
            "count": 35,
            "created_time": "2025-01-19T17:01:02.41163Z",
            "yes_price": 8,
            "no_price": 92,
            "taker_side": "yes"
        },
        {
            "trade_id": "b3d0b2d4-f0bd-4b66-9096-797f3f4b7c2c",
            "ticker": "KXHIGHDEN-25JAN19-B15.5",
            "count": 102,
            "created_time": "2025-01-19T17:01:02.41163Z",
            "yes_price": 9,
            "no_price": 91,
            "taker_side": "yes"
        },
        {
            "trade_id": "7e8566f7-bdf2-4536-a443-b5da30ae7691",
            "ticker": "KXHIGHDEN-25JAN19-B15.5",
            "count": 3,
            "created_time": "2025-01-19T17:01:02.41163Z",
            "yes_price": 8,
            "no_price": 92,
            "taker_side": "yes"
        },
        {
            "trade_id": "50c18fae-9724-40c3-b1a0-fdd7a0a9852b",
            "ticker": "KXHIGHDEN-25JAN19-B15.5",
            "count": 240,
            "created_time": "2025-01-19T17:01:02.41163Z",
            "yes_price": 10,
            "no_price": 90,
            "taker_side": "yes"
        },
        {
            "trade_id": "4ce91c10-5975-45dd-8961-6f1c5f543fb4",
            "ticker": "KXHIGHDEN-25JAN19-B15.5",
            "count": 6,
            "created_time": "2025-01-19T17:01:02.41163Z",
            "yes_price": 8,
            "no_price": 92,
            "taker_side": "yes"
        },
        {
            "trade_id": "0fc94f5d-02fe-48f3-a801-f768d6036415",
            "ticker": "KXHIGHDEN-25JAN19-B15.5",
            "count": 1,
            "created_time": "2025-01-19T17:01:02.41163Z",
            "yes_price": 9,
            "no_price": 91,
            "taker_side": "yes"
        },
        {
            "trade_id": "82c80a16-e63f-41c0-80ab-91790ca1b6fa",
            "ticker": "KXHIGHDEN-25JAN19-B15.5",
            "count": 10,
            "created_time": "2025-01-19T16:58:59.458862Z",
            "yes_price": 7,
            "no_price": 93,
            "taker_side": "no"
        },
        {
            "trade_id": "9a22ba17-c680-4bb9-b437-73b1c76168b3",
            "ticker": "KXHIGHDEN-25JAN19-B15.5",
            "count": 22,
            "created_time": "2025-01-19T16:55:37.543722Z",
            "yes_price": 7,
            "no_price": 93,
            "taker_side": "no"
        },
        {
            "trade_id": "8bdb8c86-c6f7-49dd-b6c5-92078c46788e",
            "ticker": "KXHIGHDEN-25JAN19-B15.5",
            "count": 2,
            "created_time": "2025-01-19T16:42:48.56689Z",
            "yes_price": 7,
            "no_price": 93,
            "taker_side": "no"
        },
        {
            "trade_id": "40fcbe55-1a57-4850-b22a-6c6d0847b4dd",
            "ticker": "KXHIGHDEN-25JAN19-B15.5",
            "count": 101,
            "created_time": "2025-01-19T16:37:15.623785Z",
            "yes_price": 8,
            "no_price": 92,
            "taker_side": "yes"
        },
        {
            "trade_id": "ea6a7708-2060-45d8-a1ff-77c32832c99f",
            "ticker": "KXHIGHDEN-25JAN19-B15.5",
            "count": 103,
            "created_time": "2025-01-19T16:36:32.528366Z",
            "yes_price": 8,
            "no_price": 92,
            "taker_side": "yes"
        },
        {
            "trade_id": "6c7cd699-bb63-4068-af37-c1d631e229a1",
            "ticker": "KXHIGHDEN-25JAN19-B15.5",
            "count": 42,
            "created_time": "2025-01-19T16:31:33.664885Z",
            "yes_price": 8,
            "no_price": 92,
            "taker_side": "yes"
        },
        {
            "trade_id": "58cc34d4-164c-4771-9d0d-33317d9e35fa",
            "ticker": "KXHIGHDEN-25JAN19-B15.5",
            "count": 1,
            "created_time": "2025-01-19T16:31:33.664885Z",
            "yes_price": 8,
            "no_price": 92,
            "taker_side": "yes"
        },
        {
            "trade_id": "2562c753-e047-4496-836e-dd2b24820d53",
            "ticker": "KXHIGHDEN-25JAN19-B15.5",
            "count": 109,
            "created_time": "2025-01-19T16:31:33.664885Z",
            "yes_price": 8,
            "no_price": 92,
            "taker_side": "yes"
        },
        {
            "trade_id": "10298767-90e4-4a0a-a91e-90c0351ea341",
            "ticker": "KXHIGHDEN-25JAN19-B15.5",
            "count": 44,
            "created_time": "2025-01-19T16:31:15.896832Z",
            "yes_price": 7,
            "no_price": 93,
            "taker_side": "no"
        },
        {
            "trade_id": "d2813267-af0d-45a5-91bb-67841b0b8f8a",
            "ticker": "KXHIGHDEN-25JAN19-B15.5",
            "count": 1,
            "created_time": "2025-01-19T16:30:46.954539Z",
            "yes_price": 7,
            "no_price": 93,
            "taker_side": "no"
        },
        {
            "trade_id": "394a0cc0-884f-4b17-aa23-35f2c3287e7b",
            "ticker": "KXHIGHDEN-25JAN19-B15.5",
            "count": 7,
            "created_time": "2025-01-19T16:28:45.531836Z",
            "yes_price": 7,
            "no_price": 93,
            "taker_side": "no"
        },
        {
            "trade_id": "a22d4dbe-4d59-4068-a3ed-4a87b7c9c220",
            "ticker": "KXHIGHDEN-25JAN19-B15.5",
            "count": 9,
            "created_time": "2025-01-19T16:28:42.269075Z",
            "yes_price": 7,
            "no_price": 93,
            "taker_side": "no"
        },
        {
            "trade_id": "2b847782-70a1-4309-8437-664640471390",
            "ticker": "KXHIGHDEN-25JAN19-B15.5",
            "count": 77,
            "created_time": "2025-01-19T16:28:40.929464Z",
            "yes_price": 7,
            "no_price": 93,
            "taker_side": "no"
        },
        {
            "trade_id": "524c5440-57fb-4913-be0c-6e5b20723a38",
            "ticker": "KXHIGHDEN-25JAN19-B15.5",
            "count": 30,
            "created_time": "2025-01-19T16:28:04.636055Z",
            "yes_price": 7,
            "no_price": 93,
            "taker_side": "no"
        },
        {
            "trade_id": "19c23704-7144-4759-9cda-316b8c20eb84",
            "ticker": "KXHIGHDEN-25JAN19-B15.5",
            "count": 50,
            "created_time": "2025-01-19T16:27:49.46623Z",
            "yes_price": 7,
            "no_price": 93,
            "taker_side": "no"
        },
        {
            "trade_id": "c522bdc3-e9fe-4b6b-93fe-0f30ffbdf695",
            "ticker": "KXHIGHDEN-25JAN19-B15.5",
            "count": 1,
            "created_time": "2025-01-19T16:27:48.995345Z",
            "yes_price": 7,
            "no_price": 93,
            "taker_side": "yes"
        },
        {
            "trade_id": "6a162832-6d5e-4944-86da-e6fc7bee771d",
            "ticker": "KXHIGHDEN-25JAN19-B15.5",
            "count": 119,
            "created_time": "2025-01-19T16:27:48.995345Z",
            "yes_price": 7,
            "no_price": 93,
            "taker_side": "yes"
        },
        {
            "trade_id": "c44af056-a5b7-48a1-94a6-ad908f2c6160",
            "ticker": "KXHIGHDEN-25JAN19-B15.5",
            "count": 55,
            "created_time": "2025-01-19T16:27:19.153049Z",
            "yes_price": 6,
            "no_price": 94,
            "taker_side": "no"
        },
        {
            "trade_id": "9d972a92-4b32-4e83-aa40-126f4dfcf928",
            "ticker": "KXHIGHDEN-25JAN19-B15.5",
            "count": 3,
            "created_time": "2025-01-19T16:27:18.3313Z",
            "yes_price": 6,
            "no_price": 94,
            "taker_side": "no"
        },
        {
            "trade_id": "9ee6819b-684a-4ead-a71d-87e26c118044",
            "ticker": "KXHIGHDEN-25JAN19-B15.5",
            "count": 1,
            "created_time": "2025-01-19T16:27:14.714019Z",
            "yes_price": 6,
            "no_price": 94,
            "taker_side": "no"
        },
        {
            "trade_id": "77163501-459c-4aa4-8291-b19ec09f3a10",
            "ticker": "KXHIGHDEN-25JAN19-B15.5",
            "count": 1,
            "created_time": "2025-01-19T16:22:01.649867Z",
            "yes_price": 6,
            "no_price": 94,
            "taker_side": "no"
        },
        {
            "trade_id": "c5fc84c3-496a-42d8-808a-0ab2c2d518cb",
            "ticker": "KXHIGHDEN-25JAN19-B15.5",
            "count": 1,
            "created_time": "2025-01-19T16:19:12.647365Z",
            "yes_price": 6,
            "no_price": 94,
            "taker_side": "no"
        },
        {
            "trade_id": "a62fb9dc-6091-4c78-805c-221b0eb23cfc",
            "ticker": "KXHIGHDEN-25JAN19-B15.5",
            "count": 2,
            "created_time": "2025-01-19T16:16:04.599647Z",
            "yes_price": 6,
            "no_price": 94,
            "taker_side": "no"
        },
        {
            "trade_id": "a97b6f71-120e-4040-ba2d-ee9fbe60929b",
            "ticker": "KXHIGHDEN-25JAN19-B15.5",
            "count": 14,
            "created_time": "2025-01-19T16:12:55.32153Z",
            "yes_price": 6,
            "no_price": 94,
            "taker_side": "no"
        },
        {
            "trade_id": "7947fa7d-7102-4f42-b87a-095bc63ccc33",
            "ticker": "KXHIGHDEN-25JAN19-B15.5",
            "count": 27,
            "created_time": "2025-01-19T16:10:54.364377Z",
            "yes_price": 6,
            "no_price": 94,
            "taker_side": "no"
        },
        {
            "trade_id": "9303ee75-73a9-4a56-ac24-0685b1ace8d0",
            "ticker": "KXHIGHDEN-25JAN19-B15.5",
            "count": 5,
            "created_time": "2025-01-19T16:09:18.623961Z",
            "yes_price": 6,
            "no_price": 94,
            "taker_side": "no"
        },
        {
            "trade_id": "b26e6ee3-1097-4563-acfd-30e35c2a8082",
            "ticker": "KXHIGHDEN-25JAN19-B15.5",
            "count": 50,
            "created_time": "2025-01-19T16:09:17.484353Z",
            "yes_price": 6,
            "no_price": 94,
            "taker_side": "no"
        },
        {
            "trade_id": "c858772b-7620-4bf6-a07f-ea7446c1a7ab",
            "ticker": "KXHIGHDEN-25JAN19-B15.5",
            "count": 1,
            "created_time": "2025-01-19T16:09:04.738196Z",
            "yes_price": 6,
            "no_price": 94,
            "taker_side": "no"
        },
        {
            "trade_id": "3e319b54-8447-42a9-a1f4-c1645e60612b",
            "ticker": "KXHIGHDEN-25JAN19-B15.5",
            "count": 33,
            "created_time": "2025-01-19T16:08:22.253839Z",
            "yes_price": 6,
            "no_price": 94,
            "taker_side": "no"
        },
        {
            "trade_id": "89454728-e048-4313-a621-d93951dec2b8",
            "ticker": "KXHIGHDEN-25JAN19-B15.5",
            "count": 18,
            "created_time": "2025-01-19T16:08:21.069836Z",
            "yes_price": 6,
            "no_price": 94,
            "taker_side": "no"
        },
        {
            "trade_id": "ddac2aba-a415-4e83-92a5-6b7a8fa3ff5f",
            "ticker": "KXHIGHDEN-25JAN19-B15.5",
            "count": 25,
            "created_time": "2025-01-19T16:07:56.143729Z",
            "yes_price": 6,
            "no_price": 94,
            "taker_side": "no"
        },
        {
            "trade_id": "87c6ddf0-85e5-448a-967c-74c7eaf126e9",
            "ticker": "KXHIGHDEN-25JAN19-B15.5",
            "count": 25,
            "created_time": "2025-01-19T16:07:55.059018Z",
            "yes_price": 6,
            "no_price": 94,
            "taker_side": "no"
        },
        {
            "trade_id": "406e273d-58f7-40b4-ad68-4245aedcd4b4",
            "ticker": "KXHIGHDEN-25JAN19-B15.5",
            "count": 1,
            "created_time": "2025-01-19T16:07:54.86991Z",
            "yes_price": 6,
            "no_price": 94,
            "taker_side": "no"
        },
        {
            "trade_id": "199f415e-c0bb-4420-83a2-c6fb13a900e4",
            "ticker": "KXHIGHDEN-25JAN19-B15.5",
            "count": 19,
            "created_time": "2025-01-19T16:07:05.326328Z",
            "yes_price": 6,
            "no_price": 94,
            "taker_side": "no"
        },
        {
            "trade_id": "1d41cdf7-5c03-4028-a869-62a138c84c46",
            "ticker": "KXHIGHDEN-25JAN19-B15.5",
            "count": 53,
            "created_time": "2025-01-19T16:04:03.434613Z",
            "yes_price": 6,
            "no_price": 94,
            "taker_side": "no"
        },
        {
            "trade_id": "e1dcc746-2e01-4ec1-8f8d-361b8458cf39",
            "ticker": "KXHIGHDEN-25JAN19-B15.5",
            "count": 3,
            "created_time": "2025-01-19T16:03:34.877871Z",
            "yes_price": 6,
            "no_price": 94,
            "taker_side": "no"
        },
        {
            "trade_id": "e5420cd2-9b9c-4b69-8341-3a1a5d88a0a9",
            "ticker": "KXHIGHDEN-25JAN19-B15.5",
            "count": 6,
            "created_time": "2025-01-19T16:03:05.066332Z",
            "yes_price": 6,
            "no_price": 94,
            "taker_side": "no"
        },
        {
            "trade_id": "819eea91-6705-4c2e-a24d-8f51e7819ca4",
            "ticker": "KXHIGHDEN-25JAN19-B15.5",
            "count": 25,
            "created_time": "2025-01-19T16:00:18.850494Z",
            "yes_price": 6,
            "no_price": 94,
            "taker_side": "no"
        },
        {
            "trade_id": "41df4598-8495-4823-bdcf-3fb8f2c47b13",
            "ticker": "KXHIGHDEN-25JAN19-B15.5",
            "count": 21,
            "created_time": "2025-01-19T16:00:09.112016Z",
            "yes_price": 6,
            "no_price": 94,
            "taker_side": "no"
        },
        {
            "trade_id": "148dd9fd-0c85-4f3d-aa35-edc6c48ffbf9",
            "ticker": "KXHIGHDEN-25JAN19-B15.5",
            "count": 53,
            "created_time": "2025-01-19T15:59:15.795233Z",
            "yes_price": 6,
            "no_price": 94,
            "taker_side": "no"
        },
        {
            "trade_id": "d349ce99-30fc-4982-bdf7-610516670448",
            "ticker": "KXHIGHDEN-25JAN19-B15.5",
            "count": 1,
            "created_time": "2025-01-19T15:58:05.705738Z",
            "yes_price": 6,
            "no_price": 94,
            "taker_side": "no"
        },
        {
            "trade_id": "82027443-b7ec-42dc-ba6b-328e70a6bfee",
            "ticker": "KXHIGHDEN-25JAN19-B15.5",
            "count": 6,
            "created_time": "2025-01-19T15:55:49.244268Z",
            "yes_price": 6,
            "no_price": 94,
            "taker_side": "no"
        },
        {
            "trade_id": "e8a060fd-843a-4042-83e8-e41e64870d3a",
            "ticker": "KXHIGHDEN-25JAN19-B15.5",
            "count": 1,
            "created_time": "2025-01-19T15:55:48.930972Z",
            "yes_price": 6,
            "no_price": 94,
            "taker_side": "yes"
        },
        {
            "trade_id": "647b42b4-06ce-4a71-9a77-48f85ec92682",
            "ticker": "KXHIGHDEN-25JAN19-B15.5",
            "count": 25,
            "created_time": "2025-01-19T15:55:48.930972Z",
            "yes_price": 6,
            "no_price": 94,
            "taker_side": "yes"
        },
        {
            "trade_id": "4ba710a0-9dab-4712-b4da-ecbdcdd3f023",
            "ticker": "KXHIGHDEN-25JAN19-B15.5",
            "count": 45,
            "created_time": "2025-01-19T15:51:57.824148Z",
            "yes_price": 5,
            "no_price": 95,
            "taker_side": "no"
        },
        {
            "trade_id": "5bfbe33f-85d5-4d29-b961-5376467ddafb",
            "ticker": "KXHIGHDEN-25JAN19-B15.5",
            "count": 60,
            "created_time": "2025-01-19T15:51:36.698883Z",
            "yes_price": 5,
            "no_price": 95,
            "taker_side": "no"
        },
        {
            "trade_id": "294da373-8a0e-4a18-ad34-be61439c9059",
            "ticker": "KXHIGHDEN-25JAN19-B15.5",
            "count": 40,
            "created_time": "2025-01-19T15:51:04.811695Z",
            "yes_price": 5,
            "no_price": 95,
            "taker_side": "no"
        },
        {
            "trade_id": "2b1c2fd6-950d-45ea-8415-667b915bec41",
            "ticker": "KXHIGHDEN-25JAN19-B15.5",
            "count": 108,
            "created_time": "2025-01-19T15:50:19.699161Z",
            "yes_price": 5,
            "no_price": 95,
            "taker_side": "no"
        },
        {
            "trade_id": "b5dbe36d-0055-4a05-9212-0b24689901bd",
            "ticker": "KXHIGHDEN-25JAN19-B15.5",
            "count": 103,
            "created_time": "2025-01-19T15:47:15.962156Z",
            "yes_price": 4,
            "no_price": 96,
            "taker_side": "no"
        },
        {
            "trade_id": "f2226930-fca3-4aff-96b5-19f118b7840c",
            "ticker": "KXHIGHDEN-25JAN19-B15.5",
            "count": 18,
            "created_time": "2025-01-19T15:39:19.968121Z",
            "yes_price": 3,
            "no_price": 97,
            "taker_side": "no"
        },
        {
            "trade_id": "732e88ce-8537-4d74-a97d-d2a885382c91",
            "ticker": "KXHIGHDEN-25JAN19-B15.5",
            "count": 58,
            "created_time": "2025-01-19T14:34:38.606335Z",
            "yes_price": 1,
            "no_price": 99,
            "taker_side": "no"
        },
        {
            "trade_id": "d99a6039-aec8-4423-b5ae-8b4211b1587e",
            "ticker": "KXHIGHDEN-25JAN19-B15.5",
            "count": 20,
            "created_time": "2025-01-19T14:02:20.107495Z",
            "yes_price": 1,
            "no_price": 99,
            "taker_side": "no"
        },
        {
            "trade_id": "d737047f-ac73-42c6-80eb-c05d8552795b",
            "ticker": "KXHIGHDEN-25JAN19-B15.5",
            "count": 300,
            "created_time": "2025-01-19T13:17:03.933501Z",
            "yes_price": 2,
            "no_price": 98,
            "taker_side": "no"
        },
        {
            "trade_id": "7bdc0e0d-f0c8-488d-a909-4b558228f427",
            "ticker": "KXHIGHDEN-25JAN19-B15.5",
            "count": 39,
            "created_time": "2025-01-19T13:17:03.933501Z",
            "yes_price": 1,
            "no_price": 99,
            "taker_side": "no"
        },
        {
            "trade_id": "339b8bf0-6cdc-4acd-964b-21df63850897",
            "ticker": "KXHIGHDEN-25JAN19-B15.5",
            "count": 500,
            "created_time": "2025-01-19T13:17:03.933501Z",
            "yes_price": 2,
            "no_price": 98,
            "taker_side": "no"
        },
        {
            "trade_id": "2d5fd191-3eca-4048-944d-95cbef66d644",
            "ticker": "KXHIGHDEN-25JAN19-B15.5",
            "count": 25,
            "created_time": "2025-01-19T07:58:48.433651Z",
            "yes_price": 3,
            "no_price": 97,
            "taker_side": "no"
        },
        {
            "trade_id": "b984fd4f-7529-4e94-adfb-c4e58edb6dd2",
            "ticker": "KXHIGHDEN-25JAN19-B15.5",
            "count": 705,
            "created_time": "2025-01-19T06:16:31.574176Z",
            "yes_price": 3,
            "no_price": 97,
            "taker_side": "no"
        },
        {
            "trade_id": "2afdeb7a-b7dd-48d3-9f4a-05601159d4cc",
            "ticker": "KXHIGHDEN-25JAN19-B15.5",
            "count": 100,
            "created_time": "2025-01-19T06:16:18.110628Z",
            "yes_price": 4,
            "no_price": 96,
            "taker_side": "no"
        },
        {
            "trade_id": "df4ec8bd-8cd2-45c6-b7f9-9c30b847169f",
            "ticker": "KXHIGHDEN-25JAN19-B15.5",
            "count": 2,
            "created_time": "2025-01-19T06:03:25.709066Z",
            "yes_price": 5,
            "no_price": 95,
            "taker_side": "yes"
        },
        {
            "trade_id": "3bb56f3e-18d9-4b72-82e7-40f1b15d0c3b",
            "ticker": "KXHIGHDEN-25JAN19-B15.5",
            "count": 8,
            "created_time": "2025-01-19T06:03:04.39947Z",
            "yes_price": 5,
            "no_price": 95,
            "taker_side": "yes"
        },
        {
            "trade_id": "ddb1b336-4044-4a43-a74e-fb2d52758c55",
            "ticker": "KXHIGHDEN-25JAN19-B15.5",
            "count": 18,
            "created_time": "2025-01-19T05:54:23.048782Z",
            "yes_price": 5,
            "no_price": 95,
            "taker_side": "yes"
        },
        {
            "trade_id": "5e610606-373d-48e9-99f4-e90ea5688b07",
            "ticker": "KXHIGHDEN-25JAN19-B15.5",
            "count": 23,
            "created_time": "2025-01-19T05:40:48.407449Z",
            "yes_price": 5,
            "no_price": 95,
            "taker_side": "yes"
        },
        {
            "trade_id": "459e00f7-53f6-4048-925a-6cb6e1fe595f",
            "ticker": "KXHIGHDEN-25JAN19-B15.5",
            "count": 21,
            "created_time": "2025-01-19T05:35:36.993807Z",
            "yes_price": 5,
            "no_price": 95,
            "taker_side": "yes"
        },
        {
            "trade_id": "99c31e9e-e0dd-4b82-a638-8cd3fad2451c",
            "ticker": "KXHIGHDEN-25JAN19-B15.5",
            "count": 16,
            "created_time": "2025-01-19T05:35:10.123289Z",
            "yes_price": 5,
            "no_price": 95,
            "taker_side": "yes"
        },
        {
            "trade_id": "5549611f-1fa4-4660-b40d-477545af7c11",
            "ticker": "KXHIGHDEN-25JAN19-B15.5",
            "count": 2,
            "created_time": "2025-01-19T05:35:10.123289Z",
            "yes_price": 5,
            "no_price": 95,
            "taker_side": "yes"
        },
        {
            "trade_id": "9502392c-c810-4ba7-afec-21ffbad03c4c",
            "ticker": "KXHIGHDEN-25JAN19-B15.5",
            "count": 40,
            "created_time": "2025-01-19T01:56:46.830663Z",
            "yes_price": 8,
            "no_price": 92,
            "taker_side": "yes"
        },
        {
            "trade_id": "44810b5a-b8ab-4815-a74e-12b2315c7d93",
            "ticker": "KXHIGHDEN-25JAN19-B15.5",
            "count": 7,
            "created_time": "2025-01-19T01:56:46.830663Z",
            "yes_price": 7,
            "no_price": 93,
            "taker_side": "yes"
        },
        {
            "trade_id": "08b22409-62e9-4d82-bf75-b9553155a527",
            "ticker": "KXHIGHDEN-25JAN19-B15.5",
            "count": 11,
            "created_time": "2025-01-19T01:56:46.830663Z",
            "yes_price": 6,
            "no_price": 94,
            "taker_side": "yes"
        },
        {
            "trade_id": "a1bb8ea8-3595-45d9-bc9f-153408ef10b8",
            "ticker": "KXHIGHDEN-25JAN19-B15.5",
            "count": 2,
            "created_time": "2025-01-19T00:05:32.035753Z",
            "yes_price": 7,
            "no_price": 93,
            "taker_side": "yes"
        },
        {
            "trade_id": "f54b889c-df66-4209-bee8-d1907cdcbbca",
            "ticker": "KXHIGHDEN-25JAN19-B15.5",
            "count": 20,
            "created_time": "2025-01-18T22:47:41.355508Z",
            "yes_price": 9,
            "no_price": 91,
            "taker_side": "yes"
        },
        {
            "trade_id": "90a35279-3e96-4924-8925-26a987153bf3",
            "ticker": "KXHIGHDEN-25JAN19-B15.5",
            "count": 130,
            "created_time": "2025-01-18T22:37:11.412971Z",
            "yes_price": 10,
            "no_price": 90,
            "taker_side": "no"
        },
        {
            "trade_id": "b0214097-e215-4090-a7d8-12920d3dfec9",
            "ticker": "KXHIGHDEN-25JAN19-B15.5",
            "count": 15,
            "created_time": "2025-01-18T22:37:10.568545Z",
            "yes_price": 10,
            "no_price": 90,
            "taker_side": "no"
        },
        {
            "trade_id": "0ad82a19-4005-4e43-8b2f-01d5a20de17f",
            "ticker": "KXHIGHDEN-25JAN19-B15.5",
            "count": 15,
            "created_time": "2025-01-18T22:37:10.394844Z",
            "yes_price": 10,
            "no_price": 90,
            "taker_side": "no"
        },
        {
            "trade_id": "cf07dc21-71c6-44fb-8900-673952b79a72",
            "ticker": "KXHIGHDEN-25JAN19-B15.5",
            "count": 9,
            "created_time": "2025-01-18T22:37:10.119914Z",
            "yes_price": 6,
            "no_price": 94,
            "taker_side": "yes"
        },
        {
            "trade_id": "862c6742-418f-43a4-b36d-481aca984591",
            "ticker": "KXHIGHDEN-25JAN19-B15.5",
            "count": 240,
            "created_time": "2025-01-18T22:37:10.119914Z",
            "yes_price": 10,
            "no_price": 90,
            "taker_side": "yes"
        },
        {
            "trade_id": "662f1c33-8fff-4311-8fed-cda9fe04ac83",
            "ticker": "KXHIGHDEN-25JAN19-B15.5",
            "count": 20,
            "created_time": "2025-01-18T22:37:10.119914Z",
            "yes_price": 6,
            "no_price": 94,
            "taker_side": "yes"
        },
        {
            "trade_id": "15a749dd-e031-4587-a594-647c2a4b50ad",
            "ticker": "KXHIGHDEN-25JAN19-B15.5",
            "count": 240,
            "created_time": "2025-01-18T22:37:10.119914Z",
            "yes_price": 8,
            "no_price": 92,
            "taker_side": "yes"
        },
        {
            "trade_id": "cbec3afb-d3f9-4f77-b16d-479d218b263c",
            "ticker": "KXHIGHDEN-25JAN19-B15.5",
            "count": 88,
            "created_time": "2025-01-18T22:36:35.120732Z",
            "yes_price": 5,
            "no_price": 95,
            "taker_side": "no"
        },
        {
            "trade_id": "8b9e06f7-08c3-4543-9355-9fdc919d9b54",
            "ticker": "KXHIGHDEN-25JAN19-B15.5",
            "count": 88,
            "created_time": "2025-01-18T22:36:33.854801Z",
            "yes_price": 5,
            "no_price": 95,
            "taker_side": "no"
        },
        {
            "trade_id": "dfd0223b-a5ca-4a07-8864-d0cbf55e36e0",
            "ticker": "KXHIGHDEN-25JAN19-B15.5",
            "count": 2,
            "created_time": "2025-01-18T21:31:03.566592Z",
            "yes_price": 6,
            "no_price": 94,
            "taker_side": "yes"
        },
        {
            "trade_id": "10fda06a-b8b9-4420-b9a8-19065ecb92b8",
            "ticker": "KXHIGHDEN-25JAN19-B15.5",
            "count": 9,
            "created_time": "2025-01-18T21:16:00.289243Z",
            "yes_price": 1,
            "no_price": 99,
            "taker_side": "no"
        },
        {
            "trade_id": "bce32914-e798-4afb-8d0d-55e1ecd9c8b8",
            "ticker": "KXHIGHDEN-25JAN19-B15.5",
            "count": 2,
            "created_time": "2025-01-18T21:02:45.383179Z",
            "yes_price": 6,
            "no_price": 94,
            "taker_side": "yes"
        },
        {
            "trade_id": "8d8a5aba-6258-46ed-a389-64265083d57f",
            "ticker": "KXHIGHDEN-25JAN19-B15.5",
            "count": 7,
            "created_time": "2025-01-18T21:02:45.383179Z",
            "yes_price": 6,
            "no_price": 94,
            "taker_side": "yes"
        },
        {
            "trade_id": "25d399b2-1688-4ca4-9ce7-ec3451ea4072",
            "ticker": "KXHIGHDEN-25JAN19-B15.5",
            "count": 9,
            "created_time": "2025-01-18T19:42:36.397918Z",
            "yes_price": 2,
            "no_price": 98,
            "taker_side": "no"
        },
        {
            "trade_id": "fbce0ee0-e9ce-4707-87ea-01ca6a365ae8",
            "ticker": "KXHIGHDEN-25JAN19-B15.5",
            "count": 70,
            "created_time": "2025-01-18T17:08:20.402232Z",
            "yes_price": 6,
            "no_price": 94,
            "taker_side": "yes"
        },
        {
            "trade_id": "0b8cac12-a751-4b21-b091-780739faf082",
            "ticker": "KXHIGHDEN-25JAN19-B15.5",
            "count": 12,
            "created_time": "2025-01-18T17:08:20.402232Z",
            "yes_price": 4,
            "no_price": 96,
            "taker_side": "yes"
        },
        {
            "trade_id": "a1734297-4bec-480f-ad97-b8d0893a3683",
            "ticker": "KXHIGHDEN-25JAN19-B15.5",
            "count": 9,
            "created_time": "2025-01-18T16:58:28.418712Z",
            "yes_price": 5,
            "no_price": 95,
            "taker_side": "yes"
        },
        {
            "trade_id": "6ce2fcc5-5136-4a81-8f86-a079f9c93a1f",
            "ticker": "KXHIGHDEN-25JAN19-B15.5",
            "count": 28,
            "created_time": "2025-01-18T15:15:52.850823Z",
            "yes_price": 5,
            "no_price": 95,
            "taker_side": "no"
        },
        {
            "trade_id": "dc6a589e-e309-4119-85c1-f56ebd7d49c8",
            "ticker": "KXHIGHDEN-25JAN19-B15.5",
            "count": 40,
            "created_time": "2025-01-18T15:12:48.569137Z",
            "yes_price": 8,
            "no_price": 92,
            "taker_side": "no"
        }
    ],
    "KXHIGHDEN-25JAN19-B17.5": [
        {
            "trade_id": "de06cef4-a54c-43d4-8802-5e3a298c4e68",
            "ticker": "KXHIGHDEN-25JAN19-B17.5",
            "count": 38,
            "created_time": "2025-01-20T05:55:43.094152Z",
            "yes_price": 1,
            "no_price": 99,
            "taker_side": "yes"
        },
        {
            "trade_id": "dbd7282f-94c3-42e5-91af-2894764c56cd",
            "ticker": "KXHIGHDEN-25JAN19-B17.5",
            "count": 150,
            "created_time": "2025-01-20T05:55:43.094152Z",
            "yes_price": 1,
            "no_price": 99,
            "taker_side": "yes"
        },
        {
            "trade_id": "c4d23891-1496-4885-a730-34e21f0e409d",
            "ticker": "KXHIGHDEN-25JAN19-B17.5",
            "count": 150,
            "created_time": "2025-01-20T05:55:43.094152Z",
            "yes_price": 1,
            "no_price": 99,
            "taker_side": "yes"
        },
        {
            "trade_id": "9af06c6b-78c8-459e-bf63-5158b240b821",
            "ticker": "KXHIGHDEN-25JAN19-B17.5",
            "count": 150,
            "created_time": "2025-01-20T05:55:43.094152Z",
            "yes_price": 1,
            "no_price": 99,
            "taker_side": "yes"
        },
        {
            "trade_id": "78d811ae-d198-40e0-b040-db55cce511ed",
            "ticker": "KXHIGHDEN-25JAN19-B17.5",
            "count": 150,
            "created_time": "2025-01-20T05:55:43.094152Z",
            "yes_price": 1,
            "no_price": 99,
            "taker_side": "yes"
        },
        {
            "trade_id": "4f92632d-5eff-47b4-83aa-b381a2b75f9a",
            "ticker": "KXHIGHDEN-25JAN19-B17.5",
            "count": 150,
            "created_time": "2025-01-20T05:55:43.094152Z",
            "yes_price": 1,
            "no_price": 99,
            "taker_side": "yes"
        },
        {
            "trade_id": "31d6e6fc-f8b5-4a47-8c14-7ea6c14a5a25",
            "ticker": "KXHIGHDEN-25JAN19-B17.5",
            "count": 150,
            "created_time": "2025-01-20T05:55:43.094152Z",
            "yes_price": 1,
            "no_price": 99,
            "taker_side": "yes"
        },
        {
            "trade_id": "2dd28671-8d40-4e3c-8c2d-fc0f1fe7b4d5",
            "ticker": "KXHIGHDEN-25JAN19-B17.5",
            "count": 62,
            "created_time": "2025-01-20T05:55:43.094152Z",
            "yes_price": 1,
            "no_price": 99,
            "taker_side": "yes"
        },
        {
            "trade_id": "d21ae902-e7f6-4769-a16d-3d0838f92414",
            "ticker": "KXHIGHDEN-25JAN19-B17.5",
            "count": 4,
            "created_time": "2025-01-20T00:33:21.621848Z",
            "yes_price": 1,
            "no_price": 99,
            "taker_side": "yes"
        },
        {
            "trade_id": "e6f12197-88fc-4340-8773-17279ddedc71",
            "ticker": "KXHIGHDEN-25JAN19-B17.5",
            "count": 100,
            "created_time": "2025-01-19T22:07:05.57798Z",
            "yes_price": 1,
            "no_price": 99,
            "taker_side": "yes"
        },
        {
            "trade_id": "b44d9932-0b6a-48bf-a37c-d8078120a982",
            "ticker": "KXHIGHDEN-25JAN19-B17.5",
            "count": 150,
            "created_time": "2025-01-19T21:39:44.292975Z",
            "yes_price": 1,
            "no_price": 99,
            "taker_side": "yes"
        },
        {
            "trade_id": "a2446320-849f-4c9b-8728-c0abdba102f3",
            "ticker": "KXHIGHDEN-25JAN19-B17.5",
            "count": 150,
            "created_time": "2025-01-19T21:39:44.292975Z",
            "yes_price": 1,
            "no_price": 99,
            "taker_side": "yes"
        },
        {
            "trade_id": "425f17ec-c62f-43c6-a240-b6d2cdbf584b",
            "ticker": "KXHIGHDEN-25JAN19-B17.5",
            "count": 8,
            "created_time": "2025-01-19T21:39:44.292975Z",
            "yes_price": 1,
            "no_price": 99,
            "taker_side": "yes"
        },
        {
            "trade_id": "c9fab1dc-5054-40d6-b9d0-a1e770a77b46",
            "ticker": "KXHIGHDEN-25JAN19-B17.5",
            "count": 93,
            "created_time": "2025-01-19T21:27:22.603175Z",
            "yes_price": 1,
            "no_price": 99,
            "taker_side": "yes"
        },
        {
            "trade_id": "0f010170-8c15-4659-99ba-134fbe09b50d",
            "ticker": "KXHIGHDEN-25JAN19-B17.5",
            "count": 93,
            "created_time": "2025-01-19T21:22:08.68591Z",
            "yes_price": 1,
            "no_price": 99,
            "taker_side": "yes"
        },
        {
            "trade_id": "5be74f12-7098-4ee1-b78c-16aaf4671d00",
            "ticker": "KXHIGHDEN-25JAN19-B17.5",
            "count": 93,
            "created_time": "2025-01-19T21:12:41.912523Z",
            "yes_price": 1,
            "no_price": 99,
            "taker_side": "yes"
        },
        {
            "trade_id": "38c4f2c1-0b2d-4b6d-8a05-b68f689e187e",
            "ticker": "KXHIGHDEN-25JAN19-B17.5",
            "count": 985,
            "created_time": "2025-01-19T21:10:16.196265Z",
            "yes_price": 1,
            "no_price": 99,
            "taker_side": "yes"
        },
        {
            "trade_id": "ff764ae2-c63e-4755-9dbf-846c3128fd7d",
            "ticker": "KXHIGHDEN-25JAN19-B17.5",
            "count": 40,
            "created_time": "2025-01-19T21:05:19.600783Z",
            "yes_price": 1,
            "no_price": 99,
            "taker_side": "yes"
        },
        {
            "trade_id": "e91a06c9-4c24-4c18-8814-ad4e97c5c43e",
            "ticker": "KXHIGHDEN-25JAN19-B17.5",
            "count": 17,
            "created_time": "2025-01-19T21:05:18.589031Z",
            "yes_price": 1,
            "no_price": 99,
            "taker_side": "yes"
        },
        {
            "trade_id": "f50c240f-8279-4477-96b1-d7a65eb85021",
            "ticker": "KXHIGHDEN-25JAN19-B17.5",
            "count": 40,
            "created_time": "2025-01-19T20:55:33.212605Z",
            "yes_price": 16,
            "no_price": 84,
            "taker_side": "no"
        },
        {
            "trade_id": "ecf3a783-5e9a-4c55-b699-edefca49ddc0",
            "ticker": "KXHIGHDEN-25JAN19-B17.5",
            "count": 25,
            "created_time": "2025-01-19T20:55:33.212605Z",
            "yes_price": 14,
            "no_price": 86,
            "taker_side": "no"
        },
        {
            "trade_id": "eb730f41-07da-4ffb-a14c-01dadd606282",
            "ticker": "KXHIGHDEN-25JAN19-B17.5",
            "count": 25,
            "created_time": "2025-01-19T20:55:33.212605Z",
            "yes_price": 16,
            "no_price": 84,
            "taker_side": "no"
        },
        {
            "trade_id": "d777f29f-30cf-4a35-84cd-d63346dd34b8",
            "ticker": "KXHIGHDEN-25JAN19-B17.5",
            "count": 25,
            "created_time": "2025-01-19T20:55:33.212605Z",
            "yes_price": 14,
            "no_price": 86,
            "taker_side": "no"
        },
        {
            "trade_id": "cd73dd20-8a7a-46a3-99ad-c2186914e5dd",
            "ticker": "KXHIGHDEN-25JAN19-B17.5",
            "count": 1000,
            "created_time": "2025-01-19T20:55:33.212605Z",
            "yes_price": 1,
            "no_price": 99,
            "taker_side": "no"
        },
        {
            "trade_id": "abffe3d3-a804-4274-98bf-a77b330c7300",
            "ticker": "KXHIGHDEN-25JAN19-B17.5",
            "count": 400,
            "created_time": "2025-01-19T20:55:33.212605Z",
            "yes_price": 15,
            "no_price": 85,
            "taker_side": "no"
        },
        {
            "trade_id": "9875e3a2-08c4-4b42-92f6-3dbfbee9d7d9",
            "ticker": "KXHIGHDEN-25JAN19-B17.5",
            "count": 40,
            "created_time": "2025-01-19T20:55:33.212605Z",
            "yes_price": 3,
            "no_price": 97,
            "taker_side": "no"
        },
        {
            "trade_id": "8a37ecec-606d-459b-b3eb-660de34c750c",
            "ticker": "KXHIGHDEN-25JAN19-B17.5",
            "count": 40,
            "created_time": "2025-01-19T20:55:33.212605Z",
            "yes_price": 1,
            "no_price": 99,
            "taker_side": "no"
        },
        {
            "trade_id": "80c5a073-5352-4c28-badf-866d149d84d7",
            "ticker": "KXHIGHDEN-25JAN19-B17.5",
            "count": 40,
            "created_time": "2025-01-19T20:55:33.212605Z",
            "yes_price": 16,
            "no_price": 84,
            "taker_side": "no"
        },
        {
            "trade_id": "6905628f-e9d9-4ead-8b31-310ba56ba2f1",
            "ticker": "KXHIGHDEN-25JAN19-B17.5",
            "count": 19,
            "created_time": "2025-01-19T20:55:33.212605Z",
            "yes_price": 5,
            "no_price": 95,
            "taker_side": "no"
        },
        {
            "trade_id": "52e95ef5-d9c2-4ed5-a8c8-66024752a0cf",
            "ticker": "KXHIGHDEN-25JAN19-B17.5",
            "count": 300,
            "created_time": "2025-01-19T20:55:33.212605Z",
            "yes_price": 1,
            "no_price": 99,
            "taker_side": "no"
        },
        {
            "trade_id": "45d493a7-12b3-4fcb-9251-95ece1891df4",
            "ticker": "KXHIGHDEN-25JAN19-B17.5",
            "count": 25,
            "created_time": "2025-01-19T20:55:33.212605Z",
            "yes_price": 13,
            "no_price": 87,
            "taker_side": "no"
        },
        {
            "trade_id": "2abbc35c-071e-49be-9bb5-37ab7fe8df7e",
            "ticker": "KXHIGHDEN-25JAN19-B17.5",
            "count": 50,
            "created_time": "2025-01-19T20:55:33.212605Z",
            "yes_price": 14,
            "no_price": 86,
            "taker_side": "no"
        },
        {
            "trade_id": "22b53ca5-ef19-4d6e-b477-5f1e2f7c7719",
            "ticker": "KXHIGHDEN-25JAN19-B17.5",
            "count": 182,
            "created_time": "2025-01-19T20:55:33.212605Z",
            "yes_price": 13,
            "no_price": 87,
            "taker_side": "no"
        },
        {
            "trade_id": "0b8fcbf1-a02a-4818-b15e-adbfd7533132",
            "ticker": "KXHIGHDEN-25JAN19-B17.5",
            "count": 85,
            "created_time": "2025-01-19T20:55:33.212605Z",
            "yes_price": 1,
            "no_price": 99,
            "taker_side": "no"
        },
        {
            "trade_id": "014ce887-2ac9-4f40-92fc-a6a5c86fa9c8",
            "ticker": "KXHIGHDEN-25JAN19-B17.5",
            "count": 500,
            "created_time": "2025-01-19T20:55:33.212605Z",
            "yes_price": 3,
            "no_price": 97,
            "taker_side": "no"
        },
        {
            "trade_id": "c0c443ca-54e3-419f-945a-83a1fa630ed3",
            "ticker": "KXHIGHDEN-25JAN19-B17.5",
            "count": 25,
            "created_time": "2025-01-19T20:54:59.416599Z",
            "yes_price": 44,
            "no_price": 56,
            "taker_side": "yes"
        },
        {
            "trade_id": "842c2382-4468-4aa2-8b98-23f3449ba43e",
            "ticker": "KXHIGHDEN-25JAN19-B17.5",
            "count": 40,
            "created_time": "2025-01-19T20:53:34.52469Z",
            "yes_price": 43,
            "no_price": 57,
            "taker_side": "yes"
        },
        {
            "trade_id": "93290f41-564c-4da9-b73f-984752b61654",
            "ticker": "KXHIGHDEN-25JAN19-B17.5",
            "count": 40,
            "created_time": "2025-01-19T20:53:26.42903Z",
            "yes_price": 38,
            "no_price": 62,
            "taker_side": "yes"
        },
        {
            "trade_id": "e176d5c6-808c-42bb-b8ac-9d72926618ec",
            "ticker": "KXHIGHDEN-25JAN19-B17.5",
            "count": 40,
            "created_time": "2025-01-19T20:53:23.762685Z",
            "yes_price": 31,
            "no_price": 69,
            "taker_side": "yes"
        },
        {
            "trade_id": "f47c07de-f455-4a18-9dc4-2f2369b9dbdd",
            "ticker": "KXHIGHDEN-25JAN19-B17.5",
            "count": 102,
            "created_time": "2025-01-19T20:53:22.451346Z",
            "yes_price": 28,
            "no_price": 72,
            "taker_side": "yes"
        },
        {
            "trade_id": "4725d456-f784-46da-9399-eb87925b7925",
            "ticker": "KXHIGHDEN-25JAN19-B17.5",
            "count": 4,
            "created_time": "2025-01-19T20:53:21.547519Z",
            "yes_price": 27,
            "no_price": 73,
            "taker_side": "yes"
        },
        {
            "trade_id": "a6de21fe-50e1-4633-b5d0-160a6e53a46e",
            "ticker": "KXHIGHDEN-25JAN19-B17.5",
            "count": 2,
            "created_time": "2025-01-19T20:50:23.183084Z",
            "yes_price": 16,
            "no_price": 84,
            "taker_side": "no"
        },
        {
            "trade_id": "0d10879a-3831-4e39-8019-28fb5344e5ce",
            "ticker": "KXHIGHDEN-25JAN19-B17.5",
            "count": 18,
            "created_time": "2025-01-19T20:50:23.183084Z",
            "yes_price": 13,
            "no_price": 87,
            "taker_side": "no"
        },
        {
            "trade_id": "19a353e0-33f2-4c60-8a0c-4f116d587b40",
            "ticker": "KXHIGHDEN-25JAN19-B17.5",
            "count": 1,
            "created_time": "2025-01-19T20:34:54.483053Z",
            "yes_price": 7,
            "no_price": 93,
            "taker_side": "no"
        },
        {
            "trade_id": "56693844-dc0f-4e34-b2b4-ddb2744fe480",
            "ticker": "KXHIGHDEN-25JAN19-B17.5",
            "count": 284,
            "created_time": "2025-01-19T20:28:21.161384Z",
            "yes_price": 28,
            "no_price": 72,
            "taker_side": "yes"
        },
        {
            "trade_id": "3323fb34-9bbb-4459-bd7c-186759675fa3",
            "ticker": "KXHIGHDEN-25JAN19-B17.5",
            "count": 40,
            "created_time": "2025-01-19T20:28:21.161384Z",
            "yes_price": 23,
            "no_price": 77,
            "taker_side": "yes"
        },
        {
            "trade_id": "eccf1977-d8e4-4784-ac27-814266c8e3a1",
            "ticker": "KXHIGHDEN-25JAN19-B17.5",
            "count": 20,
            "created_time": "2025-01-19T20:24:10.726784Z",
            "yes_price": 28,
            "no_price": 72,
            "taker_side": "yes"
        },
        {
            "trade_id": "a8e2fd75-887f-4816-881d-418617327d81",
            "ticker": "KXHIGHDEN-25JAN19-B17.5",
            "count": 39,
            "created_time": "2025-01-19T20:24:07.357981Z",
            "yes_price": 19,
            "no_price": 81,
            "taker_side": "yes"
        },
        {
            "trade_id": "8cb7e52e-0343-4bfb-b7e0-92ed9466bbc6",
            "ticker": "KXHIGHDEN-25JAN19-B17.5",
            "count": 16,
            "created_time": "2025-01-19T20:24:07.357981Z",
            "yes_price": 19,
            "no_price": 81,
            "taker_side": "yes"
        },
        {
            "trade_id": "95339da6-c976-46b4-a305-5df8cae88c04",
            "ticker": "KXHIGHDEN-25JAN19-B17.5",
            "count": 98,
            "created_time": "2025-01-19T20:20:44.826889Z",
            "yes_price": 17,
            "no_price": 83,
            "taker_side": "yes"
        },
        {
            "trade_id": "5572ed8a-aa70-46ed-bf94-3b469332c02b",
            "ticker": "KXHIGHDEN-25JAN19-B17.5",
            "count": 2,
            "created_time": "2025-01-19T20:20:44.826889Z",
            "yes_price": 16,
            "no_price": 84,
            "taker_side": "yes"
        },
        {
            "trade_id": "5ac2ecf2-3107-4b0d-a1e0-c91be0dcfc71",
            "ticker": "KXHIGHDEN-25JAN19-B17.5",
            "count": 7,
            "created_time": "2025-01-19T20:15:49.787107Z",
            "yes_price": 5,
            "no_price": 95,
            "taker_side": "no"
        },
        {
            "trade_id": "97631daa-58ff-4066-a294-51481054cf21",
            "ticker": "KXHIGHDEN-25JAN19-B17.5",
            "count": 9,
            "created_time": "2025-01-19T20:15:22.865306Z",
            "yes_price": 19,
            "no_price": 81,
            "taker_side": "yes"
        },
        {
            "trade_id": "6d9bb7b6-b6dd-4352-92d3-7e147e6c3037",
            "ticker": "KXHIGHDEN-25JAN19-B17.5",
            "count": 1,
            "created_time": "2025-01-19T20:15:22.865306Z",
            "yes_price": 16,
            "no_price": 84,
            "taker_side": "yes"
        },
        {
            "trade_id": "1d22a876-4ad7-4be1-8408-d988a059ced8",
            "ticker": "KXHIGHDEN-25JAN19-B17.5",
            "count": 10,
            "created_time": "2025-01-19T20:15:22.865306Z",
            "yes_price": 18,
            "no_price": 82,
            "taker_side": "yes"
        },
        {
            "trade_id": "16b9b9a2-80a7-4fa8-b78a-06fd4ff8cf4e",
            "ticker": "KXHIGHDEN-25JAN19-B17.5",
            "count": 20,
            "created_time": "2025-01-19T20:11:09.59269Z",
            "yes_price": 10,
            "no_price": 90,
            "taker_side": "yes"
        },
        {
            "trade_id": "c7bb44f4-17a8-4f70-8d62-23c93c3746c1",
            "ticker": "KXHIGHDEN-25JAN19-B17.5",
            "count": 80,
            "created_time": "2025-01-19T20:10:49.701497Z",
            "yes_price": 10,
            "no_price": 90,
            "taker_side": "yes"
        },
        {
            "trade_id": "f5f869cf-9b56-4216-b89c-c6f3556e7e24",
            "ticker": "KXHIGHDEN-25JAN19-B17.5",
            "count": 191,
            "created_time": "2025-01-19T20:03:21.25399Z",
            "yes_price": 3,
            "no_price": 97,
            "taker_side": "no"
        },
        {
            "trade_id": "b37c8d3d-5816-4072-884a-8f4dc37cc9ab",
            "ticker": "KXHIGHDEN-25JAN19-B17.5",
            "count": 1,
            "created_time": "2025-01-19T19:55:06.94695Z",
            "yes_price": 4,
            "no_price": 96,
            "taker_side": "no"
        },
        {
            "trade_id": "ab3a4fae-f324-4967-8db7-1e58720de451",
            "ticker": "KXHIGHDEN-25JAN19-B17.5",
            "count": 1,
            "created_time": "2025-01-19T19:55:06.94695Z",
            "yes_price": 2,
            "no_price": 98,
            "taker_side": "no"
        },
        {
            "trade_id": "12342bbb-59b8-4212-bcbe-e784a3208d8b",
            "ticker": "KXHIGHDEN-25JAN19-B17.5",
            "count": 500,
            "created_time": "2025-01-19T19:55:06.94695Z",
            "yes_price": 3,
            "no_price": 97,
            "taker_side": "no"
        },
        {
            "trade_id": "01b4ffa8-d299-4e9b-965c-96087e123f7b",
            "ticker": "KXHIGHDEN-25JAN19-B17.5",
            "count": 498,
            "created_time": "2025-01-19T19:55:06.94695Z",
            "yes_price": 2,
            "no_price": 98,
            "taker_side": "no"
        },
        {
            "trade_id": "412ddeb6-b9d7-4c6e-ab3a-1bf1e0deef06",
            "ticker": "KXHIGHDEN-25JAN19-B17.5",
            "count": 2,
            "created_time": "2025-01-19T19:29:49.775892Z",
            "yes_price": 2,
            "no_price": 98,
            "taker_side": "no"
        },
        {
            "trade_id": "36abeb39-9877-45dd-a8ad-2bb12f96f46a",
            "ticker": "KXHIGHDEN-25JAN19-B17.5",
            "count": 38,
            "created_time": "2025-01-19T19:29:49.775892Z",
            "yes_price": 2,
            "no_price": 98,
            "taker_side": "no"
        },
        {
            "trade_id": "185151b6-6d88-4f20-88a8-b951ec5a01da",
            "ticker": "KXHIGHDEN-25JAN19-B17.5",
            "count": 2,
            "created_time": "2025-01-19T19:12:21.004779Z",
            "yes_price": 2,
            "no_price": 98,
            "taker_side": "no"
        },
        {
            "trade_id": "8c192eed-0881-44f7-9102-3e6a9b276cd6",
            "ticker": "KXHIGHDEN-25JAN19-B17.5",
            "count": 524,
            "created_time": "2025-01-19T19:07:02.866294Z",
            "yes_price": 5,
            "no_price": 95,
            "taker_side": "no"
        },
        {
            "trade_id": "552b399e-f1aa-4958-9b3f-ff7c813c4172",
            "ticker": "KXHIGHDEN-25JAN19-B17.5",
            "count": 2,
            "created_time": "2025-01-19T19:03:58.517241Z",
            "yes_price": 6,
            "no_price": 94,
            "taker_side": "no"
        },
        {
            "trade_id": "515d69bf-e141-47da-955f-ae053baf9f33",
            "ticker": "KXHIGHDEN-25JAN19-B17.5",
            "count": 102,
            "created_time": "2025-01-19T19:03:58.517241Z",
            "yes_price": 5,
            "no_price": 95,
            "taker_side": "no"
        },
        {
            "trade_id": "e40c6c17-8f3d-4545-965c-c596a2a4fdaa",
            "ticker": "KXHIGHDEN-25JAN19-B17.5",
            "count": 48,
            "created_time": "2025-01-19T19:01:51.431801Z",
            "yes_price": 5,
            "no_price": 95,
            "taker_side": "no"
        },
        {
            "trade_id": "9805e84b-e82a-4def-b3f9-66f90096171d",
            "ticker": "KXHIGHDEN-25JAN19-B17.5",
            "count": 2,
            "created_time": "2025-01-19T19:01:51.431801Z",
            "yes_price": 6,
            "no_price": 94,
            "taker_side": "no"
        },
        {
            "trade_id": "9c386cd3-162a-4d80-93b5-8cc860e87980",
            "ticker": "KXHIGHDEN-25JAN19-B17.5",
            "count": 2,
            "created_time": "2025-01-19T19:01:28.960728Z",
            "yes_price": 5,
            "no_price": 95,
            "taker_side": "no"
        },
        {
            "trade_id": "729a242c-0280-4aa5-9e32-d3943da837c3",
            "ticker": "KXHIGHDEN-25JAN19-B17.5",
            "count": 1,
            "created_time": "2025-01-19T19:01:28.960728Z",
            "yes_price": 6,
            "no_price": 94,
            "taker_side": "no"
        },
        {
            "trade_id": "4d829bef-c040-4573-99d6-a5fc7155bec2",
            "ticker": "KXHIGHDEN-25JAN19-B17.5",
            "count": 4,
            "created_time": "2025-01-19T18:46:42.25634Z",
            "yes_price": 9,
            "no_price": 91,
            "taker_side": "no"
        },
        {
            "trade_id": "4925ecf4-78ed-400d-85cb-a7d5a635ac11",
            "ticker": "KXHIGHDEN-25JAN19-B17.5",
