{
    "KXHIGHDEN-25MAY02-T62": [
        {
            "trade_id": "72a3ff93-d367-4332-96e7-7f403174d8b8",
            "ticker": "KXHIGHDEN-25MAY02-T62",
            "count": 1,
            "created_time": "2025-05-02T22:14:54.820691Z",
            "yes_price": 1,
            "no_price": 99,
            "taker_side": "yes"
        },
        {
            "trade_id": "b3c188de-e679-4dde-ac79-8afc2fa41d46",
            "ticker": "KXHIGHDEN-25MAY02-T62",
            "count": 1780,
            "created_time": "2025-05-02T20:31:49.034776Z",
            "yes_price": 1,
            "no_price": 99,
            "taker_side": "no"
        },
        {
            "trade_id": "59a540e6-5b00-44ee-b3aa-6cf3e9c00795",
            "ticker": "KXHIGHDEN-25MAY02-T62",
            "count": 203,
            "created_time": "2025-05-02T20:17:51.561423Z",
            "yes_price": 1,
            "no_price": 99,
            "taker_side": "no"
        },
        {
            "trade_id": "e8af6e38-062f-47e4-9ba6-7879b03d00c1",
            "ticker": "KXHIGHDEN-25MAY02-T62",
            "count": 50,
            "created_time": "2025-05-02T20:15:09.525129Z",
            "yes_price": 4,
            "no_price": 96,
            "taker_side": "yes"
        },
        {
            "trade_id": "8ce51dff-fb49-45ac-8bb7-d0ba67b0d972",
            "ticker": "KXHIGHDEN-25MAY02-T62",
            "count": 30,
            "created_time": "2025-05-02T20:15:09.525129Z",
            "yes_price": 4,
            "no_price": 96,
            "taker_side": "yes"
        },
        {
            "trade_id": "51413f52-d723-4dc3-aeba-798010c1cded",
            "ticker": "KXHIGHDEN-25MAY02-T62",
            "count": 123,
            "created_time": "2025-05-02T20:15:09.525129Z",
            "yes_price": 5,
            "no_price": 95,
            "taker_side": "yes"
        },
        {
            "trade_id": "f6a88d49-1021-4cc6-96da-4b0b4d250dba",
            "ticker": "KXHIGHDEN-25MAY02-T62",
            "count": 50,
            "created_time": "2025-05-02T20:03:17.29224Z",
            "yes_price": 2,
            "no_price": 98,
            "taker_side": "no"
        },
        {
            "trade_id": "c7f07f36-4335-4a55-aa97-bf9c71ea89a2",
            "ticker": "KXHIGHDEN-25MAY02-T62",
            "count": 350,
            "created_time": "2025-05-02T19:58:56.058332Z",
            "yes_price": 5,
            "no_price": 95,
            "taker_side": "yes"
        },
        {
            "trade_id": "87ca2fa0-0618-44ec-b0c6-6725a41713a3",
            "ticker": "KXHIGHDEN-25MAY02-T62",
            "count": 50,
            "created_time": "2025-05-02T19:58:56.058332Z",
            "yes_price": 4,
            "no_price": 96,
            "taker_side": "yes"
        },
        {
            "trade_id": "8be38b8e-aa7e-48b4-9233-09d6bc6a07ea",
            "ticker": "KXHIGHDEN-25MAY02-T62",
            "count": 100,
            "created_time": "2025-05-02T19:42:46.283562Z",
            "yes_price": 7,
            "no_price": 93,
            "taker_side": "yes"
        },
        {
            "trade_id": "dcf2baab-e95c-43e7-a33c-cf97e089d21f",
            "ticker": "KXHIGHDEN-25MAY02-T62",
            "count": 50,
            "created_time": "2025-05-02T19:42:31.375173Z",
            "yes_price": 6,
            "no_price": 94,
            "taker_side": "yes"
        },
        {
            "trade_id": "9f540e93-8a50-41ca-a83e-da4d13a7fa1e",
            "ticker": "KXHIGHDEN-25MAY02-T62",
            "count": 50,
            "created_time": "2025-05-02T19:34:37.981107Z",
            "yes_price": 4,
            "no_price": 96,
            "taker_side": "yes"
        },
        {
            "trade_id": "8011f18c-acc2-45ba-95a9-5a5b5b777fe7",
            "ticker": "KXHIGHDEN-25MAY02-T62",
            "count": 100,
            "created_time": "2025-05-02T19:34:37.981107Z",
            "yes_price": 5,
            "no_price": 95,
            "taker_side": "yes"
        },
        {
            "trade_id": "4a1a1415-b49f-471f-85f7-48b85fee1e90",
            "ticker": "KXHIGHDEN-25MAY02-T62",
            "count": 100,
            "created_time": "2025-05-02T19:34:37.981107Z",
            "yes_price": 4,
            "no_price": 96,
            "taker_side": "yes"
        },
        {
            "trade_id": "4cd646b0-ec68-45ac-bf4e-7f646a092e56",
            "ticker": "KXHIGHDEN-25MAY02-T62",
            "count": 10,
            "created_time": "2025-05-02T19:02:12.174784Z",
            "yes_price": 3,
            "no_price": 97,
            "taker_side": "no"
        },
        {
            "trade_id": "ab9624a9-0360-465a-9fa7-b022c32bfd97",
            "ticker": "KXHIGHDEN-25MAY02-T62",
            "count": 15,
            "created_time": "2025-05-02T19:01:46.556373Z",
            "yes_price": 3,
            "no_price": 97,
            "taker_side": "no"
        },
        {
            "trade_id": "f0cbae0a-8592-4afa-8a7b-6b0d9034e386",
            "ticker": "KXHIGHDEN-25MAY02-T62",
            "count": 100,
            "created_time": "2025-05-02T18:20:52.244782Z",
            "yes_price": 6,
            "no_price": 94,
            "taker_side": "yes"
        },
        {
            "trade_id": "7d5d19e1-b757-4b7c-8eeb-b3868bea11ec",
            "ticker": "KXHIGHDEN-25MAY02-T62",
            "count": 50,
            "created_time": "2025-05-02T18:20:52.244782Z",
            "yes_price": 4,
            "no_price": 96,
            "taker_side": "yes"
        },
        {
            "trade_id": "5fc1978c-ad52-45be-8172-cf28410f47d6",
            "ticker": "KXHIGHDEN-25MAY02-T62",
            "count": 100,
            "created_time": "2025-05-02T18:20:52.244782Z",
            "yes_price": 5,
            "no_price": 95,
            "taker_side": "yes"
        },
        {
            "trade_id": "5d6373c9-d980-4b1f-8680-5975e2329dba",
            "ticker": "KXHIGHDEN-25MAY02-T62",
            "count": 40,
            "created_time": "2025-05-02T18:20:52.244782Z",
            "yes_price": 5,
            "no_price": 95,
            "taker_side": "yes"
        },
        {
            "trade_id": "4f52a44d-9ead-45df-bd30-9616378dc22f",
            "ticker": "KXHIGHDEN-25MAY02-T62",
            "count": 53,
            "created_time": "2025-05-02T18:20:52.244782Z",
            "yes_price": 7,
            "no_price": 93,
            "taker_side": "yes"
        },
        {
            "trade_id": "fef9d8e4-d02c-4878-8859-031827615574",
            "ticker": "KXHIGHDEN-25MAY02-T62",
            "count": 100,
            "created_time": "2025-05-02T18:08:27.352621Z",
            "yes_price": 3,
            "no_price": 97,
            "taker_side": "yes"
        },
        {
            "trade_id": "90cfcfc6-0443-4596-aa5c-871bdc56461e",
            "ticker": "KXHIGHDEN-25MAY02-T62",
            "count": 10,
            "created_time": "2025-05-02T17:52:53.254707Z",
            "yes_price": 3,
            "no_price": 97,
            "taker_side": "no"
        },
        {
            "trade_id": "2ceb0016-b532-4fa8-82f9-46b959ebd02f",
            "ticker": "KXHIGHDEN-25MAY02-T62",
            "count": 10,
            "created_time": "2025-05-02T17:11:55.89151Z",
            "yes_price": 4,
            "no_price": 96,
            "taker_side": "no"
        },
        {
            "trade_id": "21324e79-cf64-4d39-bb1d-94d06b81057f",
            "ticker": "KXHIGHDEN-25MAY02-T62",
            "count": 5,
            "created_time": "2025-05-02T17:10:43.783819Z",
            "yes_price": 4,
            "no_price": 96,
            "taker_side": "no"
        },
        {
            "trade_id": "5692575b-8447-45f4-8eaa-7a7c2dbe8420",
            "ticker": "KXHIGHDEN-25MAY02-T62",
            "count": 20,
            "created_time": "2025-05-02T17:05:14.688719Z",
            "yes_price": 4,
            "no_price": 96,
            "taker_side": "no"
        },
        {
            "trade_id": "827ff002-5e6f-4346-8644-7839c068866d",
            "ticker": "KXHIGHDEN-25MAY02-T62",
            "count": 48,
            "created_time": "2025-05-02T16:18:42.860885Z",
            "yes_price": 5,
            "no_price": 95,
            "taker_side": "yes"
        },
        {
            "trade_id": "6d4b1aa8-7c96-447b-96ea-38a80f33d3f4",
            "ticker": "KXHIGHDEN-25MAY02-T62",
            "count": 102,
            "created_time": "2025-05-02T16:08:13.361183Z",
            "yes_price": 6,
            "no_price": 94,
            "taker_side": "yes"
        },
        {
            "trade_id": "1a56976b-086e-4ef6-8a6e-28f53967e0ab",
            "ticker": "KXHIGHDEN-25MAY02-T62",
            "count": 50,
            "created_time": "2025-05-02T16:08:13.361183Z",
            "yes_price": 5,
            "no_price": 95,
            "taker_side": "yes"
        },
        {
            "trade_id": "71a492d9-9852-4b2b-ac8e-48a736afbb74",
            "ticker": "KXHIGHDEN-25MAY02-T62",
            "count": 50,
            "created_time": "2025-05-02T16:05:35.512014Z",
            "yes_price": 4,
            "no_price": 96,
            "taker_side": "yes"
        },
        {
            "trade_id": "e5b1ebaf-5d45-4b1d-be96-bd253da9f359",
            "ticker": "KXHIGHDEN-25MAY02-T62",
            "count": 2,
            "created_time": "2025-05-02T15:58:49.819409Z",
            "yes_price": 3,
            "no_price": 97,
            "taker_side": "no"
        },
        {
            "trade_id": "f6de54a5-f872-4ab6-a405-b78acb4631f2",
            "ticker": "KXHIGHDEN-25MAY02-T62",
            "count": 11,
            "created_time": "2025-05-02T15:58:36.080163Z",
            "yes_price": 3,
            "no_price": 97,
            "taker_side": "no"
        },
        {
            "trade_id": "f0a8c5de-0dfa-41ee-a79f-c194ca0aa22c",
            "ticker": "KXHIGHDEN-25MAY02-T62",
            "count": 5,
            "created_time": "2025-05-02T15:57:21.106689Z",
            "yes_price": 4,
            "no_price": 96,
            "taker_side": "yes"
        },
        {
            "trade_id": "0f4a7f90-ee62-4d4b-ae8c-a3c4205a3fb9",
            "ticker": "KXHIGHDEN-25MAY02-T62",
            "count": 195,
            "created_time": "2025-05-02T15:57:21.106689Z",
            "yes_price": 4,
            "no_price": 96,
            "taker_side": "yes"
        },
        {
            "trade_id": "f7768fbd-8a43-416c-a82a-0ee6d2adeba6",
            "ticker": "KXHIGHDEN-25MAY02-T62",
            "count": 10,
            "created_time": "2025-05-02T15:31:28.349986Z",
            "yes_price": 3,
            "no_price": 97,
            "taker_side": "no"
        },
        {
            "trade_id": "05c1f7b8-1eaa-4048-bb88-85c7b82965b4",
            "ticker": "KXHIGHDEN-25MAY02-T62",
            "count": 240,
            "created_time": "2025-05-02T15:13:02.834802Z",
            "yes_price": 4,
            "no_price": 96,
            "taker_side": "no"
        },
        {
            "trade_id": "08688660-ddaa-4ce2-bed1-cb0cfc3f1c92",
            "ticker": "KXHIGHDEN-25MAY02-T62",
            "count": 10,
            "created_time": "2025-05-02T14:57:14.690201Z",
            "yes_price": 4,
            "no_price": 96,
            "taker_side": "no"
        },
        {
            "trade_id": "91b47c9a-dee9-4092-bd29-208045fa1c63",
            "ticker": "KXHIGHDEN-25MAY02-T62",
            "count": 638,
            "created_time": "2025-05-02T14:29:10.099004Z",
            "yes_price": 6,
            "no_price": 94,
            "taker_side": "no"
        },
        {
            "trade_id": "4152509f-f320-4f98-9fde-95d8d636939e",
            "ticker": "KXHIGHDEN-25MAY02-T62",
            "count": 5,
            "created_time": "2025-05-02T14:29:10.099004Z",
            "yes_price": 6,
            "no_price": 94,
            "taker_side": "no"
        },
        {
            "trade_id": "140e4fa5-cb6c-4e78-b5de-c759d4b410ad",
            "ticker": "KXHIGHDEN-25MAY02-T62",
            "count": 250,
            "created_time": "2025-05-02T14:29:10.099004Z",
            "yes_price": 6,
            "no_price": 94,
            "taker_side": "no"
        },
        {
            "trade_id": "58d44fe7-63d4-4e2f-adfb-60a95b36c6d1",
            "ticker": "KXHIGHDEN-25MAY02-T62",
            "count": 4,
            "created_time": "2025-05-02T14:15:25.668958Z",
            "yes_price": 6,
            "no_price": 94,
            "taker_side": "no"
        },
        {
            "trade_id": "54e75213-c8b6-4491-b9cf-1925509067be",
            "ticker": "KXHIGHDEN-25MAY02-T62",
            "count": 125,
            "created_time": "2025-05-02T14:05:21.376039Z",
            "yes_price": 6,
            "no_price": 94,
            "taker_side": "no"
        },
        {
            "trade_id": "31b0218a-356d-43c9-b649-e2608a3b57a5",
            "ticker": "KXHIGHDEN-25MAY02-T62",
            "count": 1,
            "created_time": "2025-05-02T14:04:22.183581Z",
            "yes_price": 6,
            "no_price": 94,
            "taker_side": "no"
        },
        {
            "trade_id": "9e7a0ceb-03c6-49e7-b20f-b6e174fd4945",
            "ticker": "KXHIGHDEN-25MAY02-T62",
            "count": 1,
            "created_time": "2025-05-02T14:03:04.460078Z",
            "yes_price": 6,
            "no_price": 94,
            "taker_side": "no"
        },
        {
            "trade_id": "062dc014-90a2-4586-b106-73db40fe7076",
            "ticker": "KXHIGHDEN-25MAY02-T62",
            "count": 79,
            "created_time": "2025-05-02T13:28:08.718049Z",
            "yes_price": 10,
            "no_price": 90,
            "taker_side": "no"
        },
        {
            "trade_id": "950e85f4-447d-4b0b-a741-26f3ae66a5b3",
            "ticker": "KXHIGHDEN-25MAY02-T62",
            "count": 200,
            "created_time": "2025-05-02T13:25:14.574701Z",
            "yes_price": 10,
            "no_price": 90,
            "taker_side": "no"
        },
        {
            "trade_id": "eff4ca9d-a464-4440-8c76-ed4fdb08b45a",
            "ticker": "KXHIGHDEN-25MAY02-T62",
            "count": 11,
            "created_time": "2025-05-02T12:55:16.99304Z",
            "yes_price": 10,
            "no_price": 90,
            "taker_side": "no"
        },
        {
            "trade_id": "6859dee0-f1ca-47a0-903c-e4b6dcdb730a",
            "ticker": "KXHIGHDEN-25MAY02-T62",
            "count": 5,
            "created_time": "2025-05-02T12:55:13.191045Z",
            "yes_price": 11,
            "no_price": 89,
            "taker_side": "no"
        },
        {
            "trade_id": "5567c45f-43e1-4fe5-aab0-3fd096b3dffb",
            "ticker": "KXHIGHDEN-25MAY02-T62",
            "count": 90,
            "created_time": "2025-05-02T12:35:24.870842Z",
            "yes_price": 8,
            "no_price": 92,
            "taker_side": "no"
        },
        {
            "trade_id": "4b938afe-3493-40e6-a2f7-5e9d0f84bdcb",
            "ticker": "KXHIGHDEN-25MAY02-T62",
            "count": 40,
            "created_time": "2025-05-02T12:26:03.740692Z",
            "yes_price": 10,
            "no_price": 90,
            "taker_side": "no"
        },
        {
            "trade_id": "138a271f-cd2e-4fe1-b8a4-d85cc5903759",
            "ticker": "KXHIGHDEN-25MAY02-T62",
            "count": 79,
            "created_time": "2025-05-02T12:26:00.877608Z",
            "yes_price": 10,
            "no_price": 90,
            "taker_side": "no"
        },
        {
            "trade_id": "67a54f67-4424-41c3-9a00-43c07836276b",
            "ticker": "KXHIGHDEN-25MAY02-T62",
            "count": 31,
            "created_time": "2025-05-02T12:25:03.577154Z",
            "yes_price": 10,
            "no_price": 90,
            "taker_side": "no"
        },
        {
            "trade_id": "ac936727-29b7-427c-895b-6e8daf6f9f8c",
            "ticker": "KXHIGHDEN-25MAY02-T62",
            "count": 2,
            "created_time": "2025-05-02T12:25:03.535489Z",
            "yes_price": 10,
            "no_price": 90,
            "taker_side": "no"
        },
        {
            "trade_id": "203a50b3-8d77-4a32-b32b-41252ac8354b",
            "ticker": "KXHIGHDEN-25MAY02-T62",
            "count": 10,
            "created_time": "2025-05-02T12:24:56.697739Z",
            "yes_price": 10,
            "no_price": 90,
            "taker_side": "no"
        },
        {
            "trade_id": "33fc8b20-64de-43e5-97a4-f1df307e8a26",
            "ticker": "KXHIGHDEN-25MAY02-T62",
            "count": 14,
            "created_time": "2025-05-02T12:24:55.341172Z",
            "yes_price": 10,
            "no_price": 90,
            "taker_side": "no"
        },
        {
            "trade_id": "587e5cd4-71d1-412f-8fda-003db11c4ef7",
            "ticker": "KXHIGHDEN-25MAY02-T62",
            "count": 8,
            "created_time": "2025-05-02T12:24:55.272345Z",
            "yes_price": 7,
            "no_price": 93,
            "taker_side": "yes"
        },
        {
            "trade_id": "16bb443e-414e-4722-b324-2bb3b8440299",
            "ticker": "KXHIGHDEN-25MAY02-T62",
            "count": 148,
            "created_time": "2025-05-02T12:24:55.272345Z",
            "yes_price": 8,
            "no_price": 92,
            "taker_side": "yes"
        },
        {
            "trade_id": "9cd53549-d747-420d-8900-e0dcd32b358c",
            "ticker": "KXHIGHDEN-25MAY02-T62",
            "count": 2,
            "created_time": "2025-05-02T12:15:35.613009Z",
            "yes_price": 8,
            "no_price": 92,
            "taker_side": "no"
        },
        {
            "trade_id": "09a7344b-bcd0-4a15-b96b-d2899eaf6b30",
            "ticker": "KXHIGHDEN-25MAY02-T62",
            "count": 18,
            "created_time": "2025-05-02T12:14:02.21598Z",
            "yes_price": 8,
            "no_price": 92,
            "taker_side": "no"
        },
        {
            "trade_id": "958fe130-fe44-42b9-b792-8248d633249c",
            "ticker": "KXHIGHDEN-25MAY02-T62",
            "count": 15,
            "created_time": "2025-05-02T12:13:51.864101Z",
            "yes_price": 9,
            "no_price": 91,
            "taker_side": "no"
        },
        {
            "trade_id": "95ce00ac-4af0-48e2-beec-9f11b7539334",
            "ticker": "KXHIGHDEN-25MAY02-T62",
            "count": 1,
            "created_time": "2025-05-02T12:13:41.345047Z",
            "yes_price": 9,
            "no_price": 91,
            "taker_side": "no"
        },
        {
            "trade_id": "27da1559-a80b-4431-be68-82f13f15de95",
            "ticker": "KXHIGHDEN-25MAY02-T62",
            "count": 13,
            "created_time": "2025-05-02T12:10:27.094968Z",
            "yes_price": 10,
            "no_price": 90,
            "taker_side": "yes"
        },
        {
            "trade_id": "a7616261-e1fb-42ca-b3c3-3e19b1a4eb81",
            "ticker": "KXHIGHDEN-25MAY02-T62",
            "count": 12,
            "created_time": "2025-05-02T12:09:18.722742Z",
            "yes_price": 11,
            "no_price": 89,
            "taker_side": "yes"
        },
        {
            "trade_id": "37c2ec81-85be-4cc9-aaa6-11dc032cf245",
            "ticker": "KXHIGHDEN-25MAY02-T62",
            "count": 4,
            "created_time": "2025-05-02T12:05:11.792367Z",
            "yes_price": 12,
            "no_price": 88,
            "taker_side": "no"
        },
        {
            "trade_id": "6d9adb89-295e-4329-8037-a731417a2d07",
            "ticker": "KXHIGHDEN-25MAY02-T62",
            "count": 5,
            "created_time": "2025-05-02T12:03:32.086119Z",
            "yes_price": 12,
            "no_price": 88,
            "taker_side": "no"
        },
        {
            "trade_id": "87ac8943-4a36-41fb-a9cf-88341f22c91a",
            "ticker": "KXHIGHDEN-25MAY02-T62",
            "count": 5,
            "created_time": "2025-05-02T12:03:25.175966Z",
            "yes_price": 13,
            "no_price": 87,
            "taker_side": "yes"
        },
        {
            "trade_id": "e81843a2-f649-4736-a560-ae0e4c88e8af",
            "ticker": "KXHIGHDEN-25MAY02-T62",
            "count": 8,
            "created_time": "2025-05-02T12:02:13.320224Z",
            "yes_price": 13,
            "no_price": 87,
            "taker_side": "no"
        },
        {
            "trade_id": "3ff000b8-e905-4f03-aa0b-31f0152cc3c8",
            "ticker": "KXHIGHDEN-25MAY02-T62",
            "count": 2,
            "created_time": "2025-05-02T12:02:12.36499Z",
            "yes_price": 13,
            "no_price": 87,
            "taker_side": "no"
        },
        {
            "trade_id": "0a1af3df-26ef-4762-aad0-527d9aeabbce",
            "ticker": "KXHIGHDEN-25MAY02-T62",
            "count": 1,
            "created_time": "2025-05-02T12:02:11.486053Z",
            "yes_price": 13,
            "no_price": 87,
            "taker_side": "no"
        },
        {
            "trade_id": "3c01ce73-3aee-4d17-983f-3d3e3588cb3b",
            "ticker": "KXHIGHDEN-25MAY02-T62",
            "count": 17,
            "created_time": "2025-05-02T12:02:11.155387Z",
            "yes_price": 14,
            "no_price": 86,
            "taker_side": "yes"
        },
        {
            "trade_id": "c344e532-2698-408f-8dfb-d4fa45bd9194",
            "ticker": "KXHIGHDEN-25MAY02-T62",
            "count": 17,
            "created_time": "2025-05-02T12:00:59.314448Z",
            "yes_price": 10,
            "no_price": 90,
            "taker_side": "no"
        },
        {
            "trade_id": "5e26df0a-0825-4e0b-863e-79e6fcecafb0",
            "ticker": "KXHIGHDEN-25MAY02-T62",
            "count": 9,
            "created_time": "2025-05-02T12:00:56.014503Z",
            "yes_price": 10,
            "no_price": 90,
            "taker_side": "no"
        },
        {
            "trade_id": "82eff110-3587-46c8-a4c4-8a5738c5a21b",
            "ticker": "KXHIGHDEN-25MAY02-T62",
            "count": 8,
            "created_time": "2025-05-02T12:00:55.938606Z",
            "yes_price": 10,
            "no_price": 90,
            "taker_side": "yes"
        },
        {
            "trade_id": "7b80d6d7-2196-4229-b7be-314958320c9a",
            "ticker": "KXHIGHDEN-25MAY02-T62",
            "count": 10,
            "created_time": "2025-05-02T06:34:01.622677Z",
            "yes_price": 6,
            "no_price": 94,
            "taker_side": "no"
        },
        {
            "trade_id": "86b987ad-3a9e-4377-bbe1-402ddb127b7e",
            "ticker": "KXHIGHDEN-25MAY02-T62",
            "count": 10,
            "created_time": "2025-05-02T06:34:00.782907Z",
            "yes_price": 6,
            "no_price": 94,
            "taker_side": "no"
        },
        {
            "trade_id": "564be6a8-be4b-44b7-bea7-f7a2efdb37ce",
            "ticker": "KXHIGHDEN-25MAY02-T62",
            "count": 12,
            "created_time": "2025-05-02T06:33:55.25464Z",
            "yes_price": 6,
            "no_price": 94,
            "taker_side": "no"
        },
        {
            "trade_id": "748e465b-ace3-4efd-9e07-07b0166ea485",
            "ticker": "KXHIGHDEN-25MAY02-T62",
            "count": 4,
            "created_time": "2025-05-02T06:30:47.850741Z",
            "yes_price": 6,
            "no_price": 94,
            "taker_side": "no"
        },
        {
            "trade_id": "3572fd35-61ab-48eb-b104-693e2bb7b06d",
            "ticker": "KXHIGHDEN-25MAY02-T62",
            "count": 8,
            "created_time": "2025-05-02T06:15:30.244705Z",
            "yes_price": 7,
            "no_price": 93,
            "taker_side": "no"
        },
        {
            "trade_id": "ae051b21-5708-42d3-bd43-143b94e009f5",
            "ticker": "KXHIGHDEN-25MAY02-T62",
            "count": 9,
            "created_time": "2025-05-02T05:49:45.231167Z",
            "yes_price": 6,
            "no_price": 94,
            "taker_side": "no"
        },
        {
            "trade_id": "05138528-ae33-46d4-94af-8c3fb75ba3e6",
            "ticker": "KXHIGHDEN-25MAY02-T62",
            "count": 9,
            "created_time": "2025-05-02T05:49:29.255933Z",
            "yes_price": 6,
            "no_price": 94,
            "taker_side": "no"
        },
        {
            "trade_id": "2cb37975-7410-4f11-9f8a-5414466a6765",
            "ticker": "KXHIGHDEN-25MAY02-T62",
            "count": 10,
            "created_time": "2025-05-02T05:49:16.662155Z",
            "yes_price": 6,
            "no_price": 94,
            "taker_side": "no"
        },
        {
            "trade_id": "5a5ba419-5b44-4319-9568-3757e49044c1",
            "ticker": "KXHIGHDEN-25MAY02-T62",
            "count": 10,
            "created_time": "2025-05-02T04:54:02.575469Z",
            "yes_price": 5,
            "no_price": 95,
            "taker_side": "no"
        }
    ],
    "KXHIGHDEN-25MAY02-B62.5": [
        {
            "trade_id": "92d16e95-b6c1-45ed-8bbb-10c56c360bab",
            "ticker": "KXHIGHDEN-25MAY02-B62.5",
            "count": 2,
            "created_time": "2025-05-02T21:51:09.900644Z",
            "yes_price": 1,
            "no_price": 99,
            "taker_side": "yes"
        },
        {
            "trade_id": "f7c41b87-930b-45c2-8e73-491ffc1d8191",
            "ticker": "KXHIGHDEN-25MAY02-B62.5",
            "count": 5,
            "created_time": "2025-05-02T21:43:20.149738Z",
            "yes_price": 1,
            "no_price": 99,
            "taker_side": "yes"
        },
        {
            "trade_id": "ce8cdf09-00c3-4442-9b5c-90e3b5d2fdd8",
            "ticker": "KXHIGHDEN-25MAY02-B62.5",
            "count": 900,
            "created_time": "2025-05-02T21:37:41.202842Z",
            "yes_price": 1,
            "no_price": 99,
            "taker_side": "yes"
        },
        {
            "trade_id": "7ec19174-bcb6-426e-9d82-657e4e4f39b7",
            "ticker": "KXHIGHDEN-25MAY02-B62.5",
            "count": 5,
            "created_time": "2025-05-02T21:35:54.34316Z",
            "yes_price": 1,
            "no_price": 99,
            "taker_side": "yes"
        },
        {
            "trade_id": "ad01a26d-268d-44f3-bf4d-78fdb9537119",
            "ticker": "KXHIGHDEN-25MAY02-B62.5",
            "count": 35,
            "created_time": "2025-05-02T21:33:40.904225Z",
            "yes_price": 1,
            "no_price": 99,
            "taker_side": "yes"
        },
        {
            "trade_id": "d7d24a18-c9f2-4f09-bb34-7d224ff2c476",
            "ticker": "KXHIGHDEN-25MAY02-B62.5",
            "count": 100,
            "created_time": "2025-05-02T21:32:08.145156Z",
            "yes_price": 1,
            "no_price": 99,
            "taker_side": "no"
        },
        {
            "trade_id": "abc9615a-2956-464c-a236-0c5e0ac76355",
            "ticker": "KXHIGHDEN-25MAY02-B62.5",
            "count": 149,
            "created_time": "2025-05-02T21:32:08.145156Z",
            "yes_price": 1,
            "no_price": 99,
            "taker_side": "no"
        },
        {
            "trade_id": "58b63a65-8507-4243-b6a2-d66c9ba74e10",
            "ticker": "KXHIGHDEN-25MAY02-B62.5",
            "count": 21,
            "created_time": "2025-05-02T21:30:25.153729Z",
            "yes_price": 24,
            "no_price": 76,
            "taker_side": "yes"
        },
        {
            "trade_id": "21f48785-c91f-45a6-a390-16ad4e743d54",
            "ticker": "KXHIGHDEN-25MAY02-B62.5",
            "count": 3,
            "created_time": "2025-05-02T21:30:25.153729Z",
            "yes_price": 24,
            "no_price": 76,
            "taker_side": "yes"
        },
        {
            "trade_id": "79c4953c-191e-40fa-bb68-c69730649f5d",
            "ticker": "KXHIGHDEN-25MAY02-B62.5",
            "count": 29,
            "created_time": "2025-05-02T21:29:21.550837Z",
            "yes_price": 2,
            "no_price": 98,
            "taker_side": "no"
        },
        {
            "trade_id": "004bd9b3-86be-4b88-b857-0efada3cf25c",
            "ticker": "KXHIGHDEN-25MAY02-B62.5",
            "count": 27,
            "created_time": "2025-05-02T21:22:12.31605Z",
            "yes_price": 2,
            "no_price": 98,
            "taker_side": "no"
        },
        {
            "trade_id": "bf7cbcad-e669-492a-84f4-da866bd6217f",
            "ticker": "KXHIGHDEN-25MAY02-B62.5",
            "count": 9,
            "created_time": "2025-05-02T21:13:52.379616Z",
            "yes_price": 19,
            "no_price": 81,
            "taker_side": "yes"
        },
        {
            "trade_id": "14daa73e-73b5-4f2c-8116-4ccde2141538",
            "ticker": "KXHIGHDEN-25MAY02-B62.5",
            "count": 40,
            "created_time": "2025-05-02T21:13:52.379616Z",
            "yes_price": 19,
            "no_price": 81,
            "taker_side": "yes"
        },
        {
            "trade_id": "af0f31ad-da92-4c69-a5e1-a4f81ae54a1e",
            "ticker": "KXHIGHDEN-25MAY02-B62.5",
            "count": 20,
            "created_time": "2025-05-02T21:05:34.042356Z",
            "yes_price": 1,
            "no_price": 99,
            "taker_side": "no"
        },
        {
            "trade_id": "7b7bcee1-4b7a-4751-b073-7cddcc97f861",
            "ticker": "KXHIGHDEN-25MAY02-B62.5",
            "count": 30,
            "created_time": "2025-05-02T21:05:34.042356Z",
            "yes_price": 1,
            "no_price": 99,
            "taker_side": "no"
        },
        {
            "trade_id": "d7eafdbe-c1e7-4806-9c33-f0d2acce9c4a",
            "ticker": "KXHIGHDEN-25MAY02-B62.5",
            "count": 5,
            "created_time": "2025-05-02T21:03:17.493115Z",
            "yes_price": 2,
            "no_price": 98,
            "taker_side": "no"
        },
        {
            "trade_id": "c8816a5b-76ec-485e-b581-ff083c776286",
            "ticker": "KXHIGHDEN-25MAY02-B62.5",
            "count": 6,
            "created_time": "2025-05-02T21:03:11.39872Z",
            "yes_price": 2,
            "no_price": 98,
            "taker_side": "no"
        },
        {
            "trade_id": "2fcd5eb3-7f5b-4dcb-a632-5d0598213659",
            "ticker": "KXHIGHDEN-25MAY02-B62.5",
            "count": 40,
            "created_time": "2025-05-02T21:03:11.39872Z",
            "yes_price": 4,
            "no_price": 96,
            "taker_side": "no"
        },
        {
            "trade_id": "87718fc1-f036-4176-bbfa-eb6f7b7c56d3",
            "ticker": "KXHIGHDEN-25MAY02-B62.5",
            "count": 40,
            "created_time": "2025-05-02T21:03:03.816223Z",
            "yes_price": 5,
            "no_price": 95,
            "taker_side": "no"
        },
        {
            "trade_id": "616a4c17-1629-4dcf-b01d-cc80f27c759b",
            "ticker": "KXHIGHDEN-25MAY02-B62.5",
            "count": 40,
            "created_time": "2025-05-02T21:01:58.880574Z",
            "yes_price": 6,
            "no_price": 94,
            "taker_side": "no"
        },
        {
            "trade_id": "0fe2b581-a940-437c-aa52-d83c9a9defea",
            "ticker": "KXHIGHDEN-25MAY02-B62.5",
            "count": 15,
            "created_time": "2025-05-02T21:01:58.880574Z",
            "yes_price": 7,
            "no_price": 93,
            "taker_side": "no"
        },
        {
            "trade_id": "c7643298-6f4f-4ced-884c-e1db27aa3025",
            "ticker": "KXHIGHDEN-25MAY02-B62.5",
            "count": 25,
            "created_time": "2025-05-02T21:01:40.925929Z",
            "yes_price": 7,
            "no_price": 93,
            "taker_side": "no"
        },
        {
            "trade_id": "74c98256-460c-41cd-bd17-b2b1d2359147",
            "ticker": "KXHIGHDEN-25MAY02-B62.5",
            "count": 40,
            "created_time": "2025-05-02T20:57:48.846369Z",
            "yes_price": 16,
            "no_price": 84,
            "taker_side": "no"
        },
        {
            "trade_id": "cbee645f-b904-4f83-af92-59381f66b265",
            "ticker": "KXHIGHDEN-25MAY02-B62.5",
            "count": 50,
            "created_time": "2025-05-02T20:57:37.096781Z",
            "yes_price": 17,
            "no_price": 83,
            "taker_side": "no"
        },
        {
            "trade_id": "388899e5-6907-4c66-9bdb-bbd4ee808673",
            "ticker": "KXHIGHDEN-25MAY02-B62.5",
            "count": 20,
            "created_time": "2025-05-02T20:57:03.857053Z",
            "yes_price": 27,
            "no_price": 73,
            "taker_side": "no"
        },
        {
            "trade_id": "ec610571-cda1-43c5-a7ec-1ac70811b4b2",
            "ticker": "KXHIGHDEN-25MAY02-B62.5",
            "count": 20,
            "created_time": "2025-05-02T20:30:41.016973Z",
            "yes_price": 41,
            "no_price": 59,
            "taker_side": "yes"
        },
        {
            "trade_id": "c5d29032-1edf-43e4-ad8e-b894a9b13351",
            "ticker": "KXHIGHDEN-25MAY02-B62.5",
            "count": 4,
            "created_time": "2025-05-02T20:30:41.016973Z",
            "yes_price": 40,
            "no_price": 60,
            "taker_side": "yes"
        },
        {
            "trade_id": "a411570f-a0a5-4881-adc4-8d762450efeb",
            "ticker": "KXHIGHDEN-25MAY02-B62.5",
            "count": 18,
            "created_time": "2025-05-02T20:30:41.016973Z",
            "yes_price": 44,
            "no_price": 56,
            "taker_side": "yes"
        },
        {
            "trade_id": "2c67b2f1-31fa-4580-bb65-e2de7e3a6c7c",
            "ticker": "KXHIGHDEN-25MAY02-B62.5",
            "count": 50,
            "created_time": "2025-05-02T20:30:41.016973Z",
            "yes_price": 43,
            "no_price": 57,
            "taker_side": "yes"
        },
        {
            "trade_id": "1f7acb73-6219-4215-b492-8f93c32507db",
            "ticker": "KXHIGHDEN-25MAY02-B62.5",
            "count": 1,
            "created_time": "2025-05-02T20:30:41.016973Z",
            "yes_price": 44,
            "no_price": 56,
            "taker_side": "yes"
        },
        {
            "trade_id": "f4e95157-227c-4503-9dc1-06bae1f164d3",
            "ticker": "KXHIGHDEN-25MAY02-B62.5",
            "count": 20,
            "created_time": "2025-05-02T20:25:01.867861Z",
            "yes_price": 29,
            "no_price": 71,
            "taker_side": "no"
        },
        {
            "trade_id": "1c394255-e706-40d6-88b8-48497d5cf479",
            "ticker": "KXHIGHDEN-25MAY02-B62.5",
            "count": 1,
            "created_time": "2025-05-02T20:21:38.024063Z",
            "yes_price": 29,
            "no_price": 71,
            "taker_side": "no"
        },
        {
            "trade_id": "f674caea-206f-4f53-9cf9-22de8eb1707c",
            "ticker": "KXHIGHDEN-25MAY02-B62.5",
            "count": 1,
            "created_time": "2025-05-02T20:21:20.024281Z",
            "yes_price": 36,
            "no_price": 64,
            "taker_side": "no"
        },
        {
            "trade_id": "c9fe2e5e-fd95-4dcc-9368-a07d73212c88",
            "ticker": "KXHIGHDEN-25MAY02-B62.5",
            "count": 66,
            "created_time": "2025-05-02T20:21:20.024281Z",
            "yes_price": 37,
            "no_price": 63,
            "taker_side": "no"
        },
        {
            "trade_id": "4dc95f45-87c1-4a48-81aa-efb590b93b2b",
            "ticker": "KXHIGHDEN-25MAY02-B62.5",
            "count": 4,
            "created_time": "2025-05-02T20:21:20.024281Z",
            "yes_price": 30,
            "no_price": 70,
            "taker_side": "no"
        },
        {
            "trade_id": "1a2a4681-19ef-4224-8466-f3f67d8f2cd8",
            "ticker": "KXHIGHDEN-25MAY02-B62.5",
            "count": 10,
            "created_time": "2025-05-02T20:19:31.828486Z",
            "yes_price": 42,
            "no_price": 58,
            "taker_side": "no"
        },
        {
            "trade_id": "f244b738-7dbe-4b64-b60d-4b06a5dc63ba",
            "ticker": "KXHIGHDEN-25MAY02-B62.5",
            "count": 1,
            "created_time": "2025-05-02T20:12:33.703188Z",
            "yes_price": 49,
            "no_price": 51,
            "taker_side": "yes"
        },
        {
            "trade_id": "4a367821-9730-4a53-8a33-5109b72602d1",
            "ticker": "KXHIGHDEN-25MAY02-B62.5",
            "count": 20,
            "created_time": "2025-05-02T20:08:52.517504Z",
            "yes_price": 52,
            "no_price": 48,
            "taker_side": "yes"
        },
        {
            "trade_id": "c5f87f0d-66c9-48f2-a7c7-d61e4bc12a2b",
            "ticker": "KXHIGHDEN-25MAY02-B62.5",
            "count": 25,
            "created_time": "2025-05-02T20:06:51.182104Z",
            "yes_price": 48,
            "no_price": 52,
            "taker_side": "yes"
        },
        {
            "trade_id": "9ae98890-e4cb-4b04-a3e0-e4a0956c0a5f",
            "ticker": "KXHIGHDEN-25MAY02-B62.5",
            "count": 250,
            "created_time": "2025-05-02T20:06:51.182104Z",
            "yes_price": 49,
            "no_price": 51,
            "taker_side": "yes"
        },
        {
            "trade_id": "8b2383d3-aa4b-49c7-9ddb-1c184e85672a",
            "ticker": "KXHIGHDEN-25MAY02-B62.5",
            "count": 14,
            "created_time": "2025-05-02T20:06:51.182104Z",
            "yes_price": 44,
            "no_price": 56,
            "taker_side": "yes"
        },
        {
            "trade_id": "61ca5de3-3574-491c-8555-768497d433e1",
            "ticker": "KXHIGHDEN-25MAY02-B62.5",
            "count": 11,
            "created_time": "2025-05-02T20:06:51.182104Z",
            "yes_price": 48,
            "no_price": 52,
            "taker_side": "yes"
        },
        {
            "trade_id": "f65fb4f6-bd6f-4026-9d14-2094a9868e51",
            "ticker": "KXHIGHDEN-25MAY02-B62.5",
            "count": 19,
            "created_time": "2025-05-02T20:06:25.036981Z",
            "yes_price": 44,
            "no_price": 56,
            "taker_side": "yes"
        },
        {
            "trade_id": "b7d23eec-9fd1-4158-84d0-ee6730f8e3c8",
            "ticker": "KXHIGHDEN-25MAY02-B62.5",
            "count": 50,
            "created_time": "2025-05-02T20:06:25.036981Z",
            "yes_price": 43,
            "no_price": 57,
            "taker_side": "yes"
        },
        {
            "trade_id": "80225f09-8687-4f1a-9869-2ca64c84175b",
            "ticker": "KXHIGHDEN-25MAY02-B62.5",
            "count": 12,
            "created_time": "2025-05-02T20:06:25.036981Z",
            "yes_price": 44,
            "no_price": 56,
            "taker_side": "yes"
        },
        {
            "trade_id": "d8839d80-d958-4d15-b9fa-4a0c43cc0bd0",
            "ticker": "KXHIGHDEN-25MAY02-B62.5",
            "count": 40,
            "created_time": "2025-05-02T20:05:18.270165Z",
            "yes_price": 40,
            "no_price": 60,
            "taker_side": "yes"
        },
        {
            "trade_id": "d8389cb2-7127-419c-930f-f48e25b7d50a",
            "ticker": "KXHIGHDEN-25MAY02-B62.5",
            "count": 11,
            "created_time": "2025-05-02T20:05:18.270165Z",
            "yes_price": 39,
            "no_price": 61,
            "taker_side": "yes"
        },
        {
            "trade_id": "6c3798b5-e944-4a56-a922-0c9e3d729733",
            "ticker": "KXHIGHDEN-25MAY02-B62.5",
            "count": 14,
            "created_time": "2025-05-02T20:05:18.270165Z",
            "yes_price": 37,
            "no_price": 63,
            "taker_side": "yes"
        },
        {
            "trade_id": "1c422f83-02a7-49de-9967-ef750e1a3bcf",
            "ticker": "KXHIGHDEN-25MAY02-B62.5",
            "count": 8,
            "created_time": "2025-05-02T20:05:18.270165Z",
            "yes_price": 38,
            "no_price": 62,
            "taker_side": "yes"
        },
        {
            "trade_id": "038d0ed1-92cf-4c9b-8f27-29cde8ee853e",
            "ticker": "KXHIGHDEN-25MAY02-B62.5",
            "count": 25,
            "created_time": "2025-05-02T20:05:18.270165Z",
            "yes_price": 37,
            "no_price": 63,
            "taker_side": "yes"
        },
        {
            "trade_id": "012511ef-2be7-4073-94b8-01a45b92014a",
            "ticker": "KXHIGHDEN-25MAY02-B62.5",
            "count": 50,
            "created_time": "2025-05-02T20:05:01.436363Z",
            "yes_price": 35,
            "no_price": 65,
            "taker_side": "yes"
        },
        {
            "trade_id": "f2cf7f7f-647b-407c-af19-fc99d1f94e28",
            "ticker": "KXHIGHDEN-25MAY02-B62.5",
            "count": 1,
            "created_time": "2025-05-02T19:38:38.594022Z",
            "yes_price": 33,
            "no_price": 67,
            "taker_side": "yes"
        },
        {
            "trade_id": "fa053357-014f-452e-88c3-8ff33c264c9c",
            "ticker": "KXHIGHDEN-25MAY02-B62.5",
            "count": 20,
            "created_time": "2025-05-02T19:32:15.559057Z",
            "yes_price": 34,
            "no_price": 66,
            "taker_side": "yes"
        },
        {
            "trade_id": "f46a502b-e58d-4b95-9513-198c7d433e00",
            "ticker": "KXHIGHDEN-25MAY02-B62.5",
            "count": 31,
            "created_time": "2025-05-02T19:18:11.213154Z",
            "yes_price": 36,
            "no_price": 64,
            "taker_side": "yes"
        },
        {
            "trade_id": "e2a20446-2557-40e5-a38b-3ab7d238acbb",
            "ticker": "KXHIGHDEN-25MAY02-B62.5",
            "count": 55,
            "created_time": "2025-05-02T19:18:11.213154Z",
            "yes_price": 34,
            "no_price": 66,
            "taker_side": "yes"
        },
        {
            "trade_id": "20ccf38f-cc3a-4418-84ab-8acf9e7e73df",
            "ticker": "KXHIGHDEN-25MAY02-B62.5",
            "count": 50,
            "created_time": "2025-05-02T19:18:11.213154Z",
            "yes_price": 35,
            "no_price": 65,
            "taker_side": "yes"
        },
        {
            "trade_id": "c33ad11e-504b-47cc-ad68-12f68a55f75f",
            "ticker": "KXHIGHDEN-25MAY02-B62.5",
            "count": 19,
            "created_time": "2025-05-02T19:18:09.477233Z",
            "yes_price": 24,
            "no_price": 76,
            "taker_side": "no"
        },
        {
            "trade_id": "1f1c44c8-a7d3-4d93-91f7-d53789f14685",
            "ticker": "KXHIGHDEN-25MAY02-B62.5",
            "count": 50,
            "created_time": "2025-05-02T19:18:09.477233Z",
            "yes_price": 25,
            "no_price": 75,
            "taker_side": "no"
        },
        {
            "trade_id": "0f2953b4-824a-4a8f-beea-0e45e46661a1",
            "ticker": "KXHIGHDEN-25MAY02-B62.5",
            "count": 1,
            "created_time": "2025-05-02T19:18:09.477233Z",
            "yes_price": 23,
            "no_price": 77,
            "taker_side": "no"
        },
        {
            "trade_id": "f4f35645-d34d-446c-b1f5-e272ace83f45",
            "ticker": "KXHIGHDEN-25MAY02-B62.5",
            "count": 12,
            "created_time": "2025-05-02T19:15:32.58597Z",
            "yes_price": 31,
            "no_price": 69,
            "taker_side": "yes"
        },
        {
            "trade_id": "9dbf7f01-a2ce-4521-a388-e87e1e454098",
            "ticker": "KXHIGHDEN-25MAY02-B62.5",
            "count": 20,
            "created_time": "2025-05-02T19:14:28.620157Z",
            "yes_price": 32,
            "no_price": 68,
            "taker_side": "yes"
        },
        {
            "trade_id": "6ee87cbf-2a8f-4174-8aaf-e73d63f71cfa",
            "ticker": "KXHIGHDEN-25MAY02-B62.5",
            "count": 5,
            "created_time": "2025-05-02T19:14:10.154633Z",
            "yes_price": 30,
            "no_price": 70,
            "taker_side": "yes"
        },
        {
            "trade_id": "df005301-b457-497a-a329-217edda43678",
            "ticker": "KXHIGHDEN-25MAY02-B62.5",
            "count": 12,
            "created_time": "2025-05-02T19:11:36.165686Z",
            "yes_price": 28,
            "no_price": 72,
            "taker_side": "yes"
        },
        {
            "trade_id": "ea740737-9f66-4522-93a2-b96ce30b01fe",
            "ticker": "KXHIGHDEN-25MAY02-B62.5",
            "count": 1,
            "created_time": "2025-05-02T19:09:21.687654Z",
            "yes_price": 28,
            "no_price": 72,
            "taker_side": "no"
        },
        {
            "trade_id": "a2c02bc6-ee57-4181-859a-9240ff7d6a18",
            "ticker": "KXHIGHDEN-25MAY02-B62.5",
            "count": 15,
            "created_time": "2025-05-02T19:09:14.322108Z",
            "yes_price": 30,
            "no_price": 70,
            "taker_side": "yes"
        },
        {
            "trade_id": "045324c0-2a32-496d-a102-e68938932af3",
            "ticker": "KXHIGHDEN-25MAY02-B62.5",
            "count": 50,
            "created_time": "2025-05-02T19:07:58.433782Z",
            "yes_price": 29,
            "no_price": 71,
            "taker_side": "yes"
        },
        {
            "trade_id": "ebe6ed4d-1f14-4e72-b621-4b49bec17a37",
            "ticker": "KXHIGHDEN-25MAY02-B62.5",
            "count": 50,
            "created_time": "2025-05-02T19:06:18.325394Z",
            "yes_price": 32,
            "no_price": 68,
            "taker_side": "yes"
        },
        {
            "trade_id": "047bb8db-49ac-491c-a2c0-803f4f0311cb",
            "ticker": "KXHIGHDEN-25MAY02-B62.5",
            "count": 11,
            "created_time": "2025-05-02T19:05:26.708121Z",
            "yes_price": 24,
            "no_price": 76,
            "taker_side": "no"
        },
        {
            "trade_id": "802b2e74-85d4-4337-9c1c-4eb81f9b7cbf",
            "ticker": "KXHIGHDEN-25MAY02-B62.5",
            "count": 20,
            "created_time": "2025-05-02T19:04:43.420692Z",
            "yes_price": 24,
            "no_price": 76,
            "taker_side": "no"
        },
        {
            "trade_id": "83ca3a18-33a0-4825-bf05-5a320821a7ad",
            "ticker": "KXHIGHDEN-25MAY02-B62.5",
            "count": 10,
            "created_time": "2025-05-02T19:02:12.185773Z",
            "yes_price": 29,
            "no_price": 71,
            "taker_side": "no"
        },
        {
            "trade_id": "a8252172-b08d-415e-9675-df40482d04b4",
            "ticker": "KXHIGHDEN-25MAY02-B62.5",
            "count": 15,
            "created_time": "2025-05-02T19:01:46.553347Z",
            "yes_price": 25,
            "no_price": 75,
            "taker_side": "no"
        },
        {
            "trade_id": "f1ed94a6-eb73-47ec-93c6-394b976ca7c9",
            "ticker": "KXHIGHDEN-25MAY02-B62.5",
            "count": 10,
            "created_time": "2025-05-02T19:00:38.348377Z",
            "yes_price": 23,
            "no_price": 77,
            "taker_side": "yes"
        },
        {
            "trade_id": "dac2511d-0886-4f15-8c98-bd1563198416",
            "ticker": "KXHIGHDEN-25MAY02-B62.5",
            "count": 10,
            "created_time": "2025-05-02T19:00:38.348377Z",
            "yes_price": 21,
            "no_price": 79,
            "taker_side": "yes"
        },
        {
            "trade_id": "b2425304-2241-4488-b336-55c6419cf8d9",
            "ticker": "KXHIGHDEN-25MAY02-B62.5",
            "count": 50,
            "created_time": "2025-05-02T19:00:38.348377Z",
            "yes_price": 21,
            "no_price": 79,
            "taker_side": "yes"
        },
        {
            "trade_id": "9b462869-a90c-4ece-a1ae-eaf6a2d25872",
            "ticker": "KXHIGHDEN-25MAY02-B62.5",
            "count": 10,
            "created_time": "2025-05-02T18:49:07.284827Z",
            "yes_price": 13,
            "no_price": 87,
            "taker_side": "no"
        },
        {
            "trade_id": "73d534bb-4e53-4d3a-9b9e-d35b4302d2e8",
            "ticker": "KXHIGHDEN-25MAY02-B62.5",
            "count": 40,
            "created_time": "2025-05-02T18:48:06.854095Z",
            "yes_price": 20,
            "no_price": 80,
            "taker_side": "yes"
        },
        {
            "trade_id": "0c47abee-11ed-4739-a992-2625568ff30a",
            "ticker": "KXHIGHDEN-25MAY02-B62.5",
            "count": 6,
            "created_time": "2025-05-02T18:48:06.854095Z",
            "yes_price": 21,
            "no_price": 79,
            "taker_side": "yes"
        },
        {
            "trade_id": "c29fe694-393b-43a2-acdb-84cfa576c85f",
            "ticker": "KXHIGHDEN-25MAY02-B62.5",
            "count": 25,
            "created_time": "2025-05-02T18:46:11.452577Z",
            "yes_price": 19,
            "no_price": 81,
            "taker_side": "no"
        },
        {
            "trade_id": "f369537d-11b3-45b8-8d16-d2724e07ee99",
            "ticker": "KXHIGHDEN-25MAY02-B62.5",
            "count": 130,
            "created_time": "2025-05-02T18:40:32.461402Z",
            "yes_price": 16,
            "no_price": 84,
            "taker_side": "no"
        },
        {
            "trade_id": "cc2b285e-614a-49af-9e6a-78f12baece8a",
            "ticker": "KXHIGHDEN-25MAY02-B62.5",
            "count": 56,
            "created_time": "2025-05-02T18:33:05.168265Z",
            "yes_price": 13,
            "no_price": 87,
            "taker_side": "no"
        },
        {
            "trade_id": "ecf8a797-295f-4d3f-a560-4794ec6c824b",
            "ticker": "KXHIGHDEN-25MAY02-B62.5",
            "count": 50,
            "created_time": "2025-05-02T18:30:35.19887Z",
            "yes_price": 16,
            "no_price": 84,
            "taker_side": "yes"
        },
        {
            "trade_id": "b1834888-3688-415d-ac71-bc9e445697d5",
            "ticker": "KXHIGHDEN-25MAY02-B62.5",
            "count": 176,
            "created_time": "2025-05-02T18:30:35.19887Z",
            "yes_price": 16,
            "no_price": 84,
            "taker_side": "yes"
        },
        {
            "trade_id": "50412610-8826-4192-bf3a-1f7c4842945d",
            "ticker": "KXHIGHDEN-25MAY02-B62.5",
            "count": 100,
            "created_time": "2025-05-02T18:30:35.19887Z",
            "yes_price": 16,
            "no_price": 84,
            "taker_side": "yes"
        },
        {
            "trade_id": "410857ae-5e62-4e23-b5ff-7c0e3cb35d0e",
            "ticker": "KXHIGHDEN-25MAY02-B62.5",
            "count": 30,
            "created_time": "2025-05-02T18:25:31.380595Z",
            "yes_price": 15,
            "no_price": 85,
            "taker_side": "yes"
        },
        {
            "trade_id": "cac81731-46b2-42b0-8105-e6daf930f3ae",
            "ticker": "KXHIGHDEN-25MAY02-B62.5",
            "count": 1,
            "created_time": "2025-05-02T18:24:29.035421Z",
            "yes_price": 15,
            "no_price": 85,
            "taker_side": "yes"
        },
        {
            "trade_id": "2559ab8b-e00e-4f04-96a2-e5a147bbd51c",
            "ticker": "KXHIGHDEN-25MAY02-B62.5",
            "count": 49,
            "created_time": "2025-05-02T18:24:29.035421Z",
            "yes_price": 15,
            "no_price": 85,
            "taker_side": "yes"
        },
        {
            "trade_id": "309e0415-995f-4d9f-95b1-c01b43c197ed",
            "ticker": "KXHIGHDEN-25MAY02-B62.5",
            "count": 25,
            "created_time": "2025-05-02T18:23:30.215994Z",
            "yes_price": 14,
            "no_price": 86,
            "taker_side": "yes"
        },
        {
            "trade_id": "5e71ad3f-d7e6-4106-9c06-a2e4456cf389",
            "ticker": "KXHIGHDEN-25MAY02-B62.5",
            "count": 20,
            "created_time": "2025-05-02T18:22:28.305445Z",
            "yes_price": 14,
            "no_price": 86,
            "taker_side": "yes"
        },
        {
            "trade_id": "cbfa1dcb-aaa7-4e98-ba07-d1208413488e",
            "ticker": "KXHIGHDEN-25MAY02-B62.5",
            "count": 20,
            "created_time": "2025-05-02T18:21:50.470316Z",
            "yes_price": 14,
            "no_price": 86,
            "taker_side": "yes"
        },
        {
            "trade_id": "cb01c0a7-4b58-4252-ad7b-306bc4cd3244",
            "ticker": "KXHIGHDEN-25MAY02-B62.5",
            "count": 50,
            "created_time": "2025-05-02T18:17:43.867589Z",
            "yes_price": 14,
            "no_price": 86,
            "taker_side": "yes"
        },
        {
            "trade_id": "856b1438-1f78-427b-b21e-b1a2eaf00e22",
            "ticker": "KXHIGHDEN-25MAY02-B62.5",
            "count": 150,
            "created_time": "2025-05-02T18:17:43.867589Z",
            "yes_price": 14,
            "no_price": 86,
            "taker_side": "yes"
        },
        {
            "trade_id": "7a1b1a39-4216-40d6-9c87-15e6cb123cba",
            "ticker": "KXHIGHDEN-25MAY02-B62.5",
            "count": 20,
            "created_time": "2025-05-02T18:08:14.68022Z",
            "yes_price": 14,
            "no_price": 86,
            "taker_side": "yes"
        },
        {
            "trade_id": "f7928a96-2b56-4e3a-b429-655bb1f96141",
            "ticker": "KXHIGHDEN-25MAY02-B62.5",
            "count": 54,
            "created_time": "2025-05-02T18:07:01.177496Z",
            "yes_price": 13,
            "no_price": 87,
            "taker_side": "no"
        },
        {
            "trade_id": "523597f8-563a-4e65-8912-4f8396811db3",
            "ticker": "KXHIGHDEN-25MAY02-B62.5",
            "count": 25,
            "created_time": "2025-05-02T17:58:13.399635Z",
            "yes_price": 15,
            "no_price": 85,
            "taker_side": "yes"
        },
        {
            "trade_id": "a7887dab-c5ba-4c83-abbc-108d986167e7",
            "ticker": "KXHIGHDEN-25MAY02-B62.5",
            "count": 3,
            "created_time": "2025-05-02T17:54:16.148515Z",
            "yes_price": 11,
            "no_price": 89,
            "taker_side": "no"
        },
        {
            "trade_id": "88c13f45-7432-4f57-bee3-f6c8960f7a1f",
            "ticker": "KXHIGHDEN-25MAY02-B62.5",
            "count": 12,
            "created_time": "2025-05-02T17:36:36.28606Z",
            "yes_price": 10,
            "no_price": 90,
            "taker_side": "no"
        },
        {
            "trade_id": "3417b9c7-609d-4c17-8c20-dfe514120022",
            "ticker": "KXHIGHDEN-25MAY02-B62.5",
            "count": 43,
            "created_time": "2025-05-02T17:36:36.28606Z",
            "yes_price": 11,
            "no_price": 89,
            "taker_side": "no"
        },
        {
            "trade_id": "1d12e9c8-6404-4f35-9dda-305d113a94c9",
            "ticker": "KXHIGHDEN-25MAY02-B62.5",
            "count": 5,
            "created_time": "2025-05-02T17:12:46.432303Z",
            "yes_price": 14,
            "no_price": 86,
            "taker_side": "yes"
        },
        {
            "trade_id": "61e39011-89ec-4458-b46b-8a48d574ea49",
            "ticker": "KXHIGHDEN-25MAY02-B62.5",
            "count": 8,
            "created_time": "2025-05-02T17:12:30.450565Z",
            "yes_price": 14,
            "no_price": 86,
            "taker_side": "yes"
        },
        {
            "trade_id": "68e821c6-518e-45bf-b12c-3c69d52ea46f",
            "ticker": "KXHIGHDEN-25MAY02-B62.5",
            "count": 10,
            "created_time": "2025-05-02T17:11:55.812583Z",
            "yes_price": 17,
            "no_price": 83,
            "taker_side": "yes"
        },
        {
            "trade_id": "3800d0bc-8028-4599-a9db-960bbc83c6b9",
            "ticker": "KXHIGHDEN-25MAY02-B62.5",
            "count": 90,
            "created_time": "2025-05-02T17:11:55.812583Z",
            "yes_price": 17,
            "no_price": 83,
            "taker_side": "yes"
        },
        {
            "trade_id": "8eb8baff-2245-467b-8eae-86e79f1a972a",
            "ticker": "KXHIGHDEN-25MAY02-B62.5",
            "count": 5,
            "created_time": "2025-05-02T17:10:43.778691Z",
            "yes_price": 14,
            "no_price": 86,
            "taker_side": "no"
        },
        {
            "trade_id": "d8d91881-90be-49c6-9b59-7a3c20acb9c8",
            "ticker": "KXHIGHDEN-25MAY02-B62.5",
            "count": 50,
            "created_time": "2025-05-02T17:10:43.70612Z",
            "yes_price": 14,
            "no_price": 86,
            "taker_side": "yes"
        },
        {
            "trade_id": "fc8aee89-2666-4a85-98fe-dc08f153aece",
            "ticker": "KXHIGHDEN-25MAY02-B62.5",
            "count": 16,
            "created_time": "2025-05-02T17:08:57.27257Z",
            "yes_price": 15,
            "no_price": 85,
            "taker_side": "yes"
        },
        {
            "trade_id": "45579a21-2997-4bf2-af19-e6b2e8c8bffc",
            "ticker": "KXHIGHDEN-25MAY02-B62.5",
            "count": 50,
            "created_time": "2025-05-02T17:08:57.27257Z",
            "yes_price": 14,
            "no_price": 86,
            "taker_side": "yes"
        },
        {
            "trade_id": "b80a30af-7d6b-464e-8ba8-d375e3745a5c",
            "ticker": "KXHIGHDEN-25MAY02-B62.5",
            "count": 1,
            "created_time": "2025-05-02T17:06:39.142562Z",
            "yes_price": 11,
            "no_price": 89,
            "taker_side": "no"
        },
        {
            "trade_id": "dce23af2-c502-498c-af1d-6c3c3e92db6b",
            "ticker": "KXHIGHDEN-25MAY02-B62.5",
            "count": 20,
            "created_time": "2025-05-02T17:05:14.687532Z",
            "yes_price": 12,
            "no_price": 88,
            "taker_side": "no"
        },
        {
            "trade_id": "95d9233a-9656-4395-a7bf-3076d3225b15",
            "ticker": "KXHIGHDEN-25MAY02-B62.5",
            "count": 50,
            "created_time": "2025-05-02T16:59:16.27078Z",
            "yes_price": 12,
            "no_price": 88,
            "taker_side": "yes"
        },
        {
            "trade_id": "62fc9235-0319-43fe-9c8b-d1acf2fa62cf",
            "ticker": "KXHIGHDEN-25MAY02-B62.5",
            "count": 99,
            "created_time": "2025-05-02T16:59:16.27078Z",
            "yes_price": 12,
            "no_price": 88,
            "taker_side": "yes"
        },
        {
            "trade_id": "36d8b261-d78f-4221-9457-55e2e3ac8490",
            "ticker": "KXHIGHDEN-25MAY02-B62.5",
            "count": 25,
            "created_time": "2025-05-02T16:12:00.461847Z",
            "yes_price": 16,
            "no_price": 84,
            "taker_side": "yes"
        },
        {
            "trade_id": "f034ea0e-8782-4c7f-ac1e-55a87f8e3d2c",
            "ticker": "KXHIGHDEN-25MAY02-B62.5",
            "count": 50,
            "created_time": "2025-05-02T16:09:17.481209Z",
            "yes_price": 15,
            "no_price": 85,
            "taker_side": "yes"
        },
        {
            "trade_id": "bed34fca-8854-4a35-aefa-3ab4e14e0017",
            "ticker": "KXHIGHDEN-25MAY02-B62.5",
            "count": 10,
            "created_time": "2025-05-02T16:08:28.203722Z",
            "yes_price": 15,
            "no_price": 85,
            "taker_side": "yes"
        },
        {
            "trade_id": "070cd27e-fcdb-4509-814b-effed50c8921",
            "ticker": "KXHIGHDEN-25MAY02-B62.5",
            "count": 25,
            "created_time": "2025-05-02T16:07:20.863922Z",
            "yes_price": 15,
            "no_price": 85,
            "taker_side": "yes"
        },
        {
            "trade_id": "cbde9f7c-1f78-403c-bf07-99969d017be4",
            "ticker": "KXHIGHDEN-25MAY02-B62.5",
            "count": 2,
            "created_time": "2025-05-02T15:58:49.847289Z",
            "yes_price": 11,
            "no_price": 89,
            "taker_side": "no"
        },
        {
            "trade_id": "d43cea1a-2f1a-45f2-a9e3-20c246357ee4",
            "ticker": "KXHIGHDEN-25MAY02-B62.5",
            "count": 11,
            "created_time": "2025-05-02T15:58:36.082827Z",
            "yes_price": 11,
            "no_price": 89,
            "taker_side": "no"
        },
        {
            "trade_id": "9c3fed0d-557b-4fb9-aa17-a567321f540d",
            "ticker": "KXHIGHDEN-25MAY02-B62.5",
            "count": 101,
            "created_time": "2025-05-02T15:57:13.706314Z",
            "yes_price": 12,
            "no_price": 88,
            "taker_side": "yes"
        },
        {
            "trade_id": "e6a428e4-db9c-4e9b-a805-c84ce2defa5d",
            "ticker": "KXHIGHDEN-25MAY02-B62.5",
            "count": 14,
            "created_time": "2025-05-02T15:40:24.370764Z",
            "yes_price": 12,
            "no_price": 88,
            "taker_side": "no"
        },
        {
            "trade_id": "75b7c31c-3202-4c22-ab27-68ace7782903",
            "ticker": "KXHIGHDEN-25MAY02-B62.5",
            "count": 10,
            "created_time": "2025-05-02T15:40:24.370764Z",
            "yes_price": 12,
            "no_price": 88,
            "taker_side": "no"
        },
        {
            "trade_id": "d2dd5e72-082b-4e3c-a215-f8f34ed54ce7",
            "ticker": "KXHIGHDEN-25MAY02-B62.5",
            "count": 10,
            "created_time": "2025-05-02T15:39:37.581953Z",
            "yes_price": 12,
            "no_price": 88,
            "taker_side": "no"
        },
        {
            "trade_id": "a8c54347-d66d-491b-b52b-1ab2afae24e1",
            "ticker": "KXHIGHDEN-25MAY02-B62.5",
            "count": 10,
            "created_time": "2025-05-02T15:39:37.581953Z",
            "yes_price": 12,
            "no_price": 88,
            "taker_side": "no"
        },
        {
            "trade_id": "8a78e90c-343b-4b2e-9ec8-778e1e61e569",
            "ticker": "KXHIGHDEN-25MAY02-B62.5",
            "count": 2,
            "created_time": "2025-05-02T15:30:50.797611Z",
            "yes_price": 12,
            "no_price": 88,
            "taker_side": "no"
        },
        {
            "trade_id": "ad4071b6-c093-43f7-9f86-177377bd857c",
            "ticker": "KXHIGHDEN-25MAY02-B62.5",
            "count": 50,
            "created_time": "2025-05-02T15:27:18.853104Z",
            "yes_price": 14,
            "no_price": 86,
            "taker_side": "yes"
        },
        {
            "trade_id": "1ba16b94-06fe-40b8-83dc-7af6525a3147",
            "ticker": "KXHIGHDEN-25MAY02-B62.5",
            "count": 70,
            "created_time": "2025-05-02T15:27:18.853104Z",
            "yes_price": 14,
            "no_price": 86,
            "taker_side": "yes"
        },
        {
            "trade_id": "cb88f347-b1e3-4ec2-898e-6f36caa64154",
            "ticker": "KXHIGHDEN-25MAY02-B62.5",
            "count": 37,
            "created_time": "2025-05-02T15:20:37.830686Z",
            "yes_price": 12,
            "no_price": 88,
            "taker_side": "no"
        },
        {
            "trade_id": "7c27f365-39a0-4932-9a3f-5898a1319d78",
            "ticker": "KXHIGHDEN-25MAY02-B62.5",
            "count": 79,
            "created_time": "2025-05-02T15:20:37.830686Z",
            "yes_price": 12,
            "no_price": 88,
            "taker_side": "no"
        },
        {
            "trade_id": "87f895e9-a558-4a87-8b6a-f4fd300fe479",
            "ticker": "KXHIGHDEN-25MAY02-B62.5",
            "count": 92,
            "created_time": "2025-05-02T15:06:41.780278Z",
            "yes_price": 13,
            "no_price": 87,
            "taker_side": "no"
        },
        {
            "trade_id": "2738e3f6-74b4-4f38-8e2c-87bea38befbb",
            "ticker": "KXHIGHDEN-25MAY02-B62.5",
            "count": 20,
            "created_time": "2025-05-02T14:48:41.692593Z",
            "yes_price": 12,
            "no_price": 88,
            "taker_side": "no"
        },
        {
            "trade_id": "85ab817d-8dad-4b47-b9d0-b2277d8a0e7d",
            "ticker": "KXHIGHDEN-25MAY02-B62.5",
            "count": 1,
            "created_time": "2025-05-02T14:48:12.148252Z",
            "yes_price": 13,
            "no_price": 87,
            "taker_side": "yes"
        },
        {
            "trade_id": "08cfbd60-fc26-44fe-8fc8-745c316c1d86",
            "ticker": "KXHIGHDEN-25MAY02-B62.5",
            "count": 19,
            "created_time": "2025-05-02T14:48:12.148252Z",
            "yes_price": 14,
            "no_price": 86,
            "taker_side": "yes"
        },
        {
            "trade_id": "76ed7335-b18a-4bf7-b6d5-34a712994812",
            "ticker": "KXHIGHDEN-25MAY02-B62.5",
            "count": 3,
            "created_time": "2025-05-02T14:45:45.950109Z",
            "yes_price": 13,
            "no_price": 87,
            "taker_side": "yes"
        },
        {
            "trade_id": "605293f2-f5b7-4689-876a-86bca0e6499d",
            "ticker": "KXHIGHDEN-25MAY02-B62.5",
            "count": 1,
            "created_time": "2025-05-02T14:43:40.736529Z",
            "yes_price": 12,
            "no_price": 88,
            "taker_side": "no"
        },
        {
            "trade_id": "74b6a0e7-45c4-4949-a722-12931ab9cb07",
            "ticker": "KXHIGHDEN-25MAY02-B62.5",
            "count": 24,
            "created_time": "2025-05-02T14:43:34.013483Z",
            "yes_price": 13,
            "no_price": 87,
            "taker_side": "no"
        },
        {
            "trade_id": "f522e60a-2db4-4bee-aa1b-ab4690f13b1e",
            "ticker": "KXHIGHDEN-25MAY02-B62.5",
            "count": 385,
            "created_time": "2025-05-02T14:28:55.846666Z",
            "yes_price": 13,
            "no_price": 87,
            "taker_side": "no"
        },
        {
            "trade_id": "62225731-a39d-45d3-93ee-05f4ea70df5f",
            "ticker": "KXHIGHDEN-25MAY02-B62.5",
            "count": 240,
            "created_time": "2025-05-02T14:28:55.846666Z",
            "yes_price": 13,
            "no_price": 87,
            "taker_side": "no"
        },
        {
            "trade_id": "51dcc836-01a6-4631-8e6f-31d21b6ef3d9",
            "ticker": "KXHIGHDEN-25MAY02-B62.5",
            "count": 6,
            "created_time": "2025-05-02T14:28:55.846666Z",
            "yes_price": 13,
            "no_price": 87,
            "taker_side": "no"
        },
        {
            "trade_id": "8aa2e513-16dd-4c9a-b16f-20679b9d2c49",
            "ticker": "KXHIGHDEN-25MAY02-B62.5",
            "count": 2,
            "created_time": "2025-05-02T14:27:49.136219Z",
            "yes_price": 15,
            "no_price": 85,
            "taker_side": "yes"
        },
        {
            "trade_id": "e2e9bbde-3279-413a-8cae-0629d8ce6e57",
            "ticker": "KXHIGHDEN-25MAY02-B62.5",
            "count": 1,
            "created_time": "2025-05-02T14:25:23.44358Z",
            "yes_price": 14,
            "no_price": 86,
            "taker_side": "no"
        },
        {
            "trade_id": "486ac8ed-eced-4c47-8220-eae9e31b76e3",
            "ticker": "KXHIGHDEN-25MAY02-B62.5",
            "count": 10,
            "created_time": "2025-05-02T14:25:23.44358Z",
            "yes_price": 14,
            "no_price": 86,
            "taker_side": "no"
        },
        {
            "trade_id": "20b1845c-bb49-43af-893f-5b783093ee54",
            "ticker": "KXHIGHDEN-25MAY02-B62.5",
            "count": 59,
            "created_time": "2025-05-02T14:25:23.44358Z",
            "yes_price": 14,
            "no_price": 86,
            "taker_side": "no"
        },
        {
            "trade_id": "dd012782-4bf2-46fc-8019-2c079a052e1b",
            "ticker": "KXHIGHDEN-25MAY02-B62.5",
            "count": 16,
            "created_time": "2025-05-02T14:24:49.1553Z",
            "yes_price": 15,
            "no_price": 85,
            "taker_side": "yes"
        },
        {
            "trade_id": "f8fbe185-24b2-4022-9779-6f1592a58059",
            "ticker": "KXHIGHDEN-25MAY02-B62.5",
            "count": 103,
            "created_time": "2025-05-02T14:23:22.563256Z",
            "yes_price": 15,
            "no_price": 85,
            "taker_side": "no"
        },
        {
            "trade_id": "de96243f-e684-4e5f-abce-4bf9142541f2",
            "ticker": "KXHIGHDEN-25MAY02-B62.5",
            "count": 250,
            "created_time": "2025-05-02T14:23:22.563256Z",
            "yes_price": 15,
            "no_price": 85,
            "taker_side": "no"
        },
        {
            "trade_id": "f831e1cf-1d21-4155-9dd2-794b05a4ca9c",
            "ticker": "KXHIGHDEN-25MAY02-B62.5",
            "count": 1,
            "created_time": "2025-05-02T14:22:43.517999Z",
            "yes_price": 16,
            "no_price": 84,
            "taker_side": "no"
        },
        {
            "trade_id": "045c9444-86b8-492e-b53c-20a7e513e38a",
            "ticker": "KXHIGHDEN-25MAY02-B62.5",
            "count": 61,
            "created_time": "2025-05-02T14:22:43.517999Z",
            "yes_price": 16,
            "no_price": 84,
            "taker_side": "no"
        },
        {
            "trade_id": "fc01a682-e6b7-4948-bf64-bff8e2290894",
            "ticker": "KXHIGHDEN-25MAY02-B62.5",
            "count": 57,
            "created_time": "2025-05-02T14:16:05.470191Z",
            "yes_price": 16,
            "no_price": 84,
            "taker_side": "no"
        },
        {
            "trade_id": "ba516afc-03df-4374-ae1f-13fd44cd3446",
            "ticker": "KXHIGHDEN-25MAY02-B62.5",
            "count": 15,
            "created_time": "2025-05-02T14:16:05.470191Z",
            "yes_price": 16,
            "no_price": 84,
            "taker_side": "no"
        },
        {
            "trade_id": "405c4e37-0c68-41ae-9679-c830f0bccef1",
            "ticker": "KXHIGHDEN-25MAY02-B62.5",
            "count": 40,
            "created_time": "2025-05-02T14:16:05.470191Z",
            "yes_price": 16,
            "no_price": 84,
            "taker_side": "no"
        },
        {
            "trade_id": "2d9b1e62-3ff1-4f6f-8c0a-1e99e3ec28f8",
            "ticker": "KXHIGHDEN-25MAY02-B62.5",
            "count": 70,
            "created_time": "2025-05-02T14:16:05.470191Z",
            "yes_price": 16,
            "no_price": 84,
            "taker_side": "no"
        },
        {
            "trade_id": "f793c139-3077-4a62-b741-44e145b6a9c3",
            "ticker": "KXHIGHDEN-25MAY02-B62.5",
            "count": 4,
            "created_time": "2025-05-02T14:15:25.66527Z",
            "yes_price": 17,
            "no_price": 83,
            "taker_side": "no"
        },
        {
            "trade_id": "f846fea3-5cc6-4bba-a3d6-fbe800c10862",
            "ticker": "KXHIGHDEN-25MAY02-B62.5",
            "count": 100,
            "created_time": "2025-05-02T14:05:21.376344Z",
            "yes_price": 18,
            "no_price": 82,
            "taker_side": "no"
        },
        {
            "trade_id": "a1a790ee-5c56-4a24-b8a4-2b147ff6aabf",
            "ticker": "KXHIGHDEN-25MAY02-B62.5",
            "count": 25,
            "created_time": "2025-05-02T14:05:21.376344Z",
            "yes_price": 18,
            "no_price": 82,
            "taker_side": "no"
        },
        {
            "trade_id": "ba7dc301-6579-4223-a5c7-a070bbb608aa",
            "ticker": "KXHIGHDEN-25MAY02-B62.5",
            "count": 1,
            "created_time": "2025-05-02T13:49:48.155753Z",
            "yes_price": 20,
            "no_price": 80,
            "taker_side": "yes"
        },
        {
            "trade_id": "4aab597f-3335-40fe-ac81-f4379fce2440",
            "ticker": "KXHIGHDEN-25MAY02-B62.5",
            "count": 8,
            "created_time": "2025-05-02T13:49:48.155753Z",
            "yes_price": 21,
            "no_price": 79,
            "taker_side": "yes"
        },
        {
            "trade_id": "8971d35f-9ae9-49c0-834e-1dab0f86afe0",
            "ticker": "KXHIGHDEN-25MAY02-B62.5",
            "count": 50,
            "created_time": "2025-05-02T13:42:43.869909Z",
            "yes_price": 18,
            "no_price": 82,
            "taker_side": "no"
        },
        {
            "trade_id": "210e89bc-d5d2-4be5-9182-30b812bb1a52",
            "ticker": "KXHIGHDEN-25MAY02-B62.5",
            "count": 71,
            "created_time": "2025-05-02T13:42:43.869909Z",
            "yes_price": 19,
            "no_price": 81,
            "taker_side": "no"
        },
        {
            "trade_id": "d023dc9e-f6bc-4e46-9631-4e6fe07b49aa",
            "ticker": "KXHIGHDEN-25MAY02-B62.5",
            "count": 4,
            "created_time": "2025-05-02T13:41:25.64427Z",
            "yes_price": 20,
            "no_price": 80,
            "taker_side": "yes"
        },
        {
            "trade_id": "26f2b7a9-ac43-4f11-ab5b-fc88fbc421bf",
            "ticker": "KXHIGHDEN-25MAY02-B62.5",
            "count": 25,
            "created_time": "2025-05-02T13:29:00.651719Z",
            "yes_price": 19,
            "no_price": 81,
            "taker_side": "no"
        },
        {
            "trade_id": "6ce64951-df36-4f71-b09e-9548a16e0b95",
            "ticker": "KXHIGHDEN-25MAY02-B62.5",
            "count": 11,
            "created_time": "2025-05-02T12:55:16.993383Z",
            "yes_price": 21,
            "no_price": 79,
            "taker_side": "no"
        },
        {
            "trade_id": "790414e0-0fcd-47f5-b4fe-b09b1cbeff6a",
            "ticker": "KXHIGHDEN-25MAY02-B62.5",
            "count": 5,
            "created_time": "2025-05-02T12:55:13.190378Z",
            "yes_price": 20,
            "no_price": 80,
            "taker_side": "no"
        },
        {
            "trade_id": "9fce9463-8568-4be6-aeb2-130089a981f5",
            "ticker": "KXHIGHDEN-25MAY02-B62.5",
            "count": 49,
            "created_time": "2025-05-02T12:46:36.266747Z",
            "yes_price": 21,
            "no_price": 79,
            "taker_side": "yes"
        },
        {
            "trade_id": "f5757923-8ee2-4b07-8b15-69026683a5b5",
            "ticker": "KXHIGHDEN-25MAY02-B62.5",
            "count": 32,
            "created_time": "2025-05-02T12:26:03.743544Z",
            "yes_price": 21,
            "no_price": 79,
            "taker_side": "no"
        },
        {
            "trade_id": "0edf1113-41fb-4b02-b26f-7ddaed518c41",
            "ticker": "KXHIGHDEN-25MAY02-B62.5",
            "count": 8,
            "created_time": "2025-05-02T12:26:03.743544Z",
            "yes_price": 21,
            "no_price": 79,
            "taker_side": "no"
        },
        {
            "trade_id": "3c3f3838-3322-43d7-875c-600e0f9b85cb",
            "ticker": "KXHIGHDEN-25MAY02-B62.5",
            "count": 79,
            "created_time": "2025-05-02T12:26:00.805203Z",
            "yes_price": 21,
            "no_price": 79,
            "taker_side": "yes"
        },
        {
            "trade_id": "d8ea6975-7ee8-4461-99cf-ac36a369a2fd",
            "ticker": "KXHIGHDEN-25MAY02-B62.5",
            "count": 50,
            "created_time": "2025-05-02T12:25:53.034569Z",
            "yes_price": 20,
            "no_price": 80,
            "taker_side": "yes"
        },
        {
            "trade_id": "998d94e2-722e-468b-b77a-f5ae0ac9e532",
            "ticker": "KXHIGHDEN-25MAY02-B62.5",
            "count": 9,
            "created_time": "2025-05-02T12:25:53.034569Z",
            "yes_price": 20,
            "no_price": 80,
            "taker_side": "yes"
        },
        {
            "trade_id": "8d488edd-cd00-43e9-9f8c-8a2965f504a6",
            "ticker": "KXHIGHDEN-25MAY02-B62.5",
            "count": 31,
            "created_time": "2025-05-02T12:25:03.577765Z",
            "yes_price": 19,
            "no_price": 81,
            "taker_side": "no"
        },
        {
            "trade_id": "d4cf02bd-cee3-4948-8819-7441d2cfa762",
            "ticker": "KXHIGHDEN-25MAY02-B62.5",
            "count": 2,
            "created_time": "2025-05-02T12:25:03.534774Z",
            "yes_price": 19,
            "no_price": 81,
            "taker_side": "no"
        },
        {
            "trade_id": "29ec7f70-72bb-4c08-9740-3165b640cf4d",
            "ticker": "KXHIGHDEN-25MAY02-B62.5",
            "count": 10,
            "created_time": "2025-05-02T12:24:56.697928Z",
            "yes_price": 19,
            "no_price": 81,
            "taker_side": "no"
        },
        {
            "trade_id": "db9953b2-dfbd-4b17-8cd6-a1bc19acdfe2",
            "ticker": "KXHIGHDEN-25MAY02-B62.5",
            "count": 14,
            "created_time": "2025-05-02T12:24:55.340469Z",
            "yes_price": 19,
            "no_price": 81,
            "taker_side": "no"
        },
        {
            "trade_id": "d12f643e-9bdd-4c64-b066-a6d530ac6247",
            "ticker": "KXHIGHDEN-25MAY02-B62.5",
            "count": 40,
            "created_time": "2025-05-02T12:24:44.226712Z",
            "yes_price": 20,
            "no_price": 80,
            "taker_side": "yes"
        },
        {
            "trade_id": "b15ffe83-6589-4fd5-9217-e9370f3f6f4f",
            "ticker": "KXHIGHDEN-25MAY02-B62.5",
            "count": 50,
            "created_time": "2025-05-02T12:24:44.226712Z",
            "yes_price": 20,
            "no_price": 80,
            "taker_side": "yes"
        },
        {
            "trade_id": "e6862e1a-a1f3-4664-b8d3-e7f100d5aae6",
            "ticker": "KXHIGHDEN-25MAY02-B62.5",
            "count": 98,
            "created_time": "2025-05-02T12:21:54.27535Z",
            "yes_price": 21,
            "no_price": 79,
            "taker_side": "yes"
        },
        {
            "trade_id": "aac884c2-cbf8-4b00-9975-dc735e29bcf1",
            "ticker": "KXHIGHDEN-25MAY02-B62.5",
            "count": 2,
            "created_time": "2025-05-02T12:21:54.27535Z",
            "yes_price": 21,
            "no_price": 79,
            "taker_side": "yes"
        },
        {
            "trade_id": "a66dbcaf-f1db-4258-8f1c-2b7ac79d1af8",
            "ticker": "KXHIGHDEN-25MAY02-B62.5",
            "count": 5,
            "created_time": "2025-05-02T12:21:54.27535Z",
            "yes_price": 21,
            "no_price": 79,
            "taker_side": "yes"
        },
        {
            "trade_id": "a75beab6-bf58-41bb-9081-1d20d039f844",
            "ticker": "KXHIGHDEN-25MAY02-B62.5",
            "count": 11,
            "created_time": "2025-05-02T12:21:23.997086Z",
            "yes_price": 21,
            "no_price": 79,
            "taker_side": "yes"
        },
        {
            "trade_id": "a47920bf-bb3a-4d6d-afc5-afbdb157982f",
            "ticker": "KXHIGHDEN-25MAY02-B62.5",
            "count": 54,
            "created_time": "2025-05-02T12:21:23.997086Z",
            "yes_price": 18,
            "no_price": 82,
            "taker_side": "yes"
        },
        {
            "trade_id": "9c999f59-712e-4ca0-aa7b-00020c532fd1",
            "ticker": "KXHIGHDEN-25MAY02-B62.5",
            "count": 93,
            "created_time": "2025-05-02T12:21:23.997086Z",
            "yes_price": 21,
            "no_price": 79,
            "taker_side": "yes"
        },
        {
            "trade_id": "8f680b57-9b0e-45ae-94e8-e87393f29253",
            "ticker": "KXHIGHDEN-25MAY02-B62.5",
            "count": 1,
            "created_time": "2025-05-02T12:21:23.997086Z",
            "yes_price": 21,
            "no_price": 79,
            "taker_side": "yes"
        },
        {
            "trade_id": "299f1222-a532-4911-9839-4c1d054a674d",
            "ticker": "KXHIGHDEN-25MAY02-B62.5",
            "count": 17,
            "created_time": "2025-05-02T12:21:23.997086Z",
            "yes_price": 18,
            "no_price": 82,
            "taker_side": "yes"
        },
        {
            "trade_id": "1df3b260-92e8-4349-9eca-3e10495394d7",
            "ticker": "KXHIGHDEN-25MAY02-B62.5",
            "count": 50,
            "created_time": "2025-05-02T12:21:23.997086Z",
            "yes_price": 17,
            "no_price": 83,
            "taker_side": "yes"
        },
        {
            "trade_id": "09239287-d872-456b-81a4-4283e439fd35",
            "ticker": "KXHIGHDEN-25MAY02-B62.5",
            "count": 9,
            "created_time": "2025-05-02T12:21:23.997086Z",
            "yes_price": 19,
            "no_price": 81,
            "taker_side": "yes"
        },
        {
            "trade_id": "c126a0d2-27ca-465f-804b-f7778653a0d2",
            "ticker": "KXHIGHDEN-25MAY02-B62.5",
            "count": 5,
            "created_time": "2025-05-02T12:20:08.610306Z",
            "yes_price": 17,
            "no_price": 83,
            "taker_side": "yes"
        },
        {
            "trade_id": "e33c39bd-1312-4bf3-be8d-c6935922273b",
            "ticker": "KXHIGHDEN-25MAY02-B62.5",
            "count": 4,
            "created_time": "2025-05-02T12:07:42.850136Z",
            "yes_price": 17,
            "no_price": 83,
            "taker_side": "yes"
        },
        {
            "trade_id": "7e646180-bcf5-41d3-9e02-66e89b2fb828",
            "ticker": "KXHIGHDEN-25MAY02-B62.5",
            "count": 23,
            "created_time": "2025-05-02T12:07:42.850136Z",
            "yes_price": 17,
            "no_price": 83,
            "taker_side": "yes"
        },
        {
            "trade_id": "9507f874-2131-46c2-9039-d215ceeac58d",
            "ticker": "KXHIGHDEN-25MAY02-B62.5",
            "count": 5,
            "created_time": "2025-05-02T12:03:32.087587Z",
            "yes_price": 16,
            "no_price": 84,
            "taker_side": "no"
        },
        {
            "trade_id": "fc1d3d84-821f-4307-a939-f182000f6291",
            "ticker": "KXHIGHDEN-25MAY02-B62.5",
            "count": 8,
            "created_time": "2025-05-02T12:02:13.288576Z",
            "yes_price": 17,
            "no_price": 83,
            "taker_side": "no"
        },
        {
            "trade_id": "7ef48c13-63b5-4f3f-a347-385d4a355a46",
            "ticker": "KXHIGHDEN-25MAY02-B62.5",
            "count": 2,
            "created_time": "2025-05-02T12:02:12.402419Z",
            "yes_price": 17,
            "no_price": 83,
            "taker_side": "no"
        },
        {
            "trade_id": "adf4a81b-7a58-4861-aff5-3de5ed62e007",
            "ticker": "KXHIGHDEN-25MAY02-B62.5",
            "count": 1,
            "created_time": "2025-05-02T12:02:11.450233Z",
            "yes_price": 17,
            "no_price": 83,
            "taker_side": "no"
        },
        {
            "trade_id": "983d564a-4ded-472f-93bf-8f29058db010",
            "ticker": "KXHIGHDEN-25MAY02-B62.5",
            "count": 3,
            "created_time": "2025-05-02T12:00:59.544922Z",
            "yes_price": 18,
            "no_price": 82,
            "taker_side": "yes"
        },
        {
            "trade_id": "83b90fbc-adcd-4ee4-acc5-1052db3b6acf",
            "ticker": "KXHIGHDEN-25MAY02-B62.5",
            "count": 17,
            "created_time": "2025-05-02T12:00:59.245405Z",
            "yes_price": 15,
            "no_price": 85,
            "taker_side": "no"
        },
        {
            "trade_id": "50d90770-476b-4c1b-b8d0-4726c7e56bc8",
            "ticker": "KXHIGHDEN-25MAY02-B62.5",
            "count": 9,
            "created_time": "2025-05-02T12:00:56.015594Z",
            "yes_price": 15,
            "no_price": 85,
            "taker_side": "no"
        },
        {
            "trade_id": "8b291de9-f32c-444f-84c3-ad833e4d470b",
            "ticker": "KXHIGHDEN-25MAY02-B62.5",
            "count": 10,
            "created_time": "2025-05-02T06:34:01.622853Z",
            "yes_price": 14,
            "no_price": 86,
            "taker_side": "no"
        },
        {
            "trade_id": "0593fbc2-d47f-43d3-aa3c-cfcb83d66232",
            "ticker": "KXHIGHDEN-25MAY02-B62.5",
            "count": 10,
            "created_time": "2025-05-02T06:34:00.778322Z",
            "yes_price": 14,
            "no_price": 86,
            "taker_side": "no"
        },
        {
            "trade_id": "693a74e3-df07-4f77-aef0-f78d00c13a62",
            "ticker": "KXHIGHDEN-25MAY02-B62.5",
            "count": 12,
            "created_time": "2025-05-02T06:33:55.255506Z",
            "yes_price": 14,
            "no_price": 86,
            "taker_side": "no"
        },
        {
            "trade_id": "b48f66ce-1063-43bd-917d-ccc961bd5fc3",
            "ticker": "KXHIGHDEN-25MAY02-B62.5",
            "count": 4,
            "created_time": "2025-05-02T06:30:47.852687Z",
            "yes_price": 13,
            "no_price": 87,
            "taker_side": "no"
        },
        {
            "trade_id": "3e6e9457-6116-4666-8886-b985353aa1e7",
            "ticker": "KXHIGHDEN-25MAY02-B62.5",
            "count": 8,
            "created_time": "2025-05-02T06:15:30.245658Z",
            "yes_price": 13,
            "no_price": 87,
            "taker_side": "no"
        },
        {
            "trade_id": "749451b1-b401-440a-985b-20ff8d576cc8",
            "ticker": "KXHIGHDEN-25MAY02-B62.5",
            "count": 9,
            "created_time": "2025-05-02T05:49:45.272013Z",
            "yes_price": 13,
            "no_price": 87,
            "taker_side": "no"
        },
        {
            "trade_id": "ba73819c-4a7a-4305-98ed-8d3543b9376d",
            "ticker": "KXHIGHDEN-25MAY02-B62.5",
            "count": 9,
            "created_time": "2025-05-02T05:49:29.258913Z",
            "yes_price": 13,
            "no_price": 87,
            "taker_side": "no"
        },
        {
            "trade_id": "342932bf-d2cf-4baf-9824-d3a91056dd2f",
            "ticker": "KXHIGHDEN-25MAY02-B62.5",
            "count": 10,
            "created_time": "2025-05-02T05:49:16.660638Z",
            "yes_price": 13,
            "no_price": 87,
            "taker_side": "no"
        },
        {
            "trade_id": "28c51b8d-bd15-41ef-bb5a-e26dd6a45bdf",
            "ticker": "KXHIGHDEN-25MAY02-B62.5",
            "count": 18,
            "created_time": "2025-05-02T04:54:38.017857Z",
            "yes_price": 14,
            "no_price": 86,
            "taker_side": "no"
        },
        {
            "trade_id": "a6c74442-3ad1-4e62-ba63-04c599e735b6",
            "ticker": "KXHIGHDEN-25MAY02-B62.5",
            "count": 66,
            "created_time": "2025-05-02T04:54:32.496785Z",
            "yes_price": 13,
            "no_price": 87,
            "taker_side": "no"
        },
        {
            "trade_id": "cbca78b9-fb6d-4798-b811-e7817a55f7ae",
            "ticker": "KXHIGHDEN-25MAY02-B62.5",
            "count": 39,
            "created_time": "2025-05-02T04:54:23.505939Z",
            "yes_price": 13,
            "no_price": 87,
            "taker_side": "yes"
        },
        {
            "trade_id": "21681766-581d-42fb-8483-f938c7dd7575",
            "ticker": "KXHIGHDEN-25MAY02-B62.5",
            "count": 56,
            "created_time": "2025-05-02T04:54:23.505939Z",
            "yes_price": 13,
            "no_price": 87,
            "taker_side": "yes"
        },
        {
            "trade_id": "aec45a6f-1417-4c7a-92c2-5e659740c8fe",
            "ticker": "KXHIGHDEN-25MAY02-B62.5",
            "count": 5,
            "created_time": "2025-05-02T04:43:51.950506Z",
            "yes_price": 12,
            "no_price": 88,
            "taker_side": "yes"
        },
        {
            "trade_id": "49168b3f-0913-4e8f-afb4-bd9772c3d02b",
            "ticker": "KXHIGHDEN-25MAY02-B62.5",
            "count": 28,
            "created_time": "2025-05-02T04:43:51.950506Z",
            "yes_price": 13,
            "no_price": 87,
            "taker_side": "yes"
        },
        {
            "trade_id": "1607bfd0-d267-413d-87c1-9d6d0aeb4947",
            "ticker": "KXHIGHDEN-25MAY02-B62.5",
            "count": 38,
            "created_time": "2025-05-02T04:43:51.950506Z",
            "yes_price": 11,
            "no_price": 89,
            "taker_side": "yes"
        },
        {
            "trade_id": "bb5c8076-4ecc-486b-b7f0-6f4082e1f165",
            "ticker": "KXHIGHDEN-25MAY02-B62.5",
            "count": 30,
            "created_time": "2025-05-02T04:05:32.46111Z",
            "yes_price": 9,
            "no_price": 91,
            "taker_side": "no"
        },
        {
            "trade_id": "ab018579-64ba-4333-8163-1dcb8ae3558a",
            "ticker": "KXHIGHDEN-25MAY02-B62.5",
            "count": 30,
            "created_time": "2025-05-02T04:05:32.46111Z",
            "yes_price": 7,
            "no_price": 93,
            "taker_side": "no"
        },
        {
            "trade_id": "a938591e-b497-460a-81af-0e72b0a60398",
            "ticker": "KXHIGHDEN-25MAY02-B62.5",
            "count": 25,
            "created_time": "2025-05-02T04:05:32.46111Z",
            "yes_price": 8,
            "no_price": 92,
            "taker_side": "no"
        },
        {
            "trade_id": "983f3ce4-a62c-492c-936e-02ff4ca0b540",
            "ticker": "KXHIGHDEN-25MAY02-B62.5",
            "count": 10,
            "created_time": "2025-05-02T04:05:32.46111Z",
            "yes_price": 7,
            "no_price": 93,
            "taker_side": "no"
        },
        {
            "trade_id": "0e1b30c0-c102-4cfe-a359-968679d65640",
            "ticker": "KXHIGHDEN-25MAY02-B62.5",
            "count": 12,
            "created_time": "2025-05-02T04:05:32.46111Z",
            "yes_price": 8,
            "no_price": 92,
            "taker_side": "no"
        },
        {
            "trade_id": "7c0794a9-423d-4ea7-8cb1-dcbc5cee66e8",
            "ticker": "KXHIGHDEN-25MAY02-B62.5",
            "count": 5,
            "created_time": "2025-05-02T03:57:59.796258Z",
            "yes_price": 9,
            "no_price": 91,
            "taker_side": "no"
        },
        {
            "trade_id": "09d54ad3-677c-42ef-b99c-830548606df1",
            "ticker": "KXHIGHDEN-25MAY02-B62.5",
            "count": 4,
            "created_time": "2025-05-02T03:01:20.372057Z",
            "yes_price": 14,
            "no_price": 86,
            "taker_side": "yes"
        },
        {
            "trade_id": "f11f2461-0ca6-421b-bf9a-03df7bf86110",
            "ticker": "KXHIGHDEN-25MAY02-B62.5",
            "count": 109,
            "created_time": "2025-05-02T02:48:26.806037Z",
            "yes_price": 14,
            "no_price": 86,
            "taker_side": "no"
        },
        {
            "trade_id": "d53cd5cf-07f7-474f-b6f6-bbcda63fbecc",
            "ticker": "KXHIGHDEN-25MAY02-B62.5",
            "count": 240,
            "created_time": "2025-05-02T02:48:22.37317Z",
            "yes_price": 11,
            "no_price": 89,
            "taker_side": "yes"
        },
        {
            "trade_id": "d45fe8c6-b2c5-4aa6-a5d7-4500b5c333ee",
            "ticker": "KXHIGHDEN-25MAY02-B62.5",
            "count": 59,
            "created_time": "2025-05-02T02:48:22.37317Z",
            "yes_price": 9,
            "no_price": 91,
            "taker_side": "yes"
        },
        {
            "trade_id": "bb758173-2b3d-40ce-afc4-5bc11ae46cb7",
            "ticker": "KXHIGHDEN-25MAY02-B62.5",
            "count": 10,
            "created_time": "2025-05-02T02:48:22.37317Z",
            "yes_price": 12,
            "no_price": 88,
            "taker_side": "yes"
        },
        {
            "trade_id": "27ef2418-7f03-40d3-833e-9d51c90e4d0f",
            "ticker": "KXHIGHDEN-25MAY02-B62.5",
            "count": 240,
            "created_time": "2025-05-02T02:48:22.37317Z",
            "yes_price": 13,
            "no_price": 87,
            "taker_side": "yes"
        },
        {
            "trade_id": "10e7fee6-4c9a-41b6-9c93-46ae8853943d",
            "ticker": "KXHIGHDEN-25MAY02-B62.5",
            "count": 39,
            "created_time": "2025-05-02T02:48:22.37317Z",
            "yes_price": 9,
            "no_price": 91,
            "taker_side": "yes"
        },
        {
            "trade_id": "d078a956-edf9-4f62-88d3-af4c71fc9e35",
            "ticker": "KXHIGHDEN-25MAY02-B62.5",
            "count": 15,
            "created_time": "2025-05-02T02:28:02.031339Z",
            "yes_price": 10,
            "no_price": 90,
            "taker_side": "yes"
        },
        {
            "trade_id": "1e9f3994-8444-41e3-808b-1e38bfd5375f",
            "ticker": "KXHIGHDEN-25MAY02-B62.5",
            "count": 2,
            "created_time": "2025-05-02T02:27:43.470627Z",
            "yes_price": 9,
            "no_price": 91,
            "taker_side": "no"
        },
        {
            "trade_id": "9b0685f0-e7d6-46c3-8db3-df56a9b69696",
            "ticker": "KXHIGHDEN-25MAY02-B62.5",
            "count": 90,
            "created_time": "2025-05-02T02:27:21.834581Z",
            "yes_price": 9,
            "no_price": 91,
            "taker_side": "yes"
        },
        {
            "trade_id": "d63f68c8-b9c3-4735-be16-75185b63fc85",
            "ticker": "KXHIGHDEN-25MAY02-B62.5",
            "count": 9,
            "created_time": "2025-05-02T02:27:01.276721Z",
            "yes_price": 9,
            "no_price": 91,
            "taker_side": "yes"
        },
        {
            "trade_id": "42206908-f99b-4d3b-ae53-b83d766470e5",
            "ticker": "KXHIGHDEN-25MAY02-B62.5",
            "count": 2,
            "created_time": "2025-05-02T02:26:15.196722Z",
            "yes_price": 8,
            "no_price": 92,
            "taker_side": "no"
        },
        {
            "trade_id": "91c36f71-4e3d-4221-8de1-ff937d625b15",
            "ticker": "KXHIGHDEN-25MAY02-B62.5",
            "count": 52,
            "created_time": "2025-05-02T02:13:58.103175Z",
            "yes_price": 8,
            "no_price": 92,
            "taker_side": "no"
        },
        {
            "trade_id": "eda41743-c5ce-4fd9-81c7-11d08181087c",
            "ticker": "KXHIGHDEN-25MAY02-B62.5",
            "count": 1,
            "created_time": "2025-05-02T02:09:46.514985Z",
            "yes_price": 8,
            "no_price": 92,
            "taker_side": "no"
        },
        {
            "trade_id": "889e0668-b422-403f-89d8-cf36b21d6bab",
            "ticker": "KXHIGHDEN-25MAY02-B62.5",
            "count": 12,
            "created_time": "2025-05-02T02:06:49.257671Z",
            "yes_price": 8,
            "no_price": 92,
            "taker_side": "no"
        },
        {
            "trade_id": "0bbb2f7f-ffb8-44b2-94c2-22d4eceec5fb",
            "ticker": "KXHIGHDEN-25MAY02-B62.5",
            "count": 14,
            "created_time": "2025-05-02T02:03:41.08259Z",
            "yes_price": 8,
            "no_price": 92,
            "taker_side": "no"
        },
        {
            "trade_id": "ad49052f-3620-49ee-ada3-6d13a2fbcfe2",
            "ticker": "KXHIGHDEN-25MAY02-B62.5",
            "count": 5,
            "created_time": "2025-05-02T02:03:12.251816Z",
            "yes_price": 8,
            "no_price": 92,
            "taker_side": "no"
        },
        {
            "trade_id": "060ccfaa-1911-4906-82ce-54b2c185b707",
            "ticker": "KXHIGHDEN-25MAY02-B62.5",
            "count": 7,
            "created_time": "2025-05-02T02:02:24.834987Z",
            "yes_price": 8,
            "no_price": 92,
            "taker_side": "no"
        },
        {
            "trade_id": "5e36ed0d-899c-42e7-a76f-47a8c87904d7",
            "ticker": "KXHIGHDEN-25MAY02-B62.5",
            "count": 3,
            "created_time": "2025-05-02T02:02:13.92681Z",
            "yes_price": 8,
            "no_price": 92,
            "taker_side": "no"
        },
        {
            "trade_id": "a23084af-29ee-4c54-a081-41c03922b75d",
            "ticker": "KXHIGHDEN-25MAY02-B62.5",
            "count": 12,
            "created_time": "2025-05-02T02:02:11.13008Z",
            "yes_price": 8,
            "no_price": 92,
            "taker_side": "no"
        },
        {
            "trade_id": "55b04091-222d-4a16-b410-ffefd9be4c99",
            "ticker": "KXHIGHDEN-25MAY02-B62.5",
            "count": 3,
            "created_time": "2025-05-02T01:54:43.745933Z",
            "yes_price": 8,
            "no_price": 92,
            "taker_side": "no"
        },
        {
            "trade_id": "047e4a4b-8958-4a95-b64e-eea8b5ea313e",
            "ticker": "KXHIGHDEN-25MAY02-B62.5",
            "count": 21,
            "created_time": "2025-05-02T01:51:43.746755Z",
            "yes_price": 8,
            "no_price": 92,
            "taker_side": "no"
        },
        {
            "trade_id": "cc6056b8-578b-46b2-ae05-264e1562e828",
            "ticker": "KXHIGHDEN-25MAY02-B62.5",
            "count": 4,
            "created_time": "2025-05-02T01:50:48.534817Z",
            "yes_price": 8,
            "no_price": 92,
            "taker_side": "no"
        },
        {
            "trade_id": "fb3857cb-5271-4ce2-b29e-ddf6028ec05d",
            "ticker": "KXHIGHDEN-25MAY02-B62.5",
            "count": 25,
            "created_time": "2025-05-02T01:48:37.365338Z",
            "yes_price": 8,
            "no_price": 92,
            "taker_side": "no"
        },
        {
            "trade_id": "dcca5cd6-42d2-4161-8278-510dc8cd9f19",
            "ticker": "KXHIGHDEN-25MAY02-B62.5",
            "count": 15,
            "created_time": "2025-05-02T01:45:42.255517Z",
            "yes_price": 8,
            "no_price": 92,
            "taker_side": "no"
        },
        {
            "trade_id": "e04fa961-edcc-4ead-b6fe-8430af6100fa",
            "ticker": "KXHIGHDEN-25MAY02-B62.5",
            "count": 1,
            "created_time": "2025-05-02T01:42:58.65538Z",
            "yes_price": 8,
            "no_price": 92,
            "taker_side": "no"
        },
        {
            "trade_id": "fe1887b8-f1bd-4748-bf22-41716366ff98",
            "ticker": "KXHIGHDEN-25MAY02-B62.5",
            "count": 119,
            "created_time": "2025-05-02T01:42:46.857175Z",
            "yes_price": 8,
            "no_price": 92,
            "taker_side": "no"
        },
        {
            "trade_id": "f1a4b6d0-ff52-4568-a252-5dde7f0492aa",
            "ticker": "KXHIGHDEN-25MAY02-B62.5",
            "count": 19,
            "created_time": "2025-05-02T01:42:43.995853Z",
            "yes_price": 8,
            "no_price": 92,
            "taker_side": "no"
        },
        {
            "trade_id": "d70af922-8869-4c89-adb7-d8d3bbc8f20a",
            "ticker": "KXHIGHDEN-25MAY02-B62.5",
            "count": 1,
            "created_time": "2025-05-02T01:39:53.368109Z",
            "yes_price": 8,
            "no_price": 92,
            "taker_side": "no"
        },
        {
            "trade_id": "cb9a001e-6593-4d67-9cee-267e1972c2af",
            "ticker": "KXHIGHDEN-25MAY02-B62.5",
            "count": 3,
            "created_time": "2025-05-02T01:18:45.03167Z",
            "yes_price": 10,
            "no_price": 90,
            "taker_side": "no"
        },
        {
            "trade_id": "eb5a42fe-8817-44b9-9848-7ec63f7fe10a",
            "ticker": "KXHIGHDEN-25MAY02-B62.5",
            "count": 13,
            "created_time": "2025-05-02T01:18:44.146684Z",
            "yes_price": 10,
            "no_price": 90,
            "taker_side": "no"
        },
        {
            "trade_id": "67d971c7-db77-4e0a-855c-cc1daafa0927",
            "ticker": "KXHIGHDEN-25MAY02-B62.5",
            "count": 9,
            "created_time": "2025-05-02T01:18:42.199368Z",
            "yes_price": 10,
            "no_price": 90,
            "taker_side": "no"
        },
        {
            "trade_id": "c6b5dbfe-9099-4b56-9877-12f150208769",
            "ticker": "KXHIGHDEN-25MAY02-B62.5",
            "count": 25,
            "created_time": "2025-05-02T01:18:26.877289Z",
            "yes_price": 11,
            "no_price": 89,
            "taker_side": "no"
        },
        {
            "trade_id": "991e77f2-5aac-4a98-9afe-278e2436890d",
