{
    "KXHIGHDEN-25MAR25-T65": [
        {
            "trade_id": "9ed5d445-0fec-4c4f-a8a5-7285d4031de3",
            "ticker": "KXHIGHDEN-25MAR25-T65",
            "count": 20,
            "created_time": "2025-03-25T14:36:51.41713Z",
            "yes_price": 1,
            "no_price": 99,
            "taker_side": "yes"
        },
        {
            "trade_id": "ab87e669-5c8b-4f91-88e8-232b4961a347",
            "ticker": "KXHIGHDEN-25MAR25-T65",
            "count": 131,
            "created_time": "2025-03-25T14:06:24.020702Z",
            "yes_price": 1,
            "no_price": 99,
            "taker_side": "no"
        },
        {
            "trade_id": "33303f94-d009-4547-a671-8abb5f810d83",
            "ticker": "KXHIGHDEN-25MAR25-T65",
            "count": 10,
            "created_time": "2025-03-25T12:53:02.820421Z",
            "yes_price": 1,
            "no_price": 99,
            "taker_side": "no"
        },
        {
            "trade_id": "d0477fa2-abba-404a-b50e-38ae1bcfc9d8",
            "ticker": "KXHIGHDEN-25MAR25-T65",
            "count": 6,
            "created_time": "2025-03-25T04:50:22.101771Z",
            "yes_price": 1,
            "no_price": 99,
            "taker_side": "no"
        },
        {
            "trade_id": "3934fe7a-58a3-440f-9540-43b3582df31e",
            "ticker": "KXHIGHDEN-25MAR25-T65",
            "count": 4,
            "created_time": "2025-03-25T04:49:35.09473Z",
            "yes_price": 1,
            "no_price": 99,
            "taker_side": "no"
        },
        {
            "trade_id": "fff0bdde-e830-4edf-a076-1326952e3191",
            "ticker": "KXHIGHDEN-25MAR25-T65",
            "count": 17,
            "created_time": "2025-03-25T04:18:32.518482Z",
            "yes_price": 1,
            "no_price": 99,
            "taker_side": "no"
        },
        {
            "trade_id": "bab33658-41fc-4285-8802-c0dece9f2eab",
            "ticker": "KXHIGHDEN-25MAR25-T65",
            "count": 17,
            "created_time": "2025-03-25T04:18:31.667373Z",
            "yes_price": 1,
            "no_price": 99,
            "taker_side": "no"
        },
        {
            "trade_id": "92bed513-75e2-4f14-9b29-892a41a95942",
            "ticker": "KXHIGHDEN-25MAR25-T65",
            "count": 14,
            "created_time": "2025-03-25T03:56:09.825107Z",
            "yes_price": 2,
            "no_price": 98,
            "taker_side": "no"
        },
        {
            "trade_id": "25fddfae-f7b6-402e-8469-d1f55ab57e9f",
            "ticker": "KXHIGHDEN-25MAR25-T65",
            "count": 20,
            "created_time": "2025-03-25T03:31:38.73913Z",
            "yes_price": 2,
            "no_price": 98,
            "taker_side": "yes"
        },
        {
            "trade_id": "38069515-8675-4844-910e-c4a7497a9c29",
            "ticker": "KXHIGHDEN-25MAR25-T65",
            "count": 15,
            "created_time": "2025-03-25T02:54:48.827001Z",
            "yes_price": 1,
            "no_price": 99,
            "taker_side": "no"
        }
    ],
    "KXHIGHDEN-25MAR25-B65.5": [
        {
            "trade_id": "fdf98a9f-738a-48b1-967c-391b8627e14f",
            "ticker": "KXHIGHDEN-25MAR25-B65.5",
            "count": 250,
            "created_time": "2025-03-25T19:01:27.381362Z",
            "yes_price": 3,
            "no_price": 97,
            "taker_side": "yes"
        },
        {
            "trade_id": "a4427f87-e636-4c3d-aa32-0ecf3fbb912f",
            "ticker": "KXHIGHDEN-25MAR25-B65.5",
            "count": 131,
            "created_time": "2025-03-25T19:01:27.381362Z",
            "yes_price": 1,
            "no_price": 99,
            "taker_side": "yes"
        },
        {
            "trade_id": "55699222-9c0b-490e-8165-870d520b9b0e",
            "ticker": "KXHIGHDEN-25MAR25-B65.5",
            "count": 100,
            "created_time": "2025-03-25T19:01:27.381362Z",
            "yes_price": 1,
            "no_price": 99,
            "taker_side": "yes"
        },
        {
            "trade_id": "597bbd6d-0784-43b3-b6da-b25fcec28cde",
            "ticker": "KXHIGHDEN-25MAR25-B65.5",
            "count": 20,
            "created_time": "2025-03-25T15:53:30.151674Z",
            "yes_price": 1,
            "no_price": 99,
            "taker_side": "no"
        },
        {
            "trade_id": "28422439-89fb-46e2-9699-9934c0f11605",
            "ticker": "KXHIGHDEN-25MAR25-B65.5",
            "count": 181,
            "created_time": "2025-03-25T15:53:30.151674Z",
            "yes_price": 1,
            "no_price": 99,
            "taker_side": "no"
        },
        {
            "trade_id": "61a4460a-75ab-4d9f-a3db-96bea3607e93",
            "ticker": "KXHIGHDEN-25MAR25-B65.5",
            "count": 18,
            "created_time": "2025-03-25T15:49:19.805594Z",
            "yes_price": 1,
            "no_price": 99,
            "taker_side": "no"
        },
        {
            "trade_id": "8aea2b06-2eef-42fe-a2cc-3f083bd09f8c",
            "ticker": "KXHIGHDEN-25MAR25-B65.5",
            "count": 17,
            "created_time": "2025-03-25T15:48:53.142591Z",
            "yes_price": 1,
            "no_price": 99,
            "taker_side": "no"
        },
        {
            "trade_id": "8f822b60-43d2-417f-b612-69465653b7b5",
            "ticker": "KXHIGHDEN-25MAR25-B65.5",
            "count": 25,
            "created_time": "2025-03-25T15:46:05.159475Z",
            "yes_price": 1,
            "no_price": 99,
            "taker_side": "no"
        },
        {
            "trade_id": "df625128-93d1-47f7-9012-1134cd9a51ee",
            "ticker": "KXHIGHDEN-25MAR25-B65.5",
            "count": 50,
            "created_time": "2025-03-25T15:37:35.636086Z",
            "yes_price": 3,
            "no_price": 97,
            "taker_side": "yes"
        },
        {
            "trade_id": "f87e6329-0928-4281-a1df-d033bd10046f",
            "ticker": "KXHIGHDEN-25MAR25-B65.5",
            "count": 24,
            "created_time": "2025-03-25T12:31:42.702903Z",
            "yes_price": 3,
            "no_price": 97,
            "taker_side": "yes"
        },
        {
            "trade_id": "615b622b-71a6-4e88-9abc-b4f295ff6ef3",
            "ticker": "KXHIGHDEN-25MAR25-B65.5",
            "count": 52,
            "created_time": "2025-03-25T05:18:04.969561Z",
            "yes_price": 3,
            "no_price": 97,
            "taker_side": "yes"
        },
        {
            "trade_id": "0c9bcdca-e393-439a-ba9a-73f9d3c630bc",
            "ticker": "KXHIGHDEN-25MAR25-B65.5",
            "count": 76,
            "created_time": "2025-03-25T05:18:04.969561Z",
            "yes_price": 3,
            "no_price": 97,
            "taker_side": "yes"
        },
        {
            "trade_id": "66a4c72c-5295-4a04-8b25-b8515c2ada51",
            "ticker": "KXHIGHDEN-25MAR25-B65.5",
            "count": 6,
            "created_time": "2025-03-25T04:50:22.105093Z",
            "yes_price": 1,
            "no_price": 99,
            "taker_side": "no"
        },
        {
            "trade_id": "4517154a-db5d-49ef-8fd3-78a6c544f3af",
            "ticker": "KXHIGHDEN-25MAR25-B65.5",
            "count": 4,
            "created_time": "2025-03-25T04:49:35.099362Z",
            "yes_price": 1,
            "no_price": 99,
            "taker_side": "no"
        },
        {
            "trade_id": "9e81a736-799f-448a-a270-4297a532ded2",
            "ticker": "KXHIGHDEN-25MAR25-B65.5",
            "count": 17,
            "created_time": "2025-03-25T04:18:32.517699Z",
            "yes_price": 1,
            "no_price": 99,
            "taker_side": "no"
        },
        {
            "trade_id": "39778c72-5a2e-402d-9975-89ee42064a21",
            "ticker": "KXHIGHDEN-25MAR25-B65.5",
            "count": 17,
            "created_time": "2025-03-25T04:18:31.666742Z",
            "yes_price": 1,
            "no_price": 99,
            "taker_side": "no"
        },
        {
            "trade_id": "1919100d-b6ba-4304-b235-9f327337f954",
            "ticker": "KXHIGHDEN-25MAR25-B65.5",
            "count": 14,
            "created_time": "2025-03-25T03:56:09.828079Z",
            "yes_price": 2,
            "no_price": 98,
            "taker_side": "no"
        },
        {
            "trade_id": "7da5ff5b-e80f-48ae-bb29-f1386a67a244",
            "ticker": "KXHIGHDEN-25MAR25-B65.5",
            "count": 111,
            "created_time": "2025-03-25T03:31:46.660576Z",
            "yes_price": 2,
            "no_price": 98,
            "taker_side": "yes"
        },
        {
            "trade_id": "3312663f-b019-4601-a397-47544abbf066",
            "ticker": "KXHIGHDEN-25MAR25-B65.5",
            "count": 20,
            "created_time": "2025-03-25T03:31:46.660576Z",
            "yes_price": 2,
            "no_price": 98,
            "taker_side": "yes"
        },
        {
            "trade_id": "0a34e2a7-4fff-4ede-997a-fdbc59d3a452",
            "ticker": "KXHIGHDEN-25MAR25-B65.5",
            "count": 15,
            "created_time": "2025-03-25T02:54:48.828047Z",
            "yes_price": 1,
            "no_price": 99,
            "taker_side": "no"
        },
        {
            "trade_id": "4d92f78d-e8f8-499c-9efa-314166070f16",
            "ticker": "KXHIGHDEN-25MAR25-B65.5",
            "count": 3,
            "created_time": "2025-03-24T21:28:48.038311Z",
            "yes_price": 4,
            "no_price": 96,
            "taker_side": "yes"
        },
        {
            "trade_id": "3e5218e9-589f-4543-a6e6-6d16ec3c8a0d",
            "ticker": "KXHIGHDEN-25MAR25-B65.5",
            "count": 15,
            "created_time": "2025-03-24T21:28:48.038311Z",
            "yes_price": 4,
            "no_price": 96,
            "taker_side": "yes"
        },
        {
            "trade_id": "e2451b56-9b10-414b-8447-556bc69b9942",
            "ticker": "KXHIGHDEN-25MAR25-B65.5",
            "count": 2,
            "created_time": "2025-03-24T20:34:10.364317Z",
            "yes_price": 4,
            "no_price": 96,
            "taker_side": "yes"
        },
        {
            "trade_id": "9b5b42aa-02b0-4887-9e7e-85688e1c0847",
            "ticker": "KXHIGHDEN-25MAR25-B65.5",
            "count": 96,
            "created_time": "2025-03-24T20:34:10.364317Z",
            "yes_price": 4,
            "no_price": 96,
            "taker_side": "yes"
        },
        {
            "trade_id": "a2ead431-9de7-4867-aa0e-1043d485d36d",
            "ticker": "KXHIGHDEN-25MAR25-B65.5",
            "count": 1,
            "created_time": "2025-03-24T20:25:51.47545Z",
            "yes_price": 4,
            "no_price": 96,
            "taker_side": "yes"
        },
        {
            "trade_id": "ac9b8cb7-dcde-4dfd-b81e-9f66bd15c892",
            "ticker": "KXHIGHDEN-25MAR25-B65.5",
            "count": 115,
            "created_time": "2025-03-24T14:51:33.995259Z",
            "yes_price": 5,
            "no_price": 95,
            "taker_side": "no"
        },
        {
            "trade_id": "b7755f9b-8ab9-4b17-ac59-149eafebee75",
            "ticker": "KXHIGHDEN-25MAR25-B65.5",
            "count": 240,
            "created_time": "2025-03-24T14:51:17.982848Z",
            "yes_price": 6,
            "no_price": 94,
            "taker_side": "no"
        },
        {
            "trade_id": "d4cd0564-4c60-4f9c-9feb-478d2576be91",
            "ticker": "KXHIGHDEN-25MAR25-B65.5",
            "count": 40,
            "created_time": "2025-03-24T14:50:16.245078Z",
            "yes_price": 8,
            "no_price": 92,
            "taker_side": "no"
        }
    ],
    "KXHIGHDEN-25MAR25-B67.5": [
        {
            "trade_id": "d3a78a73-65a3-46e9-a7ce-d527c3cc535c",
            "ticker": "KXHIGHDEN-25MAR25-B67.5",
            "count": 84,
            "created_time": "2025-03-25T21:51:06.81099Z",
            "yes_price": 1,
            "no_price": 99,
            "taker_side": "yes"
        },
        {
            "trade_id": "5a6b720f-fa8a-447b-8ca3-e5f76e1db45e",
            "ticker": "KXHIGHDEN-25MAR25-B67.5",
            "count": 100,
            "created_time": "2025-03-25T21:32:55.094667Z",
            "yes_price": 1,
            "no_price": 99,
            "taker_side": "yes"
        },
        {
            "trade_id": "622d02ad-b375-43ab-b553-453750c45464",
            "ticker": "KXHIGHDEN-25MAR25-B67.5",
            "count": 100,
            "created_time": "2025-03-25T20:41:06.629051Z",
            "yes_price": 1,
            "no_price": 99,
            "taker_side": "yes"
        },
        {
            "trade_id": "9366bff1-5d37-4544-a042-83f351cd44e4",
            "ticker": "KXHIGHDEN-25MAR25-B67.5",
            "count": 385,
            "created_time": "2025-03-25T20:39:11.329165Z",
            "yes_price": 1,
            "no_price": 99,
            "taker_side": "yes"
        },
        {
            "trade_id": "f4955d43-0a4a-4fbd-84a7-484e49c3e610",
            "ticker": "KXHIGHDEN-25MAR25-B67.5",
            "count": 40,
            "created_time": "2025-03-25T20:37:07.920448Z",
            "yes_price": 4,
            "no_price": 96,
            "taker_side": "no"
        },
        {
            "trade_id": "d6565bd0-f398-4f2c-8cd0-37a0403801f1",
            "ticker": "KXHIGHDEN-25MAR25-B67.5",
            "count": 120,
            "created_time": "2025-03-25T20:37:07.920448Z",
            "yes_price": 1,
            "no_price": 99,
            "taker_side": "no"
        },
        {
            "trade_id": "adcf7729-d45a-4571-8b7c-423cd2fcb8cc",
            "ticker": "KXHIGHDEN-25MAR25-B67.5",
            "count": 100,
            "created_time": "2025-03-25T20:37:07.920448Z",
            "yes_price": 1,
            "no_price": 99,
            "taker_side": "no"
        },
        {
            "trade_id": "967951de-78b4-4d50-abe0-b129e572de51",
            "ticker": "KXHIGHDEN-25MAR25-B67.5",
            "count": 40,
            "created_time": "2025-03-25T20:37:07.920448Z",
            "yes_price": 3,
            "no_price": 97,
            "taker_side": "no"
        },
        {
            "trade_id": "28659721-1a6d-4d08-9bb5-9dfef5535766",
            "ticker": "KXHIGHDEN-25MAR25-B67.5",
            "count": 200,
            "created_time": "2025-03-25T20:37:07.920448Z",
            "yes_price": 1,
            "no_price": 99,
            "taker_side": "no"
        },
        {
            "trade_id": "17229b9a-39f3-44b8-8c44-c0e3f4897c1e",
            "ticker": "KXHIGHDEN-25MAR25-B67.5",
            "count": 300,
            "created_time": "2025-03-25T20:37:07.920448Z",
            "yes_price": 2,
            "no_price": 98,
            "taker_side": "no"
        },
        {
            "trade_id": "3e13634d-9642-47ec-baa4-f3dbc67ab000",
            "ticker": "KXHIGHDEN-25MAR25-B67.5",
            "count": 12,
            "created_time": "2025-03-25T20:20:45.58157Z",
            "yes_price": 24,
            "no_price": 76,
            "taker_side": "yes"
        },
        {
            "trade_id": "00385d8a-dbde-4122-bd15-704b0c514b07",
            "ticker": "KXHIGHDEN-25MAR25-B67.5",
            "count": 4,
            "created_time": "2025-03-25T20:20:16.715298Z",
            "yes_price": 26,
            "no_price": 74,
            "taker_side": "yes"
        },
        {
            "trade_id": "e31be340-568f-46a8-98ec-40c0e1d3e527",
            "ticker": "KXHIGHDEN-25MAR25-B67.5",
            "count": 15,
            "created_time": "2025-03-25T20:20:08.513134Z",
            "yes_price": 26,
            "no_price": 74,
            "taker_side": "yes"
        },
        {
            "trade_id": "abd7d569-c082-4846-b44e-ce505d188716",
            "ticker": "KXHIGHDEN-25MAR25-B67.5",
            "count": 20,
            "created_time": "2025-03-25T20:20:08.513134Z",
            "yes_price": 27,
            "no_price": 73,
            "taker_side": "yes"
        },
        {
            "trade_id": "b377295c-15d9-49c8-a6b3-89c5076e2ecc",
            "ticker": "KXHIGHDEN-25MAR25-B67.5",
            "count": 36,
            "created_time": "2025-03-25T20:18:30.288251Z",
            "yes_price": 9,
            "no_price": 91,
            "taker_side": "no"
        },
        {
            "trade_id": "9390c6e8-c234-418b-9ed5-bb47bdfc4f16",
            "ticker": "KXHIGHDEN-25MAR25-B67.5",
            "count": 100,
            "created_time": "2025-03-25T20:18:10.978902Z",
            "yes_price": 11,
            "no_price": 89,
            "taker_side": "no"
        },
        {
            "trade_id": "66184557-6a21-46ab-b804-c94c2cd695eb",
            "ticker": "KXHIGHDEN-25MAR25-B67.5",
            "count": 100,
            "created_time": "2025-03-25T20:18:10.978902Z",
            "yes_price": 11,
            "no_price": 89,
            "taker_side": "no"
        },
        {
            "trade_id": "f4268f30-16af-4a84-8634-b73f7e905327",
            "ticker": "KXHIGHDEN-25MAR25-B67.5",
            "count": 77,
            "created_time": "2025-03-25T20:15:28.324491Z",
            "yes_price": 30,
            "no_price": 70,
            "taker_side": "no"
        },
        {
            "trade_id": "0c456658-e236-4152-9323-35e3d540f96f",
            "ticker": "KXHIGHDEN-25MAR25-B67.5",
            "count": 14,
            "created_time": "2025-03-25T20:15:12.723502Z",
            "yes_price": 30,
            "no_price": 70,
            "taker_side": "no"
        },
        {
            "trade_id": "7c88b2fb-9a86-4c6d-b54c-a7b0a3a2c3d9",
            "ticker": "KXHIGHDEN-25MAR25-B67.5",
            "count": 8,
            "created_time": "2025-03-25T20:15:06.574708Z",
            "yes_price": 30,
            "no_price": 70,
            "taker_side": "no"
        },
        {
            "trade_id": "37ca3fb3-b8a7-49df-a39b-b8626e6643f9",
            "ticker": "KXHIGHDEN-25MAR25-B67.5",
            "count": 1,
            "created_time": "2025-03-25T20:14:33.922391Z",
            "yes_price": 30,
            "no_price": 70,
            "taker_side": "yes"
        },
        {
            "trade_id": "64a3808e-bea5-486c-be6c-7069c4caa063",
            "ticker": "KXHIGHDEN-25MAR25-B67.5",
            "count": 13,
            "created_time": "2025-03-25T20:13:07.693367Z",
            "yes_price": 32,
            "no_price": 68,
            "taker_side": "yes"
        },
        {
            "trade_id": "2ff2311c-bbab-4a00-b02b-eb1dcc45c060",
            "ticker": "KXHIGHDEN-25MAR25-B67.5",
            "count": 24,
            "created_time": "2025-03-25T20:13:07.693367Z",
            "yes_price": 22,
            "no_price": 78,
            "taker_side": "yes"
        },
        {
            "trade_id": "9283fed5-e005-4d16-9bac-ece35bef4e6a",
            "ticker": "KXHIGHDEN-25MAR25-B67.5",
            "count": 1,
            "created_time": "2025-03-25T20:12:13.720245Z",
            "yes_price": 22,
            "no_price": 78,
            "taker_side": "yes"
        },
        {
            "trade_id": "e1e01fcf-840d-4f40-8cac-44f09694503d",
            "ticker": "KXHIGHDEN-25MAR25-B67.5",
            "count": 100,
            "created_time": "2025-03-25T20:10:20.398646Z",
            "yes_price": 13,
            "no_price": 87,
            "taker_side": "no"
        },
        {
            "trade_id": "ca4147a4-0679-4fcd-8852-bd5688e42537",
            "ticker": "KXHIGHDEN-25MAR25-B67.5",
            "count": 25,
            "created_time": "2025-03-25T20:09:01.211595Z",
            "yes_price": 23,
            "no_price": 77,
            "taker_side": "no"
        },
        {
            "trade_id": "a5406b3c-b90e-4072-9151-46740043b138",
            "ticker": "KXHIGHDEN-25MAR25-B67.5",
            "count": 57,
            "created_time": "2025-03-25T20:09:01.211595Z",
            "yes_price": 12,
            "no_price": 88,
            "taker_side": "no"
        },
        {
            "trade_id": "88b7ebd0-ee18-49b8-8777-3cd6e2dbc4a2",
            "ticker": "KXHIGHDEN-25MAR25-B67.5",
            "count": 19,
            "created_time": "2025-03-25T20:09:01.211595Z",
            "yes_price": 13,
            "no_price": 87,
            "taker_side": "no"
        },
        {
            "trade_id": "82b3179c-e58e-4c7d-991c-be1f05171ded",
            "ticker": "KXHIGHDEN-25MAR25-B67.5",
            "count": 10,
            "created_time": "2025-03-25T20:09:01.211595Z",
            "yes_price": 16,
            "no_price": 84,
            "taker_side": "no"
        },
        {
            "trade_id": "3d232b23-5fcb-4d93-8710-3b9a25641f7c",
            "ticker": "KXHIGHDEN-25MAR25-B67.5",
            "count": 5,
            "created_time": "2025-03-25T20:09:01.211595Z",
            "yes_price": 19,
            "no_price": 81,
            "taker_side": "no"
        },
        {
            "trade_id": "1b781f06-db21-4ee2-a1a4-576dfbc8f52e",
            "ticker": "KXHIGHDEN-25MAR25-B67.5",
            "count": 150,
            "created_time": "2025-03-25T20:09:01.211595Z",
            "yes_price": 17,
            "no_price": 83,
            "taker_side": "no"
        },
        {
            "trade_id": "18921837-a88b-4577-ba58-6430537daf30",
            "ticker": "KXHIGHDEN-25MAR25-B67.5",
            "count": 24,
            "created_time": "2025-03-25T20:09:01.211595Z",
            "yes_price": 22,
            "no_price": 78,
            "taker_side": "no"
        },
        {
            "trade_id": "1727d65f-abc9-4282-98fb-65117b762509",
            "ticker": "KXHIGHDEN-25MAR25-B67.5",
            "count": 14,
            "created_time": "2025-03-25T20:09:01.211595Z",
            "yes_price": 18,
            "no_price": 82,
            "taker_side": "no"
        },
        {
            "trade_id": "06e335fc-280c-4eb4-85c0-4774e13fb309",
            "ticker": "KXHIGHDEN-25MAR25-B67.5",
            "count": 299,
            "created_time": "2025-03-25T20:09:01.211595Z",
            "yes_price": 18,
            "no_price": 82,
            "taker_side": "no"
        },
        {
            "trade_id": "32d625de-4e75-4197-b163-796a2b27aea7",
            "ticker": "KXHIGHDEN-25MAR25-B67.5",
            "count": 150,
            "created_time": "2025-03-25T20:03:07.929588Z",
            "yes_price": 28,
            "no_price": 72,
            "taker_side": "yes"
        },
        {
            "trade_id": "5f8ddfd1-b4ed-4572-94aa-098c7dcb0eae",
            "ticker": "KXHIGHDEN-25MAR25-B67.5",
            "count": 299,
            "created_time": "2025-03-25T20:02:50.447246Z",
            "yes_price": 27,
            "no_price": 73,
            "taker_side": "yes"
        },
        {
            "trade_id": "f068d55d-0611-4420-b55d-05b70cd331d1",
            "ticker": "KXHIGHDEN-25MAR25-B67.5",
            "count": 24,
            "created_time": "2025-03-25T20:02:00.174765Z",
            "yes_price": 19,
            "no_price": 81,
            "taker_side": "yes"
        },
        {
            "trade_id": "7dcc5f73-d755-4b7e-a630-797d20461d9f",
            "ticker": "KXHIGHDEN-25MAR25-B67.5",
            "count": 12,
            "created_time": "2025-03-25T20:02:00.174765Z",
            "yes_price": 26,
            "no_price": 74,
            "taker_side": "yes"
        },
        {
            "trade_id": "37ef8eee-12a4-4128-93df-9b4f2a370798",
            "ticker": "KXHIGHDEN-25MAR25-B67.5",
            "count": 11,
            "created_time": "2025-03-25T20:02:00.174765Z",
            "yes_price": 25,
            "no_price": 75,
            "taker_side": "yes"
        },
        {
            "trade_id": "317dd004-99cb-4091-8bc2-284a42e0e109",
            "ticker": "KXHIGHDEN-25MAR25-B67.5",
            "count": 12,
            "created_time": "2025-03-25T20:02:00.174765Z",
            "yes_price": 24,
            "no_price": 76,
            "taker_side": "yes"
        },
        {
            "trade_id": "244af4e7-878c-418a-8ba8-c865c4240682",
            "ticker": "KXHIGHDEN-25MAR25-B67.5",
            "count": 6,
            "created_time": "2025-03-25T19:49:35.45116Z",
            "yes_price": 19,
            "no_price": 81,
            "taker_side": "no"
        },
        {
            "trade_id": "64ffa92c-b1c5-4146-9f18-d6fc04caf523",
            "ticker": "KXHIGHDEN-25MAR25-B67.5",
            "count": 23,
            "created_time": "2025-03-25T19:46:48.505305Z",
            "yes_price": 19,
            "no_price": 81,
            "taker_side": "no"
        },
        {
            "trade_id": "5cc6e2b5-1c05-423e-ae08-b452a49c2acb",
            "ticker": "KXHIGHDEN-25MAR25-B67.5",
            "count": 7,
            "created_time": "2025-03-25T19:46:48.505305Z",
            "yes_price": 20,
            "no_price": 80,
            "taker_side": "no"
        },
        {
            "trade_id": "ff004eca-102b-4539-8a53-6f9ef92a997c",
            "ticker": "KXHIGHDEN-25MAR25-B67.5",
            "count": 1,
            "created_time": "2025-03-25T19:45:56.270732Z",
            "yes_price": 20,
            "no_price": 80,
            "taker_side": "no"
        },
        {
            "trade_id": "ed05de1d-2f6d-4cda-95e4-fec0fd9a275b",
            "ticker": "KXHIGHDEN-25MAR25-B67.5",
            "count": 1,
            "created_time": "2025-03-25T19:43:44.912185Z",
            "yes_price": 23,
            "no_price": 77,
            "taker_side": "yes"
        },
        {
            "trade_id": "e1560791-793a-4e82-b2f7-c9175dbf9231",
            "ticker": "KXHIGHDEN-25MAR25-B67.5",
            "count": 8,
            "created_time": "2025-03-25T19:43:44.912185Z",
            "yes_price": 26,
            "no_price": 74,
            "taker_side": "yes"
        },
        {
            "trade_id": "5ec7dc4c-9bee-42cb-bd28-ff7556dbdb7d",
            "ticker": "KXHIGHDEN-25MAR25-B67.5",
            "count": 11,
            "created_time": "2025-03-25T19:43:44.912185Z",
            "yes_price": 23,
            "no_price": 77,
            "taker_side": "yes"
        },
        {
            "trade_id": "cf0831ad-f2ea-4676-8159-b3b38c9e1497",
            "ticker": "KXHIGHDEN-25MAR25-B67.5",
            "count": 21,
            "created_time": "2025-03-25T19:09:34.706746Z",
            "yes_price": 26,
            "no_price": 74,
            "taker_side": "yes"
        },
        {
            "trade_id": "9330d633-85f5-4939-80ed-d0758f31e303",
            "ticker": "KXHIGHDEN-25MAR25-B67.5",
            "count": 32,
            "created_time": "2025-03-25T19:09:34.706746Z",
            "yes_price": 26,
            "no_price": 74,
            "taker_side": "yes"
        },
        {
            "trade_id": "28247fc2-e38e-440d-9644-76815288af51",
            "ticker": "KXHIGHDEN-25MAR25-B67.5",
            "count": 20,
            "created_time": "2025-03-25T19:09:34.706746Z",
            "yes_price": 26,
            "no_price": 74,
            "taker_side": "yes"
        },
        {
            "trade_id": "6d6a5a1b-ac7e-40e3-be14-c2bba64ae1d9",
            "ticker": "KXHIGHDEN-25MAR25-B67.5",
            "count": 10,
            "created_time": "2025-03-25T19:05:34.336498Z",
            "yes_price": 20,
            "no_price": 80,
            "taker_side": "yes"
        },
        {
            "trade_id": "023a7871-25c1-47d6-879f-74354b9ae569",
            "ticker": "KXHIGHDEN-25MAR25-B67.5",
            "count": 50,
            "created_time": "2025-03-25T19:05:25.119513Z",
            "yes_price": 18,
            "no_price": 82,
            "taker_side": "yes"
        },
        {
            "trade_id": "e5a6b7a0-5f2e-484b-a356-2b0a19e1b9ef",
            "ticker": "KXHIGHDEN-25MAR25-B67.5",
            "count": 50,
            "created_time": "2025-03-25T19:04:41.333438Z",
            "yes_price": 18,
            "no_price": 82,
            "taker_side": "yes"
        },
        {
            "trade_id": "b2f927b1-4e12-4357-8283-a601617c7122",
            "ticker": "KXHIGHDEN-25MAR25-B67.5",
            "count": 200,
            "created_time": "2025-03-25T19:03:42.387341Z",
            "yes_price": 10,
            "no_price": 90,
            "taker_side": "no"
        },
        {
            "trade_id": "d06a5e19-6f65-4da2-9ffd-7b676197e3fa",
            "ticker": "KXHIGHDEN-25MAR25-B67.5",
            "count": 35,
            "created_time": "2025-03-25T19:02:18.662066Z",
            "yes_price": 11,
            "no_price": 89,
            "taker_side": "no"
        },
        {
            "trade_id": "ccad91af-5e6a-4509-be0c-d6ab8b69396f",
            "ticker": "KXHIGHDEN-25MAR25-B67.5",
            "count": 50,
            "created_time": "2025-03-25T19:01:40.089085Z",
            "yes_price": 12,
            "no_price": 88,
            "taker_side": "no"
        },
        {
            "trade_id": "805a4309-2d05-44e6-b18d-d1540dae2bcf",
            "ticker": "KXHIGHDEN-25MAR25-B67.5",
            "count": 9,
            "created_time": "2025-03-25T18:57:46.651198Z",
            "yes_price": 19,
            "no_price": 81,
            "taker_side": "yes"
        },
        {
            "trade_id": "5b499528-9469-4a2a-bcd5-5a78a5c97d0c",
            "ticker": "KXHIGHDEN-25MAR25-B67.5",
            "count": 17,
            "created_time": "2025-03-25T18:57:46.651198Z",
            "yes_price": 17,
            "no_price": 83,
            "taker_side": "yes"
        },
        {
            "trade_id": "e20c5b70-28c0-4c60-8504-4ec73a55c59b",
            "ticker": "KXHIGHDEN-25MAR25-B67.5",
            "count": 11,
            "created_time": "2025-03-25T18:37:48.50189Z",
            "yes_price": 12,
            "no_price": 88,
            "taker_side": "yes"
        },
        {
            "trade_id": "aa218a58-9c33-4adc-a417-06e6699f3045",
            "ticker": "KXHIGHDEN-25MAR25-B67.5",
            "count": 123,
            "created_time": "2025-03-25T18:37:48.50189Z",
            "yes_price": 13,
            "no_price": 87,
            "taker_side": "yes"
        },
        {
            "trade_id": "5c390c5f-1fce-429a-b03c-c4f80194198e",
            "ticker": "KXHIGHDEN-25MAR25-B67.5",
            "count": 7,
            "created_time": "2025-03-25T18:35:53.822075Z",
            "yes_price": 12,
            "no_price": 88,
            "taker_side": "yes"
        },
        {
            "trade_id": "2e1f61a6-4375-487c-acbb-9c501cc005b6",
            "ticker": "KXHIGHDEN-25MAR25-B67.5",
            "count": 200,
            "created_time": "2025-03-25T18:32:23.854627Z",
            "yes_price": 13,
            "no_price": 87,
            "taker_side": "yes"
        },
        {
            "trade_id": "8571b580-7286-45ab-9068-c3f2ac9779e4",
            "ticker": "KXHIGHDEN-25MAR25-B67.5",
            "count": 100,
            "created_time": "2025-03-25T18:19:07.760675Z",
            "yes_price": 8,
            "no_price": 92,
            "taker_side": "yes"
        },
        {
            "trade_id": "4a7bb509-413f-467f-9620-78146d9db3a6",
            "ticker": "KXHIGHDEN-25MAR25-B67.5",
            "count": 3,
            "created_time": "2025-03-25T18:19:07.760675Z",
            "yes_price": 4,
            "no_price": 96,
            "taker_side": "yes"
        },
        {
            "trade_id": "854d1c59-3cc2-4c3d-a35f-049f71a4af76",
            "ticker": "KXHIGHDEN-25MAR25-B67.5",
            "count": 97,
            "created_time": "2025-03-25T18:17:51.240643Z",
            "yes_price": 4,
            "no_price": 96,
            "taker_side": "no"
        },
        {
            "trade_id": "5e754352-7849-447d-9f77-a69a27e72391",
            "ticker": "KXHIGHDEN-25MAR25-B67.5",
            "count": 100,
            "created_time": "2025-03-25T18:17:39.751581Z",
            "yes_price": 4,
            "no_price": 96,
            "taker_side": "no"
        },
        {
            "trade_id": "b5a47edb-303b-40fe-b940-e1d1604ce8be",
            "ticker": "KXHIGHDEN-25MAR25-B67.5",
            "count": 3,
            "created_time": "2025-03-25T18:15:06.988391Z",
            "yes_price": 4,
            "no_price": 96,
            "taker_side": "no"
        },
        {
            "trade_id": "17769543-fcdb-43ae-900f-db61c79d74c3",
            "ticker": "KXHIGHDEN-25MAR25-B67.5",
            "count": 78,
            "created_time": "2025-03-25T17:38:19.866823Z",
            "yes_price": 8,
            "no_price": 92,
            "taker_side": "no"
        },
        {
            "trade_id": "059e8d68-0189-489d-8e34-7145e430d087",
            "ticker": "KXHIGHDEN-25MAR25-B67.5",
            "count": 299,
            "created_time": "2025-03-25T17:38:19.866823Z",
            "yes_price": 8,
            "no_price": 92,
            "taker_side": "no"
        },
        {
            "trade_id": "9de3d67d-08f3-49e6-ba0e-da1a90b2c9cb",
            "ticker": "KXHIGHDEN-25MAR25-B67.5",
            "count": 13,
            "created_time": "2025-03-25T17:14:29.123473Z",
            "yes_price": 6,
            "no_price": 94,
            "taker_side": "no"
        },
        {
            "trade_id": "eb9c2b49-cb80-4900-9658-87e12b073f96",
            "ticker": "KXHIGHDEN-25MAR25-B67.5",
            "count": 184,
            "created_time": "2025-03-25T16:58:41.30011Z",
            "yes_price": 10,
            "no_price": 90,
            "taker_side": "yes"
        },
        {
            "trade_id": "e04666df-a333-459b-80b2-c0abbf039494",
            "ticker": "KXHIGHDEN-25MAR25-B67.5",
            "count": 3,
            "created_time": "2025-03-25T16:58:41.30011Z",
            "yes_price": 8,
            "no_price": 92,
            "taker_side": "yes"
        },
        {
            "trade_id": "ca8eed39-d0d1-4590-9398-80cea2c16053",
            "ticker": "KXHIGHDEN-25MAR25-B67.5",
            "count": 73,
            "created_time": "2025-03-25T16:58:41.30011Z",
            "yes_price": 8,
            "no_price": 92,
            "taker_side": "yes"
        },
        {
            "trade_id": "0f65cb2f-fa4d-4b66-8d73-9c936c718b0a",
            "ticker": "KXHIGHDEN-25MAR25-B67.5",
            "count": 240,
            "created_time": "2025-03-25T16:58:41.30011Z",
            "yes_price": 10,
            "no_price": 90,
            "taker_side": "yes"
        },
        {
            "trade_id": "be27e078-ed84-4c18-ae62-9768c44baa99",
            "ticker": "KXHIGHDEN-25MAR25-B67.5",
            "count": 3,
            "created_time": "2025-03-25T16:57:22.653114Z",
            "yes_price": 3,
            "no_price": 97,
            "taker_side": "no"
        },
        {
            "trade_id": "b68b7256-e305-4f18-adcc-b3d575440332",
            "ticker": "KXHIGHDEN-25MAR25-B67.5",
            "count": 4,
            "created_time": "2025-03-25T16:45:31.483007Z",
            "yes_price": 4,
            "no_price": 96,
            "taker_side": "no"
        },
        {
            "trade_id": "e120430b-eff0-4f07-a63f-cef16a76649c",
            "ticker": "KXHIGHDEN-25MAR25-B67.5",
            "count": 100,
            "created_time": "2025-03-25T16:45:18.010593Z",
            "yes_price": 7,
            "no_price": 93,
            "taker_side": "no"
        },
        {
            "trade_id": "552aec1f-6739-4766-88c0-02bb5dc5d29a",
            "ticker": "KXHIGHDEN-25MAR25-B67.5",
            "count": 100,
            "created_time": "2025-03-25T16:44:52.004667Z",
            "yes_price": 7,
            "no_price": 93,
            "taker_side": "no"
        },
        {
            "trade_id": "4b4dc866-52ad-4171-a8eb-8dd72cff91b2",
            "ticker": "KXHIGHDEN-25MAR25-B67.5",
            "count": 250,
            "created_time": "2025-03-25T16:37:49.234861Z",
            "yes_price": 7,
            "no_price": 93,
            "taker_side": "no"
        },
        {
            "trade_id": "d44bbb14-83c1-40f3-9831-07e07ec14b1a",
            "ticker": "KXHIGHDEN-25MAR25-B67.5",
            "count": 250,
            "created_time": "2025-03-25T16:37:36.092537Z",
            "yes_price": 7,
            "no_price": 93,
            "taker_side": "no"
        },
        {
            "trade_id": "3b38d86c-3cd8-4a07-93da-8cc26a197bbe",
            "ticker": "KXHIGHDEN-25MAR25-B67.5",
            "count": 78,
            "created_time": "2025-03-25T16:18:55.31Z",
            "yes_price": 8,
            "no_price": 92,
            "taker_side": "no"
        },
        {
            "trade_id": "2a12d9be-127a-4f54-b959-1945ab84dbf2",
            "ticker": "KXHIGHDEN-25MAR25-B67.5",
            "count": 18,
            "created_time": "2025-03-25T15:49:19.807711Z",
            "yes_price": 8,
            "no_price": 92,
            "taker_side": "no"
        },
        {
            "trade_id": "78683f9d-8632-426c-b43c-db180a07e7f6",
            "ticker": "KXHIGHDEN-25MAR25-B67.5",
            "count": 29,
            "created_time": "2025-03-25T15:49:03.385605Z",
            "yes_price": 8,
            "no_price": 92,
            "taker_side": "no"
        },
        {
            "trade_id": "793dbd46-85e5-4192-a163-c39dc9000ff9",
            "ticker": "KXHIGHDEN-25MAR25-B67.5",
            "count": 17,
            "created_time": "2025-03-25T15:48:53.143562Z",
            "yes_price": 8,
            "no_price": 92,
            "taker_side": "no"
        },
        {
            "trade_id": "642e627c-5bfd-4686-9f56-06bf159b9f10",
            "ticker": "KXHIGHDEN-25MAR25-B67.5",
            "count": 25,
            "created_time": "2025-03-25T15:46:05.157098Z",
            "yes_price": 8,
            "no_price": 92,
            "taker_side": "no"
        },
        {
            "trade_id": "dcb51d20-de99-4848-839a-c6baf5a45b9a",
            "ticker": "KXHIGHDEN-25MAR25-B67.5",
            "count": 32,
            "created_time": "2025-03-25T15:45:17.553412Z",
            "yes_price": 9,
            "no_price": 91,
            "taker_side": "yes"
        },
        {
            "trade_id": "6011cdbb-bffa-4c4c-9d76-ef2c0d6c05cd",
            "ticker": "KXHIGHDEN-25MAR25-B67.5",
            "count": 1,
            "created_time": "2025-03-25T15:40:00.256876Z",
            "yes_price": 10,
            "no_price": 90,
            "taker_side": "yes"
        },
        {
            "trade_id": "350a7c67-838e-4384-bea5-390025131709",
            "ticker": "KXHIGHDEN-25MAR25-B67.5",
            "count": 56,
            "created_time": "2025-03-25T15:40:00.256876Z",
            "yes_price": 10,
            "no_price": 90,
            "taker_side": "yes"
        },
        {
            "trade_id": "9594a4d9-ad1e-42d7-a431-23535d2e5ef0",
            "ticker": "KXHIGHDEN-25MAR25-B67.5",
            "count": 30,
            "created_time": "2025-03-25T15:37:18.855313Z",
            "yes_price": 10,
            "no_price": 90,
            "taker_side": "yes"
        },
        {
            "trade_id": "5d25ef88-ab98-4c83-9100-6673760bea15",
            "ticker": "KXHIGHDEN-25MAR25-B67.5",
            "count": 40,
            "created_time": "2025-03-25T15:07:46.860491Z",
            "yes_price": 13,
            "no_price": 87,
            "taker_side": "yes"
        },
        {
            "trade_id": "4ae91b89-7c80-497e-a17c-9388dfb1e578",
            "ticker": "KXHIGHDEN-25MAR25-B67.5",
            "count": 46,
            "created_time": "2025-03-25T14:56:16.491474Z",
            "yes_price": 13,
            "no_price": 87,
            "taker_side": "yes"
        },
        {
            "trade_id": "b7e12f1d-6147-4b94-9d82-a9166926dc8e",
            "ticker": "KXHIGHDEN-25MAR25-B67.5",
            "count": 33,
            "created_time": "2025-03-25T14:13:02.776805Z",
            "yes_price": 8,
            "no_price": 92,
            "taker_side": "no"
        },
        {
            "trade_id": "840e3efb-78fa-4ed5-a9d5-c3e74649d267",
            "ticker": "KXHIGHDEN-25MAR25-B67.5",
            "count": 19,
            "created_time": "2025-03-25T14:13:02.776805Z",
            "yes_price": 10,
            "no_price": 90,
            "taker_side": "no"
        },
        {
            "trade_id": "7f3874a4-2d97-475a-bc0d-f5703d552444",
            "ticker": "KXHIGHDEN-25MAR25-B67.5",
            "count": 13,
            "created_time": "2025-03-25T14:13:02.776805Z",
            "yes_price": 9,
            "no_price": 91,
            "taker_side": "no"
        },
        {
            "trade_id": "1ed3de55-7a54-4635-995f-6f5fd08f46dd",
            "ticker": "KXHIGHDEN-25MAR25-B67.5",
            "count": 104,
            "created_time": "2025-03-25T14:13:02.776805Z",
            "yes_price": 9,
            "no_price": 91,
            "taker_side": "no"
        },
        {
            "trade_id": "6b618258-8780-4508-93bb-c57d96584144",
            "ticker": "KXHIGHDEN-25MAR25-B67.5",
            "count": 100,
            "created_time": "2025-03-25T13:52:56.873298Z",
            "yes_price": 11,
            "no_price": 89,
            "taker_side": "no"
        },
        {
            "trade_id": "8af1cbb8-1503-4039-b9b7-b343f0787e22",
            "ticker": "KXHIGHDEN-25MAR25-B67.5",
            "count": 69,
            "created_time": "2025-03-25T13:51:57.4515Z",
            "yes_price": 11,
            "no_price": 89,
            "taker_side": "no"
        },
        {
            "trade_id": "70018fab-21b4-4b55-b549-3d131de26f1b",
            "ticker": "KXHIGHDEN-25MAR25-B67.5",
            "count": 15,
            "created_time": "2025-03-25T13:51:57.4515Z",
            "yes_price": 12,
            "no_price": 88,
            "taker_side": "no"
        },
        {
            "trade_id": "9403f02e-19dd-4c03-aac6-edacd5800eb1",
            "ticker": "KXHIGHDEN-25MAR25-B67.5",
            "count": 84,
            "created_time": "2025-03-25T13:22:18.680299Z",
            "yes_price": 15,
            "no_price": 85,
            "taker_side": "yes"
        },
        {
            "trade_id": "0cd84e57-ab3a-43d1-930d-b53e1d4569e1",
            "ticker": "KXHIGHDEN-25MAR25-B67.5",
            "count": 3,
            "created_time": "2025-03-25T13:22:18.680299Z",
            "yes_price": 15,
            "no_price": 85,
            "taker_side": "yes"
        },
        {
            "trade_id": "b3115520-e771-4e9c-b185-cf3387b124ee",
            "ticker": "KXHIGHDEN-25MAR25-B67.5",
            "count": 114,
            "created_time": "2025-03-25T13:14:23.322714Z",
            "yes_price": 10,
            "no_price": 90,
            "taker_side": "no"
        },
        {
            "trade_id": "1047598d-68c5-45cf-bff3-971e68503648",
            "ticker": "KXHIGHDEN-25MAR25-B67.5",
            "count": 118,
            "created_time": "2025-03-25T13:14:07.234108Z",
            "yes_price": 11,
            "no_price": 89,
            "taker_side": "no"
        },
        {
            "trade_id": "d0c234d9-b7cc-40bc-8bb7-fa6f0a6de2df",
            "ticker": "KXHIGHDEN-25MAR25-B67.5",
            "count": 94,
            "created_time": "2025-03-25T13:13:56.693734Z",
            "yes_price": 12,
            "no_price": 88,
            "taker_side": "no"
        },
        {
            "trade_id": "b0d9367c-aa0c-45d7-8855-a2261772c97f",
            "ticker": "KXHIGHDEN-25MAR25-B67.5",
            "count": 4,
            "created_time": "2025-03-25T12:31:52.721447Z",
            "yes_price": 21,
            "no_price": 79,
            "taker_side": "yes"
        },
        {
            "trade_id": "8e2ab696-b2a5-4500-b1c7-8bd700ff2bf5",
            "ticker": "KXHIGHDEN-25MAR25-B67.5",
            "count": 22,
            "created_time": "2025-03-25T12:30:46.683937Z",
            "yes_price": 21,
            "no_price": 79,
            "taker_side": "yes"
        },
        {
            "trade_id": "f44dfc7e-33ae-4c31-bfe8-7208a61961d0",
            "ticker": "KXHIGHDEN-25MAR25-B67.5",
            "count": 14,
            "created_time": "2025-03-25T12:10:59.028415Z",
            "yes_price": 19,
            "no_price": 81,
            "taker_side": "no"
        },
        {
            "trade_id": "5da11b19-3f47-493d-8794-f37524d6d4b7",
            "ticker": "KXHIGHDEN-25MAR25-B67.5",
            "count": 7,
            "created_time": "2025-03-25T12:10:59.028415Z",
            "yes_price": 18,
            "no_price": 82,
            "taker_side": "no"
        },
        {
            "trade_id": "28ae51b6-5aaa-4118-84d2-4dce9c12cc54",
            "ticker": "KXHIGHDEN-25MAR25-B67.5",
            "count": 9,
            "created_time": "2025-03-25T12:10:59.028415Z",
            "yes_price": 16,
            "no_price": 84,
            "taker_side": "no"
        },
        {
            "trade_id": "5b82511c-d6b0-41c8-9991-1385313b607a",
            "ticker": "KXHIGHDEN-25MAR25-B67.5",
            "count": 10,
            "created_time": "2025-03-25T12:06:59.96289Z",
            "yes_price": 21,
            "no_price": 79,
            "taker_side": "yes"
        },
        {
            "trade_id": "1dfb24fb-3dc4-4ccf-89c9-d0c8ad6c8ae4",
            "ticker": "KXHIGHDEN-25MAR25-B67.5",
            "count": 16,
            "created_time": "2025-03-25T12:06:47.451726Z",
            "yes_price": 20,
            "no_price": 80,
            "taker_side": "yes"
        },
        {
            "trade_id": "27982d5a-eec9-44c0-b4e3-201dbec06eac",
            "ticker": "KXHIGHDEN-25MAR25-B67.5",
            "count": 35,
            "created_time": "2025-03-25T06:44:51.113586Z",
            "yes_price": 18,
            "no_price": 82,
            "taker_side": "no"
        },
        {
            "trade_id": "e5680b07-cdb9-4bf3-8792-fd063d32d203",
            "ticker": "KXHIGHDEN-25MAR25-B67.5",
            "count": 56,
            "created_time": "2025-03-25T05:00:35.741309Z",
            "yes_price": 21,
            "no_price": 79,
            "taker_side": "no"
        },
        {
            "trade_id": "06ddaa6b-40b0-4e60-9e83-13346adfb10c",
            "ticker": "KXHIGHDEN-25MAR25-B67.5",
            "count": 24,
            "created_time": "2025-03-25T05:00:35.741309Z",
            "yes_price": 18,
            "no_price": 82,
            "taker_side": "no"
        },
        {
            "trade_id": "ce070879-23c7-42da-9f7d-15b20023dbc4",
            "ticker": "KXHIGHDEN-25MAR25-B67.5",
            "count": 100,
            "created_time": "2025-03-25T04:58:06.047415Z",
            "yes_price": 21,
            "no_price": 79,
            "taker_side": "no"
        },
        {
            "trade_id": "411c0461-cac2-46da-9814-11f4e895e402",
            "ticker": "KXHIGHDEN-25MAR25-B67.5",
            "count": 6,
            "created_time": "2025-03-25T04:50:22.101623Z",
            "yes_price": 21,
            "no_price": 79,
            "taker_side": "no"
        },
        {
            "trade_id": "c0054771-51b4-454f-ba99-62121332415e",
            "ticker": "KXHIGHDEN-25MAR25-B67.5",
            "count": 4,
            "created_time": "2025-03-25T04:49:35.094212Z",
            "yes_price": 21,
            "no_price": 79,
            "taker_side": "no"
        },
        {
            "trade_id": "750c0146-074b-4e40-a506-3e720e0afd07",
            "ticker": "KXHIGHDEN-25MAR25-B67.5",
            "count": 17,
            "created_time": "2025-03-25T04:18:32.518742Z",
            "yes_price": 21,
            "no_price": 79,
            "taker_side": "no"
        },
        {
            "trade_id": "a80f2116-9677-43ca-adfd-e55f06567675",
            "ticker": "KXHIGHDEN-25MAR25-B67.5",
            "count": 17,
            "created_time": "2025-03-25T04:18:31.667132Z",
            "yes_price": 21,
            "no_price": 79,
            "taker_side": "no"
        },
        {
            "trade_id": "8bc41077-8ae0-48af-945c-7d44f1024c8b",
            "ticker": "KXHIGHDEN-25MAR25-B67.5",
            "count": 14,
            "created_time": "2025-03-25T03:56:09.826346Z",
            "yes_price": 19,
            "no_price": 81,
            "taker_side": "no"
        },
        {
            "trade_id": "38c5ae1b-92ec-44cf-bb2a-176bbdb5ea00",
            "ticker": "KXHIGHDEN-25MAR25-B67.5",
            "count": 36,
            "created_time": "2025-03-25T03:48:26.793461Z",
            "yes_price": 21,
            "no_price": 79,
            "taker_side": "yes"
        },
        {
            "trade_id": "dfdc9ba3-673a-480b-8afa-0d6ef5f809b1",
            "ticker": "KXHIGHDEN-25MAR25-B67.5",
            "count": 63,
            "created_time": "2025-03-25T02:56:02.511659Z",
            "yes_price": 21,
            "no_price": 79,
            "taker_side": "yes"
        },
        {
            "trade_id": "d213c94e-7aba-45aa-b0f1-160cbe50cf4a",
            "ticker": "KXHIGHDEN-25MAR25-B67.5",
            "count": 15,
            "created_time": "2025-03-25T02:54:48.828526Z",
            "yes_price": 21,
            "no_price": 79,
            "taker_side": "no"
        },
        {
            "trade_id": "2f4aa942-96d3-4dba-9ef9-900f40711dd7",
            "ticker": "KXHIGHDEN-25MAR25-B67.5",
            "count": 109,
            "created_time": "2025-03-25T02:54:48.715996Z",
            "yes_price": 21,
            "no_price": 79,
            "taker_side": "yes"
        },
        {
            "trade_id": "6eef0052-f1ce-4c68-9d8a-d5da9de2df22",
            "ticker": "KXHIGHDEN-25MAR25-B67.5",
            "count": 113,
            "created_time": "2025-03-25T02:54:14.283816Z",
            "yes_price": 20,
            "no_price": 80,
            "taker_side": "yes"
        },
        {
            "trade_id": "adf82d00-53ad-4dc1-8e03-5474cdb0fa2a",
            "ticker": "KXHIGHDEN-25MAR25-B67.5",
            "count": 10,
            "created_time": "2025-03-25T01:42:16.266657Z",
            "yes_price": 22,
            "no_price": 78,
            "taker_side": "yes"
        },
        {
            "trade_id": "73b93cbc-dfdc-4333-a8cb-59f716441bb5",
            "ticker": "KXHIGHDEN-25MAR25-B67.5",
            "count": 12,
            "created_time": "2025-03-25T01:42:16.266657Z",
            "yes_price": 22,
            "no_price": 78,
            "taker_side": "yes"
        },
        {
            "trade_id": "2f63c591-00bc-49a2-823c-eeab848ef71d",
            "ticker": "KXHIGHDEN-25MAR25-B67.5",
            "count": 6,
            "created_time": "2025-03-25T01:42:16.266657Z",
            "yes_price": 20,
            "no_price": 80,
            "taker_side": "yes"
        },
        {
            "trade_id": "1dfc9f87-a37d-4022-9773-52a948f7f58d",
            "ticker": "KXHIGHDEN-25MAR25-B67.5",
            "count": 60,
            "created_time": "2025-03-25T01:42:16.266657Z",
            "yes_price": 22,
            "no_price": 78,
            "taker_side": "yes"
        },
        {
            "trade_id": "c2793ba1-a7fb-45d5-b443-c703c2dfcb01",
            "ticker": "KXHIGHDEN-25MAR25-B67.5",
            "count": 2,
            "created_time": "2025-03-25T01:25:42.867378Z",
            "yes_price": 20,
            "no_price": 80,
            "taker_side": "yes"
        },
        {
            "trade_id": "4dd89095-2f4b-47e4-b815-6554828c3a04",
            "ticker": "KXHIGHDEN-25MAR25-B67.5",
            "count": 4,
            "created_time": "2025-03-25T01:25:42.867378Z",
            "yes_price": 20,
            "no_price": 80,
            "taker_side": "yes"
        },
        {
            "trade_id": "34b0a66d-4634-4676-8772-00544913fd06",
            "ticker": "KXHIGHDEN-25MAR25-B67.5",
            "count": 23,
            "created_time": "2025-03-25T01:25:42.867378Z",
            "yes_price": 20,
            "no_price": 80,
            "taker_side": "yes"
        },
        {
            "trade_id": "ae0a9c89-ac52-4dce-a715-7f889c1cef65",
            "ticker": "KXHIGHDEN-25MAR25-B67.5",
            "count": 200,
            "created_time": "2025-03-25T00:07:47.447262Z",
            "yes_price": 18,
            "no_price": 82,
            "taker_side": "yes"
        },
        {
            "trade_id": "ad2473fa-9a85-4a65-ba86-b56d1a0fdfce",
            "ticker": "KXHIGHDEN-25MAR25-B67.5",
            "count": 11,
            "created_time": "2025-03-25T00:07:47.447262Z",
            "yes_price": 16,
            "no_price": 84,
            "taker_side": "yes"
        },
        {
            "trade_id": "02f21a16-4851-4652-a964-b368cd97413b",
            "ticker": "KXHIGHDEN-25MAR25-B67.5",
            "count": 240,
            "created_time": "2025-03-25T00:07:47.447262Z",
            "yes_price": 18,
            "no_price": 82,
            "taker_side": "yes"
        },
        {
            "trade_id": "8ac42ed0-e437-44ed-94e5-880f9662f69f",
            "ticker": "KXHIGHDEN-25MAR25-B67.5",
            "count": 90,
            "created_time": "2025-03-24T23:40:09.864099Z",
            "yes_price": 11,
            "no_price": 89,
            "taker_side": "no"
        },
        {
            "trade_id": "8804d079-a6f6-45b2-a562-bda5ddea6be8",
            "ticker": "KXHIGHDEN-25MAR25-B67.5",
            "count": 98,
            "created_time": "2025-03-24T23:40:09.864099Z",
            "yes_price": 13,
            "no_price": 87,
            "taker_side": "no"
        },
        {
            "trade_id": "abf51599-fb9a-4927-8649-730eb3bfa458",
            "ticker": "KXHIGHDEN-25MAR25-B67.5",
            "count": 32,
            "created_time": "2025-03-24T20:40:31.657393Z",
            "yes_price": 18,
            "no_price": 82,
            "taker_side": "no"
        },
        {
            "trade_id": "800fe15f-4e5b-40cc-b486-c4ed3b739f4b",
            "ticker": "KXHIGHDEN-25MAR25-B67.5",
            "count": 1,
            "created_time": "2025-03-24T20:40:10.453504Z",
            "yes_price": 18,
            "no_price": 82,
            "taker_side": "no"
        },
        {
            "trade_id": "4a627327-bdb6-4e83-b4d2-989dcedeaac8",
            "ticker": "KXHIGHDEN-25MAR25-B67.5",
            "count": 1,
            "created_time": "2025-03-24T20:37:20.83265Z",
            "yes_price": 18,
            "no_price": 82,
            "taker_side": "no"
        },
        {
            "trade_id": "1514f87a-afdc-4eea-a2e9-eeed232c00a7",
            "ticker": "KXHIGHDEN-25MAR25-B67.5",
            "count": 14,
            "created_time": "2025-03-24T20:37:09.391404Z",
            "yes_price": 18,
            "no_price": 82,
            "taker_side": "no"
        },
        {
            "trade_id": "ac3ec18f-2dc4-4cfa-9f38-36462b3cba78",
            "ticker": "KXHIGHDEN-25MAR25-B67.5",
            "count": 16,
            "created_time": "2025-03-24T20:34:16.29204Z",
            "yes_price": 18,
            "no_price": 82,
            "taker_side": "no"
        },
        {
            "trade_id": "1cea6bea-105e-443c-a620-cfac759c5ed3",
            "ticker": "KXHIGHDEN-25MAR25-B67.5",
            "count": 1,
            "created_time": "2025-03-24T20:31:31.072925Z",
            "yes_price": 18,
            "no_price": 82,
            "taker_side": "no"
        },
        {
            "trade_id": "3c90f1f6-5619-4817-a5b9-6040b3c80828",
            "ticker": "KXHIGHDEN-25MAR25-B67.5",
            "count": 1,
            "created_time": "2025-03-24T20:27:01.883509Z",
            "yes_price": 18,
            "no_price": 82,
            "taker_side": "no"
        },
        {
            "trade_id": "53c913be-334a-4303-b94a-e794cef1a8a9",
            "ticker": "KXHIGHDEN-25MAR25-B67.5",
            "count": 83,
            "created_time": "2025-03-24T20:04:13.22189Z",
            "yes_price": 18,
            "no_price": 82,
            "taker_side": "no"
        },
        {
            "trade_id": "fbb8c083-5d57-491e-b26a-c91d55290b1c",
            "ticker": "KXHIGHDEN-25MAR25-B67.5",
            "count": 51,
            "created_time": "2025-03-24T20:01:13.42156Z",
            "yes_price": 18,
            "no_price": 82,
            "taker_side": "no"
        },
        {
            "trade_id": "a188505c-affc-4418-9a7e-8c2ee47f40d1",
            "ticker": "KXHIGHDEN-25MAR25-B67.5",
            "count": 16,
            "created_time": "2025-03-24T15:29:34.296251Z",
            "yes_price": 21,
            "no_price": 79,
            "taker_side": "yes"
        }
    ],
    "KXHIGHDEN-25MAR25-B69.5": [
        {
            "trade_id": "790b35d6-6fa9-4775-80d6-68117742d351",
            "ticker": "KXHIGHDEN-25MAR25-B69.5",
            "count": 20,
            "created_time": "2025-03-26T00:55:35.055131Z",
            "yes_price": 99,
            "no_price": 1,
            "taker_side": "no"
        },
        {
            "trade_id": "67f63ed7-6e94-4a72-94a0-7306d7c45949",
            "ticker": "KXHIGHDEN-25MAR25-B69.5",
            "count": 39,
            "created_time": "2025-03-26T00:45:29.338421Z",
            "yes_price": 99,
            "no_price": 1,
            "taker_side": "no"
        },
        {
            "trade_id": "663bd8a3-97f0-4c59-a827-985b32d14dde",
            "ticker": "KXHIGHDEN-25MAR25-B69.5",
            "count": 93,
            "created_time": "2025-03-26T00:16:46.602405Z",
            "yes_price": 99,
            "no_price": 1,
            "taker_side": "no"
        },
        {
            "trade_id": "f52e9b4d-a002-4a5f-b290-82f541877bd2",
            "ticker": "KXHIGHDEN-25MAR25-B69.5",
            "count": 352,
            "created_time": "2025-03-26T00:06:29.661989Z",
            "yes_price": 99,
            "no_price": 1,
            "taker_side": "no"
        },
        {
            "trade_id": "98d4adc8-fd8c-4062-b5cb-b1de895307c8",
            "ticker": "KXHIGHDEN-25MAR25-B69.5",
            "count": 11,
            "created_time": "2025-03-26T00:06:29.661989Z",
            "yes_price": 99,
            "no_price": 1,
            "taker_side": "no"
        },
        {
            "trade_id": "742fb0f7-dec6-4986-9067-109dfebe110e",
            "ticker": "KXHIGHDEN-25MAR25-B69.5",
            "count": 39,
            "created_time": "2025-03-26T00:01:27.592977Z",
            "yes_price": 99,
            "no_price": 1,
            "taker_side": "no"
        },
        {
            "trade_id": "427a487d-0dcd-4461-9f8e-32dcbe64c885",
            "ticker": "KXHIGHDEN-25MAR25-B69.5",
            "count": 450,
            "created_time": "2025-03-26T00:00:56.930776Z",
            "yes_price": 99,
            "no_price": 1,
            "taker_side": "no"
        },
        {
            "trade_id": "e547783b-18c4-4d19-a168-d564f5e26cd3",
            "ticker": "KXHIGHDEN-25MAR25-B69.5",
            "count": 1,
            "created_time": "2025-03-25T23:55:57.094797Z",
            "yes_price": 98,
            "no_price": 2,
            "taker_side": "yes"
        },
        {
            "trade_id": "8ccab621-2c40-44a8-8858-a8f8b088de75",
            "ticker": "KXHIGHDEN-25MAR25-B69.5",
            "count": 999,
            "created_time": "2025-03-25T23:55:57.094797Z",
            "yes_price": 99,
            "no_price": 1,
            "taker_side": "yes"
        },
        {
            "trade_id": "4f63440e-1ffe-4af6-bcb1-2f48d0b9fc93",
            "ticker": "KXHIGHDEN-25MAR25-B69.5",
            "count": 5,
            "created_time": "2025-03-25T23:45:14.734683Z",
            "yes_price": 97,
            "no_price": 3,
            "taker_side": "yes"
        },
        {
            "trade_id": "e38fe23c-9135-4f9e-a261-c296606fde45",
            "ticker": "KXHIGHDEN-25MAR25-B69.5",
            "count": 5,
            "created_time": "2025-03-25T23:45:08.707838Z",
            "yes_price": 97,
            "no_price": 3,
            "taker_side": "yes"
        },
        {
            "trade_id": "8202b0ea-68cc-4b96-b39d-55944e6b4253",
            "ticker": "KXHIGHDEN-25MAR25-B69.5",
            "count": 100,
            "created_time": "2025-03-25T23:44:50.914138Z",
            "yes_price": 97,
            "no_price": 3,
            "taker_side": "yes"
        },
        {
            "trade_id": "01cc8f24-19e8-4cc9-8db6-b948a4b819b0",
            "ticker": "KXHIGHDEN-25MAR25-B69.5",
            "count": 1,
            "created_time": "2025-03-25T23:44:50.914138Z",
            "yes_price": 96,
            "no_price": 4,
            "taker_side": "yes"
        },
        {
            "trade_id": "67fd706d-11de-4b7f-b350-28017588b077",
            "ticker": "KXHIGHDEN-25MAR25-B69.5",
            "count": 254,
            "created_time": "2025-03-25T23:17:23.279253Z",
            "yes_price": 96,
            "no_price": 4,
            "taker_side": "yes"
        },
        {
            "trade_id": "60604382-b4f3-4049-8fb8-5a499bd5a04e",
            "ticker": "KXHIGHDEN-25MAR25-B69.5",
            "count": 1,
            "created_time": "2025-03-25T23:17:23.279253Z",
            "yes_price": 92,
            "no_price": 8,
            "taker_side": "yes"
        },
        {
            "trade_id": "5d8cbdd3-452f-49f0-9925-ac63a33759d7",
            "ticker": "KXHIGHDEN-25MAR25-B69.5",
            "count": 6,
            "created_time": "2025-03-25T23:17:23.279253Z",
            "yes_price": 91,
            "no_price": 9,
            "taker_side": "yes"
        },
        {
            "trade_id": "5a96ffda-0924-451f-b3de-0ba2dc3dd320",
            "ticker": "KXHIGHDEN-25MAR25-B69.5",
            "count": 25,
            "created_time": "2025-03-25T23:17:23.279253Z",
            "yes_price": 95,
            "no_price": 5,
            "taker_side": "yes"
        },
        {
            "trade_id": "2c46155b-fd76-4ab5-9318-7c867366b786",
            "ticker": "KXHIGHDEN-25MAR25-B69.5",
            "count": 14,
            "created_time": "2025-03-25T23:17:23.279253Z",
            "yes_price": 94,
            "no_price": 6,
            "taker_side": "yes"
        },
        {
            "trade_id": "e85ae62c-1135-48be-b1fd-59ed848df23d",
            "ticker": "KXHIGHDEN-25MAR25-B69.5",
            "count": 10,
            "created_time": "2025-03-25T23:15:59.106595Z",
            "yes_price": 75,
            "no_price": 25,
            "taker_side": "no"
        },
        {
            "trade_id": "e319c14e-09b5-4a13-a5ab-da47c8222326",
            "ticker": "KXHIGHDEN-25MAR25-B69.5",
            "count": 1,
            "created_time": "2025-03-25T23:15:59.106595Z",
            "yes_price": 75,
            "no_price": 25,
            "taker_side": "no"
        },
        {
            "trade_id": "d0659243-9ef9-4661-8cd1-8e7522aa2030",
            "ticker": "KXHIGHDEN-25MAR25-B69.5",
            "count": 6,
            "created_time": "2025-03-25T23:15:59.106595Z",
            "yes_price": 75,
            "no_price": 25,
            "taker_side": "no"
        },
        {
            "trade_id": "79101ec8-e0d1-461a-a10d-ae499498e42b",
            "ticker": "KXHIGHDEN-25MAR25-B69.5",
            "count": 2,
            "created_time": "2025-03-25T23:15:59.106595Z",
            "yes_price": 72,
            "no_price": 28,
            "taker_side": "no"
        },
        {
            "trade_id": "cd71f07f-e01b-42c6-8569-b63bf3e40c11",
            "ticker": "KXHIGHDEN-25MAR25-B69.5",
            "count": 16,
            "created_time": "2025-03-25T22:36:03.784407Z",
            "yes_price": 74,
            "no_price": 26,
            "taker_side": "yes"
        },
        {
            "trade_id": "6389ea12-bc35-4bd6-9a4b-3495f88fd127",
            "ticker": "KXHIGHDEN-25MAR25-B69.5",
            "count": 34,
            "created_time": "2025-03-25T22:36:03.784407Z",
            "yes_price": 73,
            "no_price": 27,
            "taker_side": "yes"
        },
        {
            "trade_id": "ce7dfd01-1f9c-44ef-8a17-02e7bb79ad5f",
            "ticker": "KXHIGHDEN-25MAR25-B69.5",
            "count": 1,
            "created_time": "2025-03-25T22:36:03.071135Z",
            "yes_price": 71,
            "no_price": 29,
            "taker_side": "yes"
        },
        {
            "trade_id": "5c8bbf6b-9e18-45bb-beab-c676d360df37",
            "ticker": "KXHIGHDEN-25MAR25-B69.5",
            "count": 1,
            "created_time": "2025-03-25T22:22:25.848382Z",
            "yes_price": 89,
            "no_price": 11,
            "taker_side": "yes"
        },
        {
            "trade_id": "1a71efe1-6164-45db-a732-d7b887ebb516",
            "ticker": "KXHIGHDEN-25MAR25-B69.5",
            "count": 4,
            "created_time": "2025-03-25T22:22:25.848382Z",
            "yes_price": 40,
            "no_price": 60,
            "taker_side": "yes"
        },
        {
            "trade_id": "fc3a2594-cea0-4473-af02-5401849027b8",
            "ticker": "KXHIGHDEN-25MAR25-B69.5",
            "count": 28,
            "created_time": "2025-03-25T22:20:01.423265Z",
            "yes_price": 79,
            "no_price": 21,
            "taker_side": "no"
        },
        {
            "trade_id": "efc3f442-4111-46fb-8b8c-80400b3fc527",
            "ticker": "KXHIGHDEN-25MAR25-B69.5",
            "count": 25,
            "created_time": "2025-03-25T22:20:01.423265Z",
            "yes_price": 78,
            "no_price": 22,
            "taker_side": "no"
        },
        {
            "trade_id": "b533aa53-845b-473d-8917-7562a1819910",
            "ticker": "KXHIGHDEN-25MAR25-B69.5",
            "count": 3,
            "created_time": "2025-03-25T22:20:01.423265Z",
            "yes_price": 79,
            "no_price": 21,
            "taker_side": "no"
        },
        {
            "trade_id": "ac59d172-277a-4ab6-b8ab-399ba012580f",
            "ticker": "KXHIGHDEN-25MAR25-B69.5",
            "count": 25,
            "created_time": "2025-03-25T22:20:01.423265Z",
            "yes_price": 61,
            "no_price": 39,
            "taker_side": "no"
        },
        {
            "trade_id": "a2988d5a-1b72-4595-b82f-0963d06d91ec",
            "ticker": "KXHIGHDEN-25MAR25-B69.5",
            "count": 19,
            "created_time": "2025-03-25T22:20:01.423265Z",
            "yes_price": 62,
            "no_price": 38,
            "taker_side": "no"
        },
        {
            "trade_id": "78ffe257-f84a-4b81-85a2-45c6df9c11ca",
            "ticker": "KXHIGHDEN-25MAR25-B69.5",
            "count": 19,
            "created_time": "2025-03-25T22:20:01.423265Z",
            "yes_price": 35,
            "no_price": 65,
            "taker_side": "no"
        },
        {
            "trade_id": "76085cb5-beed-4d84-acad-238ffed946da",
            "ticker": "KXHIGHDEN-25MAR25-B69.5",
            "count": 30,
            "created_time": "2025-03-25T22:20:01.423265Z",
            "yes_price": 34,
            "no_price": 66,
            "taker_side": "no"
        },
        {
            "trade_id": "24c14a89-f639-463e-9ebc-ea8a4feb2e9a",
            "ticker": "KXHIGHDEN-25MAR25-B69.5",
            "count": 2,
            "created_time": "2025-03-25T22:20:01.423265Z",
            "yes_price": 21,
            "no_price": 79,
            "taker_side": "no"
        },
        {
            "trade_id": "fdc125e1-4ad7-4358-96ac-1e8772297ce1",
            "ticker": "KXHIGHDEN-25MAR25-B69.5",
            "count": 1,
            "created_time": "2025-03-25T22:10:00.992813Z",
            "yes_price": 77,
            "no_price": 23,
            "taker_side": "no"
        },
        {
            "trade_id": "e606c95e-9ff0-4254-b1a8-419579c0aea2",
            "ticker": "KXHIGHDEN-25MAR25-B69.5",
            "count": 1,
            "created_time": "2025-03-25T22:09:31.914321Z",
            "yes_price": 77,
            "no_price": 23,
            "taker_side": "no"
        },
        {
            "trade_id": "6065d95b-b29f-44c6-8979-15ffdcd140b9",
            "ticker": "KXHIGHDEN-25MAR25-B69.5",
            "count": 7,
            "created_time": "2025-03-25T22:07:22.574259Z",
            "yes_price": 92,
            "no_price": 8,
            "taker_side": "yes"
        },
        {
            "trade_id": "6fd4722d-e34a-47b7-8158-5da81dab44a5",
            "ticker": "KXHIGHDEN-25MAR25-B69.5",
            "count": 40,
            "created_time": "2025-03-25T22:06:55.885907Z",
            "yes_price": 88,
            "no_price": 12,
            "taker_side": "no"
        },
        {
            "trade_id": "617fe1cb-99a4-4cbf-a63a-fd0e78d6e939",
            "ticker": "KXHIGHDEN-25MAR25-B69.5",
            "count": 14,
            "created_time": "2025-03-25T22:06:31.932199Z",
            "yes_price": 85,
            "no_price": 15,
            "taker_side": "yes"
        },
        {
            "trade_id": "685d31b5-8050-40fd-a17f-f946a1fd62c6",
            "ticker": "KXHIGHDEN-25MAR25-B69.5",
            "count": 25,
            "created_time": "2025-03-25T22:04:48.583882Z",
            "yes_price": 82,
            "no_price": 18,
            "taker_side": "no"
        },
        {
            "trade_id": "94cddddb-9384-4901-ad77-1964e8b241da",
            "ticker": "KXHIGHDEN-25MAR25-B69.5",
            "count": 25,
            "created_time": "2025-03-25T22:01:19.155015Z",
            "yes_price": 93,
            "no_price": 7,
            "taker_side": "yes"
        },
        {
            "trade_id": "5be0aca5-a5aa-4ba3-900e-a60ccf154928",
            "ticker": "KXHIGHDEN-25MAR25-B69.5",
            "count": 10,
            "created_time": "2025-03-25T22:00:38.349799Z",
            "yes_price": 93,
            "no_price": 7,
            "taker_side": "yes"
        },
        {
            "trade_id": "18c12f02-d0d7-45fc-bcf5-2e51d214cab1",
            "ticker": "KXHIGHDEN-25MAR25-B69.5",
            "count": 52,
            "created_time": "2025-03-25T21:57:01.032582Z",
            "yes_price": 93,
            "no_price": 7,
            "taker_side": "yes"
        },
        {
            "trade_id": "c14e4e2d-2a57-47e3-92e5-be63e3d9bcac",
            "ticker": "KXHIGHDEN-25MAR25-B69.5",
            "count": 26,
            "created_time": "2025-03-25T21:55:03.448579Z",
            "yes_price": 93,
            "no_price": 7,
            "taker_side": "yes"
        },
        {
            "trade_id": "917e1465-e126-493e-b385-6ffa4f4b5f41",
            "ticker": "KXHIGHDEN-25MAR25-B69.5",
            "count": 188,
            "created_time": "2025-03-25T21:55:03.448579Z",
            "yes_price": 93,
            "no_price": 7,
            "taker_side": "yes"
        },
        {
            "trade_id": "ecd1d560-2fad-4d64-accd-fa60f4e30296",
            "ticker": "KXHIGHDEN-25MAR25-B69.5",
            "count": 10,
            "created_time": "2025-03-25T21:49:10.404888Z",
            "yes_price": 86,
            "no_price": 14,
            "taker_side": "no"
        },
        {
            "trade_id": "d0325d4b-09c7-475a-a2bf-0e13175413b6",
            "ticker": "KXHIGHDEN-25MAR25-B69.5",
            "count": 17,
            "created_time": "2025-03-25T21:44:28.611309Z",
            "yes_price": 93,
            "no_price": 7,
            "taker_side": "yes"
        },
        {
            "trade_id": "6b49cf2e-835d-43ce-89a6-321c221d793b",
            "ticker": "KXHIGHDEN-25MAR25-B69.5",
            "count": 95,
            "created_time": "2025-03-25T21:44:28.611309Z",
            "yes_price": 88,
            "no_price": 12,
            "taker_side": "yes"
        },
        {
            "trade_id": "8de0589a-9f4e-4510-b905-c7adc31aaea9",
            "ticker": "KXHIGHDEN-25MAR25-B69.5",
            "count": 17,
            "created_time": "2025-03-25T21:42:48.659345Z",
            "yes_price": 84,
            "no_price": 16,
            "taker_side": "yes"
        },
        {
            "trade_id": "9e9f0fa7-a4b0-4bd5-9eaa-53ebcb45199c",
            "ticker": "KXHIGHDEN-25MAR25-B69.5",
            "count": 1,
            "created_time": "2025-03-25T21:41:54.882334Z",
            "yes_price": 84,
            "no_price": 16,
            "taker_side": "yes"
        },
        {
            "trade_id": "f148712a-c00e-474c-8542-6a547dc06de3",
            "ticker": "KXHIGHDEN-25MAR25-B69.5",
            "count": 5,
            "created_time": "2025-03-25T21:36:08.61357Z",
            "yes_price": 83,
            "no_price": 17,
            "taker_side": "yes"
        },
        {
            "trade_id": "ecd0a1b2-e508-44c4-ac4f-c922f55359bc",
            "ticker": "KXHIGHDEN-25MAR25-B69.5",
            "count": 10,
            "created_time": "2025-03-25T21:36:08.61357Z",
            "yes_price": 75,
            "no_price": 25,
            "taker_side": "yes"
        },
        {
            "trade_id": "dad9ce83-b308-4df3-82ee-cf8379c94e00",
            "ticker": "KXHIGHDEN-25MAR25-B69.5",
            "count": 13,
            "created_time": "2025-03-25T21:36:08.61357Z",
            "yes_price": 81,
            "no_price": 19,
            "taker_side": "yes"
        },
        {
            "trade_id": "d4ce58b9-afd5-427f-a668-1520bb34a815",
            "ticker": "KXHIGHDEN-25MAR25-B69.5",
            "count": 150,
            "created_time": "2025-03-25T21:36:08.61357Z",
            "yes_price": 77,
            "no_price": 23,
            "taker_side": "yes"
        },
        {
            "trade_id": "5e3dedd3-de41-4f46-8d1b-9598059c128d",
            "ticker": "KXHIGHDEN-25MAR25-B69.5",
            "count": 38,
            "created_time": "2025-03-25T21:36:08.61357Z",
            "yes_price": 74,
            "no_price": 26,
            "taker_side": "yes"
        },
        {
            "trade_id": "540ed974-1bc6-486d-b496-348eaa3f805a",
            "ticker": "KXHIGHDEN-25MAR25-B69.5",
            "count": 11,
            "created_time": "2025-03-25T21:36:08.61357Z",
            "yes_price": 84,
            "no_price": 16,
            "taker_side": "yes"
        },
        {
            "trade_id": "073464bf-f874-4323-b322-45d6ca55d57b",
            "ticker": "KXHIGHDEN-25MAR25-B69.5",
            "count": 24,
            "created_time": "2025-03-25T21:36:08.61357Z",
            "yes_price": 82,
            "no_price": 18,
            "taker_side": "yes"
        },
        {
            "trade_id": "19137aba-cefb-45a0-b2aa-ad619654d8b8",
            "ticker": "KXHIGHDEN-25MAR25-B69.5",
            "count": 10,
            "created_time": "2025-03-25T21:33:19.930497Z",
            "yes_price": 74,
            "no_price": 26,
            "taker_side": "yes"
        },
        {
            "trade_id": "0ad9bf52-8dd7-4593-8590-f341f89516ed",
            "ticker": "KXHIGHDEN-25MAR25-B69.5",
            "count": 39,
            "created_time": "2025-03-25T21:30:24.209627Z",
            "yes_price": 72,
            "no_price": 28,
            "taker_side": "yes"
        },
        {
            "trade_id": "5bb28b67-ae31-41aa-859d-15e042c8c40e",
            "ticker": "KXHIGHDEN-25MAR25-B69.5",
            "count": 1,
            "created_time": "2025-03-25T21:24:14.385084Z",
            "yes_price": 69,
            "no_price": 31,
            "taker_side": "yes"
        },
        {
            "trade_id": "0ef9fed4-9777-4066-a5bb-34b8e77018b0",
            "ticker": "KXHIGHDEN-25MAR25-B69.5",
            "count": 100,
            "created_time": "2025-03-25T21:21:07.296021Z",
            "yes_price": 69,
            "no_price": 31,
            "taker_side": "yes"
        },
        {
            "trade_id": "f6497b74-c3d6-450f-a739-1f5558b5c086",
            "ticker": "KXHIGHDEN-25MAR25-B69.5",
            "count": 19,
            "created_time": "2025-03-25T21:18:44.783474Z",
            "yes_price": 71,
            "no_price": 29,
            "taker_side": "yes"
        },
        {
            "trade_id": "ce08ad7a-0060-4ba8-a5a8-731b96375c36",
            "ticker": "KXHIGHDEN-25MAR25-B69.5",
            "count": 19,
            "created_time": "2025-03-25T21:18:44.783474Z",
            "yes_price": 61,
            "no_price": 39,
            "taker_side": "yes"
        },
        {
            "trade_id": "cc4976db-d9dd-40c9-9536-e70692dc329f",
            "ticker": "KXHIGHDEN-25MAR25-B69.5",
            "count": 150,
            "created_time": "2025-03-25T21:18:44.783474Z",
            "yes_price": 72,
            "no_price": 28,
            "taker_side": "yes"
        },
        {
            "trade_id": "5d04a9b3-01a0-45e9-87d7-6e086d91d174",
            "ticker": "KXHIGHDEN-25MAR25-B69.5",
            "count": 100,
            "created_time": "2025-03-25T21:18:44.783474Z",
            "yes_price": 62,
            "no_price": 38,
            "taker_side": "yes"
        },
        {
            "trade_id": "2a4672a4-069d-4a94-8187-f404ed90a14a",
            "ticker": "KXHIGHDEN-25MAR25-B69.5",
            "count": 3,
            "created_time": "2025-03-25T21:18:44.783474Z",
            "yes_price": 72,
            "no_price": 28,
            "taker_side": "yes"
        },
        {
            "trade_id": "cb1ad3ac-cc12-476f-8a23-c1f87d97c127",
            "ticker": "KXHIGHDEN-25MAR25-B69.5",
            "count": 47,
            "created_time": "2025-03-25T21:12:51.121095Z",
            "yes_price": 60,
            "no_price": 40,
            "taker_side": "no"
        },
        {
            "trade_id": "74e3774f-dd20-4909-92f8-ee8b93c67618",
            "ticker": "KXHIGHDEN-25MAR25-B69.5",
            "count": 40,
            "created_time": "2025-03-25T21:12:51.121095Z",
            "yes_price": 61,
            "no_price": 39,
            "taker_side": "no"
        },
        {
            "trade_id": "1cb32918-1063-431c-a0d2-fbd049666a29",
            "ticker": "KXHIGHDEN-25MAR25-B69.5",
            "count": 95,
            "created_time": "2025-03-25T21:07:51.11756Z",
            "yes_price": 63,
            "no_price": 37,
            "taker_side": "yes"
        },
        {
            "trade_id": "f7cd8fb4-9934-402f-9d86-6d0b43678057",
            "ticker": "KXHIGHDEN-25MAR25-B69.5",
            "count": 16,
            "created_time": "2025-03-25T21:00:03.282228Z",
            "yes_price": 66,
            "no_price": 34,
            "taker_side": "yes"
        },
        {
            "trade_id": "91e0441e-043e-4e67-b77b-081c0495395f",
            "ticker": "KXHIGHDEN-25MAR25-B69.5",
            "count": 100,
            "created_time": "2025-03-25T21:00:03.282228Z",
            "yes_price": 67,
            "no_price": 33,
            "taker_side": "yes"
        },
        {
            "trade_id": "80140f56-f7f8-4df5-9332-fb758ebd3738",
            "ticker": "KXHIGHDEN-25MAR25-B69.5",
            "count": 46,
            "created_time": "2025-03-25T21:00:03.282228Z",
            "yes_price": 67,
            "no_price": 33,
            "taker_side": "yes"
        },
        {
            "trade_id": "ef8d12b2-b7cb-40c2-9058-6b4e1e363288",
            "ticker": "KXHIGHDEN-25MAR25-B69.5",
            "count": 10,
            "created_time": "2025-03-25T20:57:12.121239Z",
            "yes_price": 59,
            "no_price": 41,
            "taker_side": "no"
        },
        {
            "trade_id": "d50c0e28-ff36-49ed-99e2-fa6f097d0e6f",
            "ticker": "KXHIGHDEN-25MAR25-B69.5",
            "count": 8,
            "created_time": "2025-03-25T20:57:12.121239Z",
            "yes_price": 60,
            "no_price": 40,
            "taker_side": "no"
        },
        {
            "trade_id": "c9d78016-e40a-478e-bd95-aa0f42fc1fca",
            "ticker": "KXHIGHDEN-25MAR25-B69.5",
            "count": 25,
            "created_time": "2025-03-25T20:57:12.121239Z",
            "yes_price": 63,
            "no_price": 37,
            "taker_side": "no"
        },
        {
            "trade_id": "ac417ff1-eacc-4120-874b-f12a49c7eeea",
            "ticker": "KXHIGHDEN-25MAR25-B69.5",
            "count": 10,
            "created_time": "2025-03-25T20:57:12.121239Z",
            "yes_price": 60,
            "no_price": 40,
            "taker_side": "no"
        },
        {
            "trade_id": "2c734ad7-18fd-4bec-aeef-e488ac457ac4",
            "ticker": "KXHIGHDEN-25MAR25-B69.5",
            "count": 46,
            "created_time": "2025-03-25T20:57:12.121239Z",
            "yes_price": 57,
            "no_price": 43,
            "taker_side": "no"
        },
        {
            "trade_id": "1d8d8dff-0715-4160-9728-51377a6ebf95",
            "ticker": "KXHIGHDEN-25MAR25-B69.5",
            "count": 8,
            "created_time": "2025-03-25T20:57:12.121239Z",
            "yes_price": 58,
            "no_price": 42,
            "taker_side": "no"
        },
        {
            "trade_id": "80a86a1d-2c02-4f58-98e7-fcf4d57ccb24",
            "ticker": "KXHIGHDEN-25MAR25-B69.5",
            "count": 9,
            "created_time": "2025-03-25T20:55:57.605609Z",
            "yes_price": 65,
            "no_price": 35,
            "taker_side": "yes"
        },
        {
            "trade_id": "18cab225-afbe-40ff-bc8b-59ddbe10f579",
            "ticker": "KXHIGHDEN-25MAR25-B69.5",
            "count": 25,
            "created_time": "2025-03-25T20:55:00.447454Z",
            "yes_price": 65,
            "no_price": 35,
            "taker_side": "yes"
        },
        {
            "trade_id": "1b38d122-1165-4602-ac9e-b05daad23cb6",
            "ticker": "KXHIGHDEN-25MAR25-B69.5",
            "count": 151,
            "created_time": "2025-03-25T20:54:33.882008Z",
            "yes_price": 65,
            "no_price": 35,
            "taker_side": "yes"
        },
        {
            "trade_id": "41f2862f-dc4f-4dc6-9488-f849b60ef35a",
            "ticker": "KXHIGHDEN-25MAR25-B69.5",
            "count": 88,
            "created_time": "2025-03-25T20:53:45.714138Z",
            "yes_price": 65,
            "no_price": 35,
            "taker_side": "yes"
        },
        {
            "trade_id": "3235aed3-fbaa-4dc3-8d63-c87814ae4945",
            "ticker": "KXHIGHDEN-25MAR25-B69.5",
            "count": 1,
            "created_time": "2025-03-25T20:53:27.457667Z",
            "yes_price": 65,
            "no_price": 35,
            "taker_side": "yes"
        },
        {
            "trade_id": "3057473a-f059-43a9-8098-be5d4fea31d9",
            "ticker": "KXHIGHDEN-25MAR25-B69.5",
            "count": 1,
            "created_time": "2025-03-25T20:53:25.740711Z",
            "yes_price": 65,
            "no_price": 35,
            "taker_side": "yes"
        },
        {
            "trade_id": "f9509e56-6e94-471a-83a7-4048d7b19765",
            "ticker": "KXHIGHDEN-25MAR25-B69.5",
            "count": 25,
            "created_time": "2025-03-25T20:52:22.115707Z",
            "yes_price": 65,
            "no_price": 35,
            "taker_side": "yes"
        },
        {
            "trade_id": "909ea891-e6a8-4fee-9c1c-382c35828e34",
            "ticker": "KXHIGHDEN-25MAR25-B69.5",
            "count": 100,
            "created_time": "2025-03-25T20:46:18.698712Z",
            "yes_price": 60,
            "no_price": 40,
            "taker_side": "yes"
        },
        {
            "trade_id": "824eaccf-1fd4-43fc-9f4f-c08a100114e9",
            "ticker": "KXHIGHDEN-25MAR25-B69.5",
            "count": 10,
            "created_time": "2025-03-25T20:46:18.698712Z",
            "yes_price": 63,
            "no_price": 37,
            "taker_side": "yes"
        },
        {
            "trade_id": "38ea32f8-84d6-45b4-a90f-1b2ba5c51bfa",
            "ticker": "KXHIGHDEN-25MAR25-B69.5",
            "count": 277,
            "created_time": "2025-03-25T20:46:18.698712Z",
            "yes_price": 64,
            "no_price": 36,
            "taker_side": "yes"
        },
        {
            "trade_id": "c5a3efc1-214f-49eb-b175-d0ddbadb5e82",
            "ticker": "KXHIGHDEN-25MAR25-B69.5",
            "count": 25,
            "created_time": "2025-03-25T20:38:12.840508Z",
            "yes_price": 68,
            "no_price": 32,
            "taker_side": "no"
        },
        {
            "trade_id": "b02728b1-8a72-493e-9827-33518b52764c",
            "ticker": "KXHIGHDEN-25MAR25-B69.5",
            "count": 6,
            "created_time": "2025-03-25T20:38:06.336775Z",
            "yes_price": 69,
            "no_price": 31,
            "taker_side": "no"
        },
        {
            "trade_id": "816fc233-e6a5-47dd-a505-7967425bc112",
            "ticker": "KXHIGHDEN-25MAR25-B69.5",
            "count": 236,
            "created_time": "2025-03-25T20:38:04.215242Z",
            "yes_price": 74,
            "no_price": 26,
            "taker_side": "yes"
        },
        {
            "trade_id": "3444f016-5227-4e61-8609-d80cda63c86f",
            "ticker": "KXHIGHDEN-25MAR25-B69.5",
            "count": 372,
            "created_time": "2025-03-25T20:38:04.215242Z",
            "yes_price": 74,
            "no_price": 26,
            "taker_side": "yes"
        },
        {
            "trade_id": "cade32d1-9ec5-4631-a118-182a6eba3f21",
            "ticker": "KXHIGHDEN-25MAR25-B69.5",
            "count": 50,
            "created_time": "2025-03-25T20:37:49.600814Z",
            "yes_price": 73,
            "no_price": 27,
            "taker_side": "yes"
        },
        {
            "trade_id": "baee3ef4-a1c6-4cc2-a008-780e55773bee",
            "ticker": "KXHIGHDEN-25MAR25-B69.5",
            "count": 22,
            "created_time": "2025-03-25T20:37:49.600814Z",
            "yes_price": 73,
            "no_price": 27,
            "taker_side": "yes"
        },
        {
            "trade_id": "378c13e2-bca3-4470-a1f4-a90906c04b03",
            "ticker": "KXHIGHDEN-25MAR25-B69.5",
            "count": 2,
            "created_time": "2025-03-25T20:35:19.865988Z",
            "yes_price": 73,
            "no_price": 27,
            "taker_side": "yes"
        },
        {
            "trade_id": "c101b46c-0b95-48fa-ad9c-6954cab370e5",
            "ticker": "KXHIGHDEN-25MAR25-B69.5",
            "count": 26,
            "created_time": "2025-03-25T20:33:25.87765Z",
            "yes_price": 73,
            "no_price": 27,
            "taker_side": "yes"
        },
        {
            "trade_id": "878fd636-6f30-45b6-b4d2-69680a7a92f3",
            "ticker": "KXHIGHDEN-25MAR25-B69.5",
            "count": 108,
            "created_time": "2025-03-25T20:33:25.87765Z",
            "yes_price": 74,
            "no_price": 26,
            "taker_side": "yes"
        },
        {
            "trade_id": "4548cb47-7e33-4e40-99a4-4062d53eee74",
            "ticker": "KXHIGHDEN-25MAR25-B69.5",
            "count": 76,
            "created_time": "2025-03-25T20:32:55.74109Z",
            "yes_price": 74,
            "no_price": 26,
            "taker_side": "yes"
        },
        {
            "trade_id": "7f2b8a67-036b-4a6d-8e3f-0d5c3d9ac89f",
            "ticker": "KXHIGHDEN-25MAR25-B69.5",
            "count": 24,
            "created_time": "2025-03-25T20:32:45.777002Z",
            "yes_price": 73,
            "no_price": 27,
            "taker_side": "yes"
        },
        {
            "trade_id": "eccab47f-d588-4190-b3a6-5d19a38ea56b",
            "ticker": "KXHIGHDEN-25MAR25-B69.5",
            "count": 27,
            "created_time": "2025-03-25T20:28:24.769011Z",
            "yes_price": 72,
            "no_price": 28,
            "taker_side": "yes"
        },
        {
            "trade_id": "e95a01f8-cb52-4d9e-aaba-d9b0089a3341",
            "ticker": "KXHIGHDEN-25MAR25-B69.5",
            "count": 33,
            "created_time": "2025-03-25T20:28:24.769011Z",
            "yes_price": 71,
            "no_price": 29,
            "taker_side": "yes"
        },
        {
            "trade_id": "e2a59420-f260-40ba-a530-a6cf43e4d3b3",
            "ticker": "KXHIGHDEN-25MAR25-B69.5",
            "count": 27,
            "created_time": "2025-03-25T20:28:24.769011Z",
            "yes_price": 72,
            "no_price": 28,
            "taker_side": "yes"
        },
        {
            "trade_id": "21b2d90b-dca4-475b-a063-d2968415f86d",
            "ticker": "KXHIGHDEN-25MAR25-B69.5",
            "count": 50,
            "created_time": "2025-03-25T20:28:24.769011Z",
            "yes_price": 72,
            "no_price": 28,
            "taker_side": "yes"
        },
        {
            "trade_id": "8a9fdce9-e104-41f7-a536-c09a282393c7",
            "ticker": "KXHIGHDEN-25MAR25-B69.5",
            "count": 10,
            "created_time": "2025-03-25T20:24:51.478867Z",
            "yes_price": 65,
            "no_price": 35,
            "taker_side": "no"
        },
        {
            "trade_id": "1a502981-22c9-4ab4-baf7-8d3644bd9c04",
            "ticker": "KXHIGHDEN-25MAR25-B69.5",
            "count": 12,
            "created_time": "2025-03-25T20:24:51.478867Z",
            "yes_price": 64,
            "no_price": 36,
            "taker_side": "no"
        },
        {
            "trade_id": "7f1792da-850d-4cec-98db-dd39040aa589",
            "ticker": "KXHIGHDEN-25MAR25-B69.5",
            "count": 12,
            "created_time": "2025-03-25T20:20:45.662967Z",
            "yes_price": 64,
            "no_price": 36,
            "taker_side": "no"
        },
        {
            "trade_id": "c047ef04-edf9-4950-b1e8-d145a9ae601d",
            "ticker": "KXHIGHDEN-25MAR25-B69.5",
            "count": 4,
            "created_time": "2025-03-25T20:20:16.86824Z",
            "yes_price": 65,
            "no_price": 35,
            "taker_side": "no"
        },
        {
            "trade_id": "630bdaad-514c-4663-b539-ce6f0ddb02f6",
            "ticker": "KXHIGHDEN-25MAR25-B69.5",
            "count": 15,
            "created_time": "2025-03-25T20:20:08.606229Z",
            "yes_price": 65,
            "no_price": 35,
            "taker_side": "no"
        },
        {
            "trade_id": "5c3719c0-1998-48e9-add1-9a6125b09dcc",
            "ticker": "KXHIGHDEN-25MAR25-B69.5",
            "count": 8,
            "created_time": "2025-03-25T20:15:06.570132Z",
            "yes_price": 61,
            "no_price": 39,
            "taker_side": "no"
        },
        {
            "trade_id": "b35e0e31-3449-4c2b-84de-c532316033f0",
            "ticker": "KXHIGHDEN-25MAR25-B69.5",
            "count": 19,
            "created_time": "2025-03-25T20:13:01.367862Z",
            "yes_price": 70,
            "no_price": 30,
            "taker_side": "yes"
        },
        {
            "trade_id": "3474a878-cc05-4319-a581-7f594e7b6fc0",
            "ticker": "KXHIGHDEN-25MAR25-B69.5",
            "count": 1,
            "created_time": "2025-03-25T20:13:01.367862Z",
            "yes_price": 70,
            "no_price": 30,
            "taker_side": "yes"
        },
        {
            "trade_id": "fe89c3f7-42c5-4fef-a576-82ee1c1f5358",
            "ticker": "KXHIGHDEN-25MAR25-B69.5",
            "count": 100,
            "created_time": "2025-03-25T20:06:54.993908Z",
            "yes_price": 56,
            "no_price": 44,
            "taker_side": "no"
        },
        {
            "trade_id": "ed336cdc-96f0-4d67-9aff-390068a30255",
            "ticker": "KXHIGHDEN-25MAR25-B69.5",
            "count": 32,
            "created_time": "2025-03-25T19:48:53.841018Z",
            "yes_price": 71,
            "no_price": 29,
            "taker_side": "yes"
        },
        {
            "trade_id": "ea997cfa-825a-48d4-b296-74ad9b15f5f2",
            "ticker": "KXHIGHDEN-25MAR25-B69.5",
            "count": 3,
            "created_time": "2025-03-25T19:48:53.841018Z",
            "yes_price": 68,
            "no_price": 32,
            "taker_side": "yes"
        },
        {
            "trade_id": "daf58308-bab0-411a-81a2-a60b52cf8405",
            "ticker": "KXHIGHDEN-25MAR25-B69.5",
            "count": 32,
            "created_time": "2025-03-25T19:48:53.841018Z",
            "yes_price": 72,
            "no_price": 28,
            "taker_side": "yes"
        },
        {
            "trade_id": "ba01fbbc-ab5e-462d-9f7a-cf302e949220",
            "ticker": "KXHIGHDEN-25MAR25-B69.5",
            "count": 6,
            "created_time": "2025-03-25T19:48:53.841018Z",
            "yes_price": 69,
            "no_price": 31,
            "taker_side": "yes"
        },
        {
            "trade_id": "7fc0779b-9c23-42f0-af0f-f06c23ca6afd",
            "ticker": "KXHIGHDEN-25MAR25-B69.5",
            "count": 8,
            "created_time": "2025-03-25T19:48:53.841018Z",
            "yes_price": 72,
            "no_price": 28,
            "taker_side": "yes"
        },
        {
            "trade_id": "6298b6cf-b4db-4251-9e34-8e89439a1f63",
            "ticker": "KXHIGHDEN-25MAR25-B69.5",
            "count": 111,
            "created_time": "2025-03-25T19:48:53.841018Z",
            "yes_price": 73,
            "no_price": 27,
            "taker_side": "yes"
        },
        {
            "trade_id": "3195363a-f24a-46c6-a2e7-b93a062c1f15",
            "ticker": "KXHIGHDEN-25MAR25-B69.5",
            "count": 3,
            "created_time": "2025-03-25T19:48:53.841018Z",
            "yes_price": 64,
            "no_price": 36,
            "taker_side": "yes"
        },
        {
            "trade_id": "2f1ac073-b194-4c1f-8a6b-3326b618d658",
            "ticker": "KXHIGHDEN-25MAR25-B69.5",
            "count": 33,
            "created_time": "2025-03-25T19:48:53.841018Z",
            "yes_price": 67,
            "no_price": 33,
            "taker_side": "yes"
        },
        {
            "trade_id": "1bb6c736-d276-4ed3-bcd6-f013c65d90d4",
            "ticker": "KXHIGHDEN-25MAR25-B69.5",
            "count": 34,
            "created_time": "2025-03-25T19:48:53.841018Z",
            "yes_price": 70,
            "no_price": 30,
            "taker_side": "yes"
        },
        {
            "trade_id": "5304c51e-912e-4408-9fb8-9efcbacc4494",
            "ticker": "KXHIGHDEN-25MAR25-B69.5",
            "count": 1,
            "created_time": "2025-03-25T19:45:56.268521Z",
            "yes_price": 56,
            "no_price": 44,
            "taker_side": "no"
        },
        {
            "trade_id": "37001abc-2a0d-4e48-958f-be98bcba6681",
            "ticker": "KXHIGHDEN-25MAR25-B69.5",
            "count": 30,
            "created_time": "2025-03-25T19:22:05.160635Z",
            "yes_price": 56,
            "no_price": 44,
            "taker_side": "no"
        },
        {
            "trade_id": "7fefa364-b4d4-45bd-8d1f-185022dfa418",
            "ticker": "KXHIGHDEN-25MAR25-B69.5",
            "count": 2,
            "created_time": "2025-03-25T18:45:53.686621Z",
            "yes_price": 57,
            "no_price": 43,
            "taker_side": "no"
        },
        {
            "trade_id": "a510019d-0e11-42f5-a72a-a1f15b385e3d",
            "ticker": "KXHIGHDEN-25MAR25-B69.5",
            "count": 2,
            "created_time": "2025-03-25T18:45:17.492417Z",
            "yes_price": 58,
            "no_price": 42,
            "taker_side": "no"
        },
        {
            "trade_id": "0a21bc5d-85cd-49ab-bb72-550b83f5e5fa",
            "ticker": "KXHIGHDEN-25MAR25-B69.5",
            "count": 5,
            "created_time": "2025-03-25T18:43:24.205886Z",
            "yes_price": 59,
            "no_price": 41,
            "taker_side": "no"
        },
        {
            "trade_id": "82d2496f-1af3-435b-8201-786670862048",
            "ticker": "KXHIGHDEN-25MAR25-B69.5",
            "count": 12,
            "created_time": "2025-03-25T18:34:49.87494Z",
            "yes_price": 67,
            "no_price": 33,
            "taker_side": "yes"
        },
        {
            "trade_id": "3a5e9202-5d7a-4daf-907f-a578713e48c5",
            "ticker": "KXHIGHDEN-25MAR25-B69.5",
            "count": 1,
            "created_time": "2025-03-25T18:34:49.87494Z",
            "yes_price": 67,
            "no_price": 33,
            "taker_side": "yes"
        },
        {
            "trade_id": "110632cd-62ce-4914-9776-38cad4ce531a",
            "ticker": "KXHIGHDEN-25MAR25-B69.5",
            "count": 7,
            "created_time": "2025-03-25T18:34:49.87494Z",
            "yes_price": 67,
            "no_price": 33,
            "taker_side": "yes"
        },
        {
            "trade_id": "43511c25-78d2-4f44-b658-f02df82fe89f",
            "ticker": "KXHIGHDEN-25MAR25-B69.5",
            "count": 1,
            "created_time": "2025-03-25T18:33:23.776582Z",
            "yes_price": 67,
            "no_price": 33,
            "taker_side": "yes"
        },
        {
            "trade_id": "96c6a200-f8ec-44c4-8b49-4f2ab063505a",
            "ticker": "KXHIGHDEN-25MAR25-B69.5",
            "count": 3,
            "created_time": "2025-03-25T18:15:06.90019Z",
            "yes_price": 67,
            "no_price": 33,
            "taker_side": "yes"
        },
        {
            "trade_id": "54eb2892-dacc-4dff-8c2a-f73ab917f765",
            "ticker": "KXHIGHDEN-25MAR25-B69.5",
            "count": 12,
            "created_time": "2025-03-25T18:15:06.90019Z",
            "yes_price": 68,
            "no_price": 32,
            "taker_side": "yes"
        },
        {
            "trade_id": "f2b60d68-9c61-4f64-bbd5-d503619ac6ba",
            "ticker": "KXHIGHDEN-25MAR25-B69.5",
            "count": 65,
            "created_time": "2025-03-25T18:11:00.111251Z",
            "yes_price": 56,
            "no_price": 44,
            "taker_side": "no"
        },
        {
            "trade_id": "ee8269b0-de69-472f-852b-20b128c6e51b",
            "ticker": "KXHIGHDEN-25MAR25-B69.5",
            "count": 15,
            "created_time": "2025-03-25T18:11:00.111251Z",
            "yes_price": 58,
            "no_price": 42,
            "taker_side": "no"
        },
        {
            "trade_id": "90ca2d63-b42a-43ad-8bf0-7004ac87aacd",
            "ticker": "KXHIGHDEN-25MAR25-B69.5",
            "count": 7,
            "created_time": "2025-03-25T18:11:00.111251Z",
            "yes_price": 58,
            "no_price": 42,
            "taker_side": "no"
        },
        {
            "trade_id": "37be9f86-a3bc-485f-9edc-80e098c24977",
            "ticker": "KXHIGHDEN-25MAR25-B69.5",
            "count": 18,
            "created_time": "2025-03-25T18:11:00.111251Z",
            "yes_price": 59,
            "no_price": 41,
            "taker_side": "no"
        },
        {
            "trade_id": "344b3c2b-9826-4334-a2e2-285fc6517171",
            "ticker": "KXHIGHDEN-25MAR25-B69.5",
            "count": 8,
            "created_time": "2025-03-25T18:11:00.111251Z",
            "yes_price": 57,
            "no_price": 43,
            "taker_side": "no"
        },
        {
            "trade_id": "a40685c7-731d-44b0-b72d-36d4fd3880db",
            "ticker": "KXHIGHDEN-25MAR25-B69.5",
            "count": 58,
            "created_time": "2025-03-25T17:56:44.667504Z",
            "yes_price": 68,
            "no_price": 32,
            "taker_side": "yes"
        },
        {
            "trade_id": "5e356b71-9e79-4424-acfb-3d54dd52c5ed",
            "ticker": "KXHIGHDEN-25MAR25-B69.5",
            "count": 25,
            "created_time": "2025-03-25T17:56:44.667504Z",
            "yes_price": 67,
            "no_price": 33,
            "taker_side": "yes"
        },
        {
            "trade_id": "f9124d8a-fb84-4bab-b5ec-0c1f09707441",
            "ticker": "KXHIGHDEN-25MAR25-B69.5",
            "count": 6,
            "created_time": "2025-03-25T17:36:24.342997Z",
            "yes_price": 70,
            "no_price": 30,
            "taker_side": "yes"
        },
        {
            "trade_id": "1c816735-72f1-4a28-b8e8-b1721b8d9a20",
            "ticker": "KXHIGHDEN-25MAR25-B69.5",
            "count": 15,
            "created_time": "2025-03-25T17:36:24.342997Z",
            "yes_price": 69,
            "no_price": 31,
            "taker_side": "yes"
        },
        {
            "trade_id": "fdc67e65-28c6-4da7-b2df-5afcd969670c",
