{
    "KXHIGHDEN-25MAR20-T53": [
        {
            "trade_id": "17f902f9-0260-4aec-a797-4b8bd02e06cc",
            "ticker": "KXHIGHDEN-25MAR20-T53",
            "count": 1,
            "created_time": "2025-03-20T21:59:14.03572Z",
            "yes_price": 1,
            "no_price": 99,
            "taker_side": "yes"
        },
        {
            "trade_id": "9c684e93-97bb-4925-b435-a837602966dc",
            "ticker": "KXHIGHDEN-25MAR20-T53",
            "count": 320,
            "created_time": "2025-03-20T21:35:19.90773Z",
            "yes_price": 1,
            "no_price": 99,
            "taker_side": "yes"
        },
        {
            "trade_id": "58692bc6-7d7b-48a6-80f6-7e220238f4ac",
            "ticker": "KXHIGHDEN-25MAR20-T53",
            "count": 103,
            "created_time": "2025-03-20T19:56:01.966768Z",
            "yes_price": 1,
            "no_price": 99,
            "taker_side": "yes"
        },
        {
            "trade_id": "72866c2a-a6c4-410c-baa2-ec49aacb928d",
            "ticker": "KXHIGHDEN-25MAR20-T53",
            "count": 40,
            "created_time": "2025-03-20T19:44:10.871003Z",
            "yes_price": 1,
            "no_price": 99,
            "taker_side": "no"
        },
        {
            "trade_id": "3350be17-c225-4416-8c62-b6f3ab6ac8bd",
            "ticker": "KXHIGHDEN-25MAR20-T53",
            "count": 24,
            "created_time": "2025-03-20T19:37:22.522167Z",
            "yes_price": 2,
            "no_price": 98,
            "taker_side": "no"
        },
        {
            "trade_id": "beb0b37f-ed95-4d46-bf3f-9c207e06a8c9",
            "ticker": "KXHIGHDEN-25MAR20-T53",
            "count": 6,
            "created_time": "2025-03-20T19:37:16.049084Z",
            "yes_price": 19,
            "no_price": 81,
            "taker_side": "no"
        },
        {
            "trade_id": "15a22fd3-e59e-4999-bfc8-32723cb01f11",
            "ticker": "KXHIGHDEN-25MAR20-T53",
            "count": 134,
            "created_time": "2025-03-20T19:35:38.502404Z",
            "yes_price": 22,
            "no_price": 78,
            "taker_side": "no"
        },
        {
            "trade_id": "e58f316f-8792-4e1b-b064-b18b166fcf15",
            "ticker": "KXHIGHDEN-25MAR20-T53",
            "count": 8,
            "created_time": "2025-03-20T19:35:38.288038Z",
            "yes_price": 15,
            "no_price": 85,
            "taker_side": "yes"
        },
        {
            "trade_id": "d401056b-4765-4b2e-a817-f07f21b5d5a7",
            "ticker": "KXHIGHDEN-25MAR20-T53",
            "count": 199,
            "created_time": "2025-03-20T19:35:38.288038Z",
            "yes_price": 22,
            "no_price": 78,
            "taker_side": "yes"
        },
        {
            "trade_id": "b69ea62b-88a6-4983-a5ef-e918abc2208d",
            "ticker": "KXHIGHDEN-25MAR20-T53",
            "count": 40,
            "created_time": "2025-03-20T19:35:38.288038Z",
            "yes_price": 22,
            "no_price": 78,
            "taker_side": "yes"
        },
        {
            "trade_id": "26ada1b1-7e9c-44c0-9c49-0078ee3aa1ef",
            "ticker": "KXHIGHDEN-25MAR20-T53",
            "count": 473,
            "created_time": "2025-03-20T19:35:38.288038Z",
            "yes_price": 20,
            "no_price": 80,
            "taker_side": "yes"
        },
        {
            "trade_id": "b49cc7cb-4fdd-4272-b9ad-e19b4294d44c",
            "ticker": "KXHIGHDEN-25MAR20-T53",
            "count": 2,
            "created_time": "2025-03-20T19:20:55.408045Z",
            "yes_price": 13,
            "no_price": 87,
            "taker_side": "yes"
        },
        {
            "trade_id": "91ed95c9-4ada-44b2-99d9-5cd02129bc6d",
            "ticker": "KXHIGHDEN-25MAR20-T53",
            "count": 27,
            "created_time": "2025-03-20T19:13:15.153193Z",
            "yes_price": 4,
            "no_price": 96,
            "taker_side": "no"
        },
        {
            "trade_id": "0a996928-5440-4fdd-a4ab-ac6813ac3370",
            "ticker": "KXHIGHDEN-25MAR20-T53",
            "count": 6,
            "created_time": "2025-03-20T19:12:56.854163Z",
            "yes_price": 4,
            "no_price": 96,
            "taker_side": "no"
        },
        {
            "trade_id": "b2f2aa05-bcb9-4e49-aee0-abf2f024e0ec",
            "ticker": "KXHIGHDEN-25MAR20-T53",
            "count": 3,
            "created_time": "2025-03-20T19:12:56.003471Z",
            "yes_price": 4,
            "no_price": 96,
            "taker_side": "no"
        },
        {
            "trade_id": "d549e333-6d81-4b6e-bf1b-c3a75c760aa0",
            "ticker": "KXHIGHDEN-25MAR20-T53",
            "count": 10,
            "created_time": "2025-03-20T19:12:55.181935Z",
            "yes_price": 4,
            "no_price": 96,
            "taker_side": "no"
        },
        {
            "trade_id": "adc36590-d0cc-4ae3-962f-daaddfa607ca",
            "ticker": "KXHIGHDEN-25MAR20-T53",
            "count": 27,
            "created_time": "2025-03-20T19:12:55.153927Z",
            "yes_price": 4,
            "no_price": 96,
            "taker_side": "no"
        },
        {
            "trade_id": "cf81a17b-bd81-43c3-8461-d2375ed8948d",
            "ticker": "KXHIGHDEN-25MAR20-T53",
            "count": 8,
            "created_time": "2025-03-20T19:12:41.328023Z",
            "yes_price": 14,
            "no_price": 86,
            "taker_side": "yes"
        },
        {
            "trade_id": "cdaf2ed8-2413-4bd2-9167-4c42f0c83fda",
            "ticker": "KXHIGHDEN-25MAR20-T53",
            "count": 10,
            "created_time": "2025-03-20T19:12:41.328023Z",
            "yes_price": 13,
            "no_price": 87,
            "taker_side": "yes"
        },
        {
            "trade_id": "9fdeadf2-c7c9-4a55-b294-94c3a054dd2d",
            "ticker": "KXHIGHDEN-25MAR20-T53",
            "count": 14,
            "created_time": "2025-03-20T19:12:41.328023Z",
            "yes_price": 16,
            "no_price": 84,
            "taker_side": "yes"
        },
        {
            "trade_id": "6559d307-3444-4fe9-8e51-d9945bb26503",
            "ticker": "KXHIGHDEN-25MAR20-T53",
            "count": 25,
            "created_time": "2025-03-20T19:12:41.328023Z",
            "yes_price": 17,
            "no_price": 83,
            "taker_side": "yes"
        },
        {
            "trade_id": "2a2cc06a-38dd-4767-8ea5-9eb2319f5bf6",
            "ticker": "KXHIGHDEN-25MAR20-T53",
            "count": 4,
            "created_time": "2025-03-20T19:12:41.328023Z",
            "yes_price": 18,
            "no_price": 82,
            "taker_side": "yes"
        },
        {
            "trade_id": "a9d72951-bb64-4a13-af5b-a979e5768985",
            "ticker": "KXHIGHDEN-25MAR20-T53",
            "count": 13,
            "created_time": "2025-03-20T19:12:16.552767Z",
            "yes_price": 4,
            "no_price": 96,
            "taker_side": "no"
        },
        {
            "trade_id": "bdda7308-7ffd-414b-ba79-85e9777f014e",
            "ticker": "KXHIGHDEN-25MAR20-T53",
            "count": 199,
            "created_time": "2025-03-20T19:12:11.375443Z",
            "yes_price": 11,
            "no_price": 89,
            "taker_side": "yes"
        },
        {
            "trade_id": "a9c4f043-ebf7-4a46-ba8a-5c6f2e5c6034",
            "ticker": "KXHIGHDEN-25MAR20-T53",
            "count": 9,
            "created_time": "2025-03-20T19:12:11.375443Z",
            "yes_price": 10,
            "no_price": 90,
            "taker_side": "yes"
        },
        {
            "trade_id": "a83db931-b733-4de7-9680-9348e4acd1ab",
            "ticker": "KXHIGHDEN-25MAR20-T53",
            "count": 200,
            "created_time": "2025-03-20T19:12:11.375443Z",
            "yes_price": 11,
            "no_price": 89,
            "taker_side": "yes"
        },
        {
            "trade_id": "a9c954db-756f-4a3c-9cb9-50738593a092",
            "ticker": "KXHIGHDEN-25MAR20-T53",
            "count": 8,
            "created_time": "2025-03-20T19:10:32.636674Z",
            "yes_price": 11,
            "no_price": 89,
            "taker_side": "yes"
        },
        {
            "trade_id": "92ed7c78-b94c-4c1d-857a-9240253c1c38",
            "ticker": "KXHIGHDEN-25MAR20-T53",
            "count": 40,
            "created_time": "2025-03-20T19:10:32.636674Z",
            "yes_price": 12,
            "no_price": 88,
            "taker_side": "yes"
        },
        {
            "trade_id": "147f94bb-8918-4744-80d2-e090decb1347",
            "ticker": "KXHIGHDEN-25MAR20-T53",
            "count": 17,
            "created_time": "2025-03-20T19:10:32.636674Z",
            "yes_price": 14,
            "no_price": 86,
            "taker_side": "yes"
        },
        {
            "trade_id": "3410c1a0-2290-4617-b290-17b31574c214",
            "ticker": "KXHIGHDEN-25MAR20-T53",
            "count": 8,
            "created_time": "2025-03-20T19:06:01.371836Z",
            "yes_price": 10,
            "no_price": 90,
            "taker_side": "yes"
        },
        {
            "trade_id": "8ee4c780-dba2-462e-9acb-70b0582bd8e5",
            "ticker": "KXHIGHDEN-25MAR20-T53",
            "count": 8,
            "created_time": "2025-03-20T18:47:53.593703Z",
            "yes_price": 7,
            "no_price": 93,
            "taker_side": "no"
        },
        {
            "trade_id": "056a949c-fafd-4cc9-b185-e8114f08ff98",
            "ticker": "KXHIGHDEN-25MAR20-T53",
            "count": 20,
            "created_time": "2025-03-20T18:47:53.593703Z",
            "yes_price": 6,
            "no_price": 94,
            "taker_side": "no"
        },
        {
            "trade_id": "b1ce0fbe-b7a1-4bee-a58c-33cd05270455",
            "ticker": "KXHIGHDEN-25MAR20-T53",
            "count": 100,
            "created_time": "2025-03-20T18:43:00.272917Z",
            "yes_price": 5,
            "no_price": 95,
            "taker_side": "no"
        },
        {
            "trade_id": "353085be-95a1-4a9f-b1dc-167f03b0d82f",
            "ticker": "KXHIGHDEN-25MAR20-T53",
            "count": 100,
            "created_time": "2025-03-20T18:42:51.769974Z",
            "yes_price": 5,
            "no_price": 95,
            "taker_side": "no"
        },
        {
            "trade_id": "05789ba0-f0d8-475e-8584-ba0bf45c0feb",
            "ticker": "KXHIGHDEN-25MAR20-T53",
            "count": 100,
            "created_time": "2025-03-20T18:42:38.021302Z",
            "yes_price": 5,
            "no_price": 95,
            "taker_side": "no"
        },
        {
            "trade_id": "0caf6753-fe1a-4436-b4b3-2f31a9bed6f4",
            "ticker": "KXHIGHDEN-25MAR20-T53",
            "count": 20,
            "created_time": "2025-03-20T18:42:28.225233Z",
            "yes_price": 6,
            "no_price": 94,
            "taker_side": "no"
        },
        {
            "trade_id": "ddc8762f-aed9-4963-943d-0b2a6497136d",
            "ticker": "KXHIGHDEN-25MAR20-T53",
            "count": 8,
            "created_time": "2025-03-20T18:35:59.852036Z",
            "yes_price": 7,
            "no_price": 93,
            "taker_side": "yes"
        },
        {
            "trade_id": "9e9a5604-d7f7-4af9-b0d7-033896e1ff7f",
            "ticker": "KXHIGHDEN-25MAR20-T53",
            "count": 150,
            "created_time": "2025-03-20T18:35:59.852036Z",
            "yes_price": 5,
            "no_price": 95,
            "taker_side": "yes"
        },
        {
            "trade_id": "934d05a5-f612-40e5-82b6-3b8637189a61",
            "ticker": "KXHIGHDEN-25MAR20-T53",
            "count": 69,
            "created_time": "2025-03-20T18:35:59.852036Z",
            "yes_price": 8,
            "no_price": 92,
            "taker_side": "yes"
        },
        {
            "trade_id": "173596f8-44fa-43fc-8649-633241e5512e",
            "ticker": "KXHIGHDEN-25MAR20-T53",
            "count": 100,
            "created_time": "2025-03-20T18:35:59.852036Z",
            "yes_price": 4,
            "no_price": 96,
            "taker_side": "yes"
        },
        {
            "trade_id": "15fe00a2-e77b-4bd9-8513-5d7a47ae8928",
            "ticker": "KXHIGHDEN-25MAR20-T53",
            "count": 200,
            "created_time": "2025-03-20T18:30:25.327154Z",
            "yes_price": 2,
            "no_price": 98,
            "taker_side": "yes"
        },
        {
            "trade_id": "e90fb469-5d3e-469c-b070-eff8de25ca35",
            "ticker": "KXHIGHDEN-25MAR20-T53",
            "count": 41,
            "created_time": "2025-03-20T18:13:41.32048Z",
            "yes_price": 1,
            "no_price": 99,
            "taker_side": "yes"
        },
        {
            "trade_id": "635c4178-54db-4e03-ba0e-dc8dbbd21190",
            "ticker": "KXHIGHDEN-25MAR20-T53",
            "count": 150,
            "created_time": "2025-03-20T18:13:41.32048Z",
            "yes_price": 1,
            "no_price": 99,
            "taker_side": "yes"
        },
        {
            "trade_id": "59e5951e-bdcf-471f-af9b-a85ed6d018f4",
            "ticker": "KXHIGHDEN-25MAR20-T53",
            "count": 250,
            "created_time": "2025-03-20T18:13:41.32048Z",
            "yes_price": 1,
            "no_price": 99,
            "taker_side": "yes"
        },
        {
            "trade_id": "4f84bf68-8dc1-4cb4-8b26-64f443b83c5e",
            "ticker": "KXHIGHDEN-25MAR20-T53",
            "count": 250,
            "created_time": "2025-03-20T18:13:41.32048Z",
            "yes_price": 1,
            "no_price": 99,
            "taker_side": "yes"
        },
        {
            "trade_id": "31b01a12-6a72-4e3a-a602-88cc6f156763",
            "ticker": "KXHIGHDEN-25MAR20-T53",
            "count": 250,
            "created_time": "2025-03-20T18:13:41.32048Z",
            "yes_price": 1,
            "no_price": 99,
            "taker_side": "yes"
        },
        {
            "trade_id": "50e04e6f-2b75-419a-8ac6-3a38ee0399e4",
            "ticker": "KXHIGHDEN-25MAR20-T53",
            "count": 50,
            "created_time": "2025-03-20T17:37:49.726372Z",
            "yes_price": 1,
            "no_price": 99,
            "taker_side": "yes"
        },
        {
            "trade_id": "cb4aeaed-fe90-429c-bd1d-81392b6daa75",
            "ticker": "KXHIGHDEN-25MAR20-T53",
            "count": 5,
            "created_time": "2025-03-20T15:49:41.040149Z",
            "yes_price": 1,
            "no_price": 99,
            "taker_side": "yes"
        },
        {
            "trade_id": "7089dbf5-4487-45f8-8b6a-ca9ed92078c7",
            "ticker": "KXHIGHDEN-25MAR20-T53",
            "count": 100,
            "created_time": "2025-03-20T15:49:17.991817Z",
            "yes_price": 1,
            "no_price": 99,
            "taker_side": "yes"
        },
        {
            "trade_id": "ed696c72-841b-4591-93f5-2132f3d0e1d5",
            "ticker": "KXHIGHDEN-25MAR20-T53",
            "count": 54,
            "created_time": "2025-03-20T15:37:38.626625Z",
            "yes_price": 1,
            "no_price": 99,
            "taker_side": "yes"
        },
        {
            "trade_id": "40507b0c-1577-44ba-a79a-26845588c0e1",
            "ticker": "KXHIGHDEN-25MAR20-T53",
            "count": 100,
            "created_time": "2025-03-20T14:37:00.149283Z",
            "yes_price": 1,
            "no_price": 99,
            "taker_side": "no"
        },
        {
            "trade_id": "0bb8d1c9-9adf-4b92-8f84-1854a3a5e38a",
            "ticker": "KXHIGHDEN-25MAR20-T53",
            "count": 100,
            "created_time": "2025-03-20T14:36:48.375079Z",
            "yes_price": 2,
            "no_price": 98,
            "taker_side": "no"
        },
        {
            "trade_id": "1dab1617-c6f2-47ff-95cd-9fa807e07690",
            "ticker": "KXHIGHDEN-25MAR20-T53",
            "count": 27,
            "created_time": "2025-03-20T14:14:53.806804Z",
            "yes_price": 1,
            "no_price": 99,
            "taker_side": "no"
        },
        {
            "trade_id": "a66afbb3-c255-4970-85fe-02a2b19bd967",
            "ticker": "KXHIGHDEN-25MAR20-T53",
            "count": 100,
            "created_time": "2025-03-20T13:32:26.134109Z",
            "yes_price": 2,
            "no_price": 98,
            "taker_side": "no"
        },
        {
            "trade_id": "2f89895f-ac41-4629-b423-1ceff8928525",
            "ticker": "KXHIGHDEN-25MAR20-T53",
            "count": 73,
            "created_time": "2025-03-20T13:32:26.134109Z",
            "yes_price": 1,
            "no_price": 99,
            "taker_side": "no"
        },
        {
            "trade_id": "1422ba36-f45b-4d3f-9a58-ca3486216f96",
            "ticker": "KXHIGHDEN-25MAR20-T53",
            "count": 100,
            "created_time": "2025-03-20T12:15:27.571084Z",
            "yes_price": 1,
            "no_price": 99,
            "taker_side": "no"
        },
        {
            "trade_id": "c65fb56b-5d5f-43ef-b7c1-3e13efd35c94",
            "ticker": "KXHIGHDEN-25MAR20-T53",
            "count": 100,
            "created_time": "2025-03-20T12:15:18.623436Z",
            "yes_price": 2,
            "no_price": 98,
            "taker_side": "no"
        },
        {
            "trade_id": "ae8a83fa-969f-45c5-a3e6-3326091778ff",
            "ticker": "KXHIGHDEN-25MAR20-T53",
            "count": 146,
            "created_time": "2025-03-20T12:14:04.870425Z",
            "yes_price": 3,
            "no_price": 97,
            "taker_side": "yes"
        },
        {
            "trade_id": "fd8f1670-1421-46b6-80bc-d406e4cab470",
            "ticker": "KXHIGHDEN-25MAR20-T53",
            "count": 45,
            "created_time": "2025-03-20T04:43:34.418015Z",
            "yes_price": 1,
            "no_price": 99,
            "taker_side": "no"
        },
        {
            "trade_id": "d4e35bca-24af-4c47-b2fa-c9a86a65d1cc",
            "ticker": "KXHIGHDEN-25MAR20-T53",
            "count": 45,
            "created_time": "2025-03-20T04:43:34.319025Z",
            "yes_price": 1,
            "no_price": 99,
            "taker_side": "no"
        },
        {
            "trade_id": "eeedc9c5-28f3-4278-bb6a-e911d3cfdfa6",
            "ticker": "KXHIGHDEN-25MAR20-T53",
            "count": 19,
            "created_time": "2025-03-20T04:09:51.378167Z",
            "yes_price": 4,
            "no_price": 96,
            "taker_side": "yes"
        },
        {
            "trade_id": "8f97f86a-125c-4706-99c7-fb1337fa1e30",
            "ticker": "KXHIGHDEN-25MAR20-T53",
            "count": 61,
            "created_time": "2025-03-20T04:06:34.372718Z",
            "yes_price": 4,
            "no_price": 96,
            "taker_side": "yes"
        }
    ],
    "KXHIGHDEN-25MAR20-B53.5": [
        {
            "trade_id": "766c65a1-2f5d-4408-850b-756f38c7a01d",
            "ticker": "KXHIGHDEN-25MAR20-B53.5",
            "count": 81,
            "created_time": "2025-03-20T21:02:30.326718Z",
            "yes_price": 1,
            "no_price": 99,
            "taker_side": "yes"
        },
        {
            "trade_id": "f9a42050-ad3b-4072-a40e-97eabc658b41",
            "ticker": "KXHIGHDEN-25MAR20-B53.5",
            "count": 30,
            "created_time": "2025-03-20T20:42:07.993309Z",
            "yes_price": 1,
            "no_price": 99,
            "taker_side": "no"
        },
        {
            "trade_id": "ccfcedd5-3a25-4215-b9e6-c7e19a97c6dd",
            "ticker": "KXHIGHDEN-25MAR20-B53.5",
            "count": 50,
            "created_time": "2025-03-20T20:42:07.993309Z",
            "yes_price": 1,
            "no_price": 99,
            "taker_side": "no"
        },
        {
            "trade_id": "a780d3f1-0222-4176-b901-74b48c8579e3",
            "ticker": "KXHIGHDEN-25MAR20-B53.5",
            "count": 120,
            "created_time": "2025-03-20T20:42:07.993309Z",
            "yes_price": 1,
            "no_price": 99,
            "taker_side": "no"
        },
        {
            "trade_id": "a423dc15-cdc5-4f18-abff-4bb95e54ac84",
            "ticker": "KXHIGHDEN-25MAR20-B53.5",
            "count": 292,
            "created_time": "2025-03-20T20:42:07.993309Z",
            "yes_price": 2,
            "no_price": 98,
            "taker_side": "no"
        },
        {
            "trade_id": "7bf69a13-ee0c-4748-8594-f98f48010aac",
            "ticker": "KXHIGHDEN-25MAR20-B53.5",
            "count": 40,
            "created_time": "2025-03-20T20:42:07.993309Z",
            "yes_price": 2,
            "no_price": 98,
            "taker_side": "no"
        },
        {
            "trade_id": "7a35178d-4fe5-4996-a7fe-4111ef88117e",
            "ticker": "KXHIGHDEN-25MAR20-B53.5",
            "count": 8,
            "created_time": "2025-03-20T20:41:50.220609Z",
            "yes_price": 2,
            "no_price": 98,
            "taker_side": "no"
        },
        {
            "trade_id": "6bee5636-839e-480c-8fa0-70ab5ced8398",
            "ticker": "KXHIGHDEN-25MAR20-B53.5",
            "count": 10,
            "created_time": "2025-03-20T20:17:14.313304Z",
            "yes_price": 8,
            "no_price": 92,
            "taker_side": "yes"
        },
        {
            "trade_id": "2f06507e-aef8-49de-b79e-6f7d5c8d0766",
            "ticker": "KXHIGHDEN-25MAR20-B53.5",
            "count": 96,
            "created_time": "2025-03-20T20:06:48.355924Z",
            "yes_price": 10,
            "no_price": 90,
            "taker_side": "yes"
        },
        {
            "trade_id": "f5d3762f-241c-4f46-8861-c5f298b8e287",
            "ticker": "KXHIGHDEN-25MAR20-B53.5",
            "count": 26,
            "created_time": "2025-03-20T20:06:07.15545Z",
            "yes_price": 6,
            "no_price": 94,
            "taker_side": "no"
        },
        {
            "trade_id": "bbf31249-dbd9-4fbb-b7e3-34da1a57ce03",
            "ticker": "KXHIGHDEN-25MAR20-B53.5",
            "count": 199,
            "created_time": "2025-03-20T20:03:07.727205Z",
            "yes_price": 7,
            "no_price": 93,
            "taker_side": "no"
        },
        {
            "trade_id": "6e5851c5-dd03-4363-b406-65c25cb71599",
            "ticker": "KXHIGHDEN-25MAR20-B53.5",
            "count": 174,
            "created_time": "2025-03-20T20:03:07.727205Z",
            "yes_price": 6,
            "no_price": 94,
            "taker_side": "no"
        },
        {
            "trade_id": "30055e06-6f00-46e2-b4d2-ab710ee4ea2f",
            "ticker": "KXHIGHDEN-25MAR20-B53.5",
            "count": 40,
            "created_time": "2025-03-20T20:03:07.727205Z",
            "yes_price": 8,
            "no_price": 92,
            "taker_side": "no"
        },
        {
            "trade_id": "d67457ac-480e-44b1-ab04-c61b619dacf7",
            "ticker": "KXHIGHDEN-25MAR20-B53.5",
            "count": 50,
            "created_time": "2025-03-20T20:02:42.957515Z",
            "yes_price": 10,
            "no_price": 90,
            "taker_side": "no"
        },
        {
            "trade_id": "3fa1258b-3c7c-4a77-90f3-91c667b322f1",
            "ticker": "KXHIGHDEN-25MAR20-B53.5",
            "count": 50,
            "created_time": "2025-03-20T20:02:41.997791Z",
            "yes_price": 10,
            "no_price": 90,
            "taker_side": "no"
        },
        {
            "trade_id": "d6b83e1b-4e03-4666-a1d3-654382faf927",
            "ticker": "KXHIGHDEN-25MAR20-B53.5",
            "count": 50,
            "created_time": "2025-03-20T20:00:11.41423Z",
            "yes_price": 10,
            "no_price": 90,
            "taker_side": "no"
        },
        {
            "trade_id": "47cd4f5f-e11e-4245-afbf-be600dcf4ed2",
            "ticker": "KXHIGHDEN-25MAR20-B53.5",
            "count": 50,
            "created_time": "2025-03-20T19:56:34.314112Z",
            "yes_price": 10,
            "no_price": 90,
            "taker_side": "no"
        },
        {
            "trade_id": "ee1762b5-32d2-4688-83fc-2b35fd8268bd",
            "ticker": "KXHIGHDEN-25MAR20-B53.5",
            "count": 50,
            "created_time": "2025-03-20T19:56:04.254746Z",
            "yes_price": 20,
            "no_price": 80,
            "taker_side": "yes"
        },
        {
            "trade_id": "ea2a8e41-d176-4f0b-85d1-8bc0ecb884bb",
            "ticker": "KXHIGHDEN-25MAR20-B53.5",
            "count": 103,
            "created_time": "2025-03-20T19:54:22.412956Z",
            "yes_price": 11,
            "no_price": 89,
            "taker_side": "no"
        },
        {
            "trade_id": "a1820f29-49fa-4a99-83aa-d47b872f69f7",
            "ticker": "KXHIGHDEN-25MAR20-B53.5",
            "count": 30,
            "created_time": "2025-03-20T19:44:24.491136Z",
            "yes_price": 9,
            "no_price": 91,
            "taker_side": "no"
        },
        {
            "trade_id": "9e6b05ac-6dc3-4662-9619-23b64395b52f",
            "ticker": "KXHIGHDEN-25MAR20-B53.5",
            "count": 5,
            "created_time": "2025-03-20T19:33:01.853672Z",
            "yes_price": 31,
            "no_price": 69,
            "taker_side": "yes"
        },
        {
            "trade_id": "1c4954f9-e675-4952-903d-cd676ebf607b",
            "ticker": "KXHIGHDEN-25MAR20-B53.5",
            "count": 393,
            "created_time": "2025-03-20T19:32:01.25321Z",
            "yes_price": 25,
            "no_price": 75,
            "taker_side": "no"
        },
        {
            "trade_id": "acbafd20-a7b0-4d3b-9121-8a222bde0e31",
            "ticker": "KXHIGHDEN-25MAR20-B53.5",
            "count": 5,
            "created_time": "2025-03-20T19:25:49.654129Z",
            "yes_price": 24,
            "no_price": 76,
            "taker_side": "no"
        },
        {
            "trade_id": "c7ed840f-206e-49d0-b3dd-d22118d39fde",
            "ticker": "KXHIGHDEN-25MAR20-B53.5",
            "count": 50,
            "created_time": "2025-03-20T19:25:07.906534Z",
            "yes_price": 11,
            "no_price": 89,
            "taker_side": "no"
        },
        {
            "trade_id": "8e850291-d84c-4e0c-8535-8989efc7df7a",
            "ticker": "KXHIGHDEN-25MAR20-B53.5",
            "count": 94,
            "created_time": "2025-03-20T19:24:19.46834Z",
            "yes_price": 11,
            "no_price": 89,
            "taker_side": "yes"
        },
        {
            "trade_id": "540723fa-ce63-492d-a7c7-14cc22b3edb0",
            "ticker": "KXHIGHDEN-25MAR20-B53.5",
            "count": 199,
            "created_time": "2025-03-20T19:24:19.46834Z",
            "yes_price": 14,
            "no_price": 86,
            "taker_side": "yes"
        },
        {
            "trade_id": "4114fdd9-638f-4ad8-9b7b-715c688bb12b",
            "ticker": "KXHIGHDEN-25MAR20-B53.5",
            "count": 100,
            "created_time": "2025-03-20T19:24:19.46834Z",
            "yes_price": 12,
            "no_price": 88,
            "taker_side": "yes"
        },
        {
            "trade_id": "60e38053-862d-41b3-82e5-2d1fdbcc3202",
            "ticker": "KXHIGHDEN-25MAR20-B53.5",
            "count": 6,
            "created_time": "2025-03-20T19:24:03.743262Z",
            "yes_price": 12,
            "no_price": 88,
            "taker_side": "no"
        },
        {
            "trade_id": "9376f356-6892-4d33-8931-2a68059f9489",
            "ticker": "KXHIGHDEN-25MAR20-B53.5",
            "count": 100,
            "created_time": "2025-03-20T19:23:55.643809Z",
            "yes_price": 11,
            "no_price": 89,
            "taker_side": "no"
        },
        {
            "trade_id": "f94163c5-db6a-4187-acae-b652efa70f7f",
            "ticker": "KXHIGHDEN-25MAR20-B53.5",
            "count": 11,
            "created_time": "2025-03-20T19:23:11.395546Z",
            "yes_price": 13,
            "no_price": 87,
            "taker_side": "yes"
        },
        {
            "trade_id": "ecb6dd97-f768-485a-b86a-f2f050bca80e",
            "ticker": "KXHIGHDEN-25MAR20-B53.5",
            "count": 6,
            "created_time": "2025-03-20T19:23:11.395546Z",
            "yes_price": 13,
            "no_price": 87,
            "taker_side": "yes"
        },
        {
            "trade_id": "a98d9dca-824a-45f5-816c-fb84dc52d68d",
            "ticker": "KXHIGHDEN-25MAR20-B53.5",
            "count": 14,
            "created_time": "2025-03-20T19:23:11.395546Z",
            "yes_price": 18,
            "no_price": 82,
            "taker_side": "yes"
        },
        {
            "trade_id": "a35d27fd-c925-4af4-ae83-5e962370659d",
            "ticker": "KXHIGHDEN-25MAR20-B53.5",
            "count": 60,
            "created_time": "2025-03-20T19:23:11.395546Z",
            "yes_price": 14,
            "no_price": 86,
            "taker_side": "yes"
        },
        {
            "trade_id": "a11a1c51-aaae-4b4e-a883-4d358774ef3d",
            "ticker": "KXHIGHDEN-25MAR20-B53.5",
            "count": 9,
            "created_time": "2025-03-20T19:23:11.395546Z",
            "yes_price": 13,
            "no_price": 87,
            "taker_side": "yes"
        },
        {
            "trade_id": "e019d29b-83d4-4342-a90a-41cac4dcca24",
            "ticker": "KXHIGHDEN-25MAR20-B53.5",
            "count": 20,
            "created_time": "2025-03-20T19:22:30.410292Z",
            "yes_price": 8,
            "no_price": 92,
            "taker_side": "yes"
        },
        {
            "trade_id": "eb164ddb-c12d-4af8-8927-68daecccdb70",
            "ticker": "KXHIGHDEN-25MAR20-B53.5",
            "count": 40,
            "created_time": "2025-03-20T19:22:04.826015Z",
            "yes_price": 8,
            "no_price": 92,
            "taker_side": "no"
        },
        {
            "trade_id": "7d5b23c0-82e8-495e-a34b-80bb08750603",
            "ticker": "KXHIGHDEN-25MAR20-B53.5",
            "count": 40,
            "created_time": "2025-03-20T19:22:04.826015Z",
            "yes_price": 8,
            "no_price": 92,
            "taker_side": "no"
        },
        {
            "trade_id": "d75e74b9-4150-4466-8caf-c90a276b8a40",
            "ticker": "KXHIGHDEN-25MAR20-B53.5",
            "count": 40,
            "created_time": "2025-03-20T19:21:59.498356Z",
            "yes_price": 14,
            "no_price": 86,
            "taker_side": "no"
        },
        {
            "trade_id": "64339589-814a-4f21-a2cc-c9d307092556",
            "ticker": "KXHIGHDEN-25MAR20-B53.5",
            "count": 40,
            "created_time": "2025-03-20T19:21:54.219827Z",
            "yes_price": 22,
            "no_price": 78,
            "taker_side": "no"
        },
        {
            "trade_id": "1c818e53-1095-4e21-bbb1-169b8f51a2e1",
            "ticker": "KXHIGHDEN-25MAR20-B53.5",
            "count": 35,
            "created_time": "2025-03-20T19:21:48.413043Z",
            "yes_price": 34,
            "no_price": 66,
            "taker_side": "no"
        },
        {
            "trade_id": "f3042e9a-1af5-4a8a-9012-220b5afa77af",
            "ticker": "KXHIGHDEN-25MAR20-B53.5",
            "count": 19,
            "created_time": "2025-03-20T19:21:39.789055Z",
            "yes_price": 35,
            "no_price": 65,
            "taker_side": "no"
        },
        {
            "trade_id": "cbed8c2f-bca1-4846-ac5a-12300472a092",
            "ticker": "KXHIGHDEN-25MAR20-B53.5",
            "count": 35,
            "created_time": "2025-03-20T19:21:39.789055Z",
            "yes_price": 36,
            "no_price": 64,
            "taker_side": "no"
        },
        {
            "trade_id": "c1df7f88-828f-4928-8013-833aac09ea70",
            "ticker": "KXHIGHDEN-25MAR20-B53.5",
            "count": 11,
            "created_time": "2025-03-20T19:21:39.789055Z",
            "yes_price": 37,
            "no_price": 63,
            "taker_side": "no"
        },
        {
            "trade_id": "ad222805-874b-4807-8881-5861b1193ba4",
            "ticker": "KXHIGHDEN-25MAR20-B53.5",
            "count": 5,
            "created_time": "2025-03-20T19:21:39.789055Z",
            "yes_price": 34,
            "no_price": 66,
            "taker_side": "no"
        },
        {
            "trade_id": "9e18173a-175b-4c9e-ae7f-d898f4624fea",
            "ticker": "KXHIGHDEN-25MAR20-B53.5",
            "count": 11,
            "created_time": "2025-03-20T19:21:39.789055Z",
            "yes_price": 35,
            "no_price": 65,
            "taker_side": "no"
        },
        {
            "trade_id": "b9a38476-1286-425f-b461-fd4bd5dde150",
            "ticker": "KXHIGHDEN-25MAR20-B53.5",
            "count": 20,
            "created_time": "2025-03-20T19:20:36.164142Z",
            "yes_price": 37,
            "no_price": 63,
            "taker_side": "no"
        },
        {
            "trade_id": "be001b7f-51c2-4385-b693-58a97393e52e",
            "ticker": "KXHIGHDEN-25MAR20-B53.5",
            "count": 11,
            "created_time": "2025-03-20T19:18:13.267659Z",
            "yes_price": 68,
            "no_price": 32,
            "taker_side": "yes"
        },
        {
            "trade_id": "60b6877a-04c6-47ea-80e1-c7c4770a54b1",
            "ticker": "KXHIGHDEN-25MAR20-B53.5",
            "count": 19,
            "created_time": "2025-03-20T19:18:13.267659Z",
            "yes_price": 67,
            "no_price": 33,
            "taker_side": "yes"
        },
        {
            "trade_id": "3e81eea2-7916-42bd-af9e-9ccc066620eb",
            "ticker": "KXHIGHDEN-25MAR20-B53.5",
            "count": 9,
            "created_time": "2025-03-20T19:15:09.824816Z",
            "yes_price": 76,
            "no_price": 24,
            "taker_side": "no"
        },
        {
            "trade_id": "e2bde366-a01f-4fd7-8b89-e73950c87cf4",
            "ticker": "KXHIGHDEN-25MAR20-B53.5",
            "count": 7,
            "created_time": "2025-03-20T19:13:37.784047Z",
            "yes_price": 85,
            "no_price": 15,
            "taker_side": "no"
        },
        {
            "trade_id": "6a6e235b-c2a2-41e3-8454-01e47d272e1f",
            "ticker": "KXHIGHDEN-25MAR20-B53.5",
            "count": 27,
            "created_time": "2025-03-20T19:13:37.784047Z",
            "yes_price": 85,
            "no_price": 15,
            "taker_side": "no"
        },
        {
            "trade_id": "a29ce459-b0f9-4fae-97f2-92d784b3cfbf",
            "ticker": "KXHIGHDEN-25MAR20-B53.5",
            "count": 27,
            "created_time": "2025-03-20T19:13:15.154226Z",
            "yes_price": 85,
            "no_price": 15,
            "taker_side": "no"
        },
        {
            "trade_id": "19e0713d-2610-4a13-80e2-dd8c02e197d9",
            "ticker": "KXHIGHDEN-25MAR20-B53.5",
            "count": 6,
            "created_time": "2025-03-20T19:12:56.852415Z",
            "yes_price": 85,
            "no_price": 15,
            "taker_side": "no"
        },
        {
            "trade_id": "e9e2b179-01b7-4ca8-b664-37faa2202e32",
            "ticker": "KXHIGHDEN-25MAR20-B53.5",
            "count": 3,
            "created_time": "2025-03-20T19:12:56.001634Z",
            "yes_price": 85,
            "no_price": 15,
            "taker_side": "no"
        },
        {
            "trade_id": "66166f8f-e216-4156-91fd-0259ec980d90",
            "ticker": "KXHIGHDEN-25MAR20-B53.5",
            "count": 27,
            "created_time": "2025-03-20T19:12:55.155869Z",
            "yes_price": 85,
            "no_price": 15,
            "taker_side": "no"
        },
        {
            "trade_id": "2e384671-b245-44d9-ad96-bff89523fb59",
            "ticker": "KXHIGHDEN-25MAR20-B53.5",
            "count": 10,
            "created_time": "2025-03-20T19:12:55.083754Z",
            "yes_price": 85,
            "no_price": 15,
            "taker_side": "yes"
        },
        {
            "trade_id": "8a797e7b-4f71-431a-9e41-16ffeba91b36",
            "ticker": "KXHIGHDEN-25MAR20-B53.5",
            "count": 10,
            "created_time": "2025-03-20T19:12:41.40773Z",
            "yes_price": 76,
            "no_price": 24,
            "taker_side": "no"
        },
        {
            "trade_id": "c0b0c734-9801-4807-ba23-6f0d201da2fd",
            "ticker": "KXHIGHDEN-25MAR20-B53.5",
            "count": 5,
            "created_time": "2025-03-20T19:12:24.027629Z",
            "yes_price": 75,
            "no_price": 25,
            "taker_side": "yes"
        },
        {
            "trade_id": "cfaf91ae-7760-4b4a-b10c-eccde46b3e35",
            "ticker": "KXHIGHDEN-25MAR20-B53.5",
            "count": 13,
            "created_time": "2025-03-20T19:12:22.944439Z",
            "yes_price": 73,
            "no_price": 27,
            "taker_side": "no"
        },
        {
            "trade_id": "cba70831-e32d-402a-b0ae-08abb73f4cc4",
            "ticker": "KXHIGHDEN-25MAR20-B53.5",
            "count": 87,
            "created_time": "2025-03-20T19:12:22.944439Z",
            "yes_price": 73,
            "no_price": 27,
            "taker_side": "no"
        },
        {
            "trade_id": "4d03b345-75f5-46d9-88e5-064ebee359f3",
            "ticker": "KXHIGHDEN-25MAR20-B53.5",
            "count": 13,
            "created_time": "2025-03-20T19:12:16.555223Z",
            "yes_price": 73,
            "no_price": 27,
            "taker_side": "no"
        },
        {
            "trade_id": "3353d6dc-73b0-40dd-80e2-083a6bf15d73",
            "ticker": "KXHIGHDEN-25MAR20-B53.5",
            "count": 9,
            "created_time": "2025-03-20T19:12:11.963186Z",
            "yes_price": 69,
            "no_price": 31,
            "taker_side": "no"
        },
        {
            "trade_id": "9f66049f-61bf-42e2-823a-7e1dd8d7b96c",
            "ticker": "KXHIGHDEN-25MAR20-B53.5",
            "count": 33,
            "created_time": "2025-03-20T19:12:09.167203Z",
            "yes_price": 68,
            "no_price": 32,
            "taker_side": "yes"
        },
        {
            "trade_id": "8157559d-2d14-4f48-b0f3-c87f04f4a71b",
            "ticker": "KXHIGHDEN-25MAR20-B53.5",
            "count": 34,
            "created_time": "2025-03-20T19:12:02.848947Z",
            "yes_price": 67,
            "no_price": 33,
            "taker_side": "yes"
        },
        {
            "trade_id": "329d4de0-d823-45d5-b579-fe2b12968ab4",
            "ticker": "KXHIGHDEN-25MAR20-B53.5",
            "count": 6,
            "created_time": "2025-03-20T19:11:54.932485Z",
            "yes_price": 67,
            "no_price": 33,
            "taker_side": "yes"
        },
        {
            "trade_id": "032a117e-7fc7-4aaa-8d6a-6da11f63ba64",
            "ticker": "KXHIGHDEN-25MAR20-B53.5",
            "count": 9,
            "created_time": "2025-03-20T19:11:54.932485Z",
            "yes_price": 67,
            "no_price": 33,
            "taker_side": "yes"
        },
        {
            "trade_id": "a99b45c6-94d0-4ad9-be3e-740bd9492095",
            "ticker": "KXHIGHDEN-25MAR20-B53.5",
            "count": 30,
            "created_time": "2025-03-20T19:11:53.498585Z",
            "yes_price": 59,
            "no_price": 41,
            "taker_side": "yes"
        },
        {
            "trade_id": "5342c61c-4b70-4895-9a7d-afc619731bca",
            "ticker": "KXHIGHDEN-25MAR20-B53.5",
            "count": 4,
            "created_time": "2025-03-20T19:11:53.498585Z",
            "yes_price": 59,
            "no_price": 41,
            "taker_side": "yes"
        },
        {
            "trade_id": "9d59d561-4d33-4a96-83c2-f1502d680005",
            "ticker": "KXHIGHDEN-25MAR20-B53.5",
            "count": 16,
            "created_time": "2025-03-20T19:11:41.87266Z",
            "yes_price": 59,
            "no_price": 41,
            "taker_side": "yes"
        },
        {
            "trade_id": "071c2de8-4e86-4887-b099-ac28b772138f",
            "ticker": "KXHIGHDEN-25MAR20-B53.5",
            "count": 16,
            "created_time": "2025-03-20T19:11:14.022011Z",
            "yes_price": 49,
            "no_price": 51,
            "taker_side": "yes"
        },
        {
            "trade_id": "6ec20607-a644-4ea6-ba68-353cc0bcc201",
            "ticker": "KXHIGHDEN-25MAR20-B53.5",
            "count": 15,
            "created_time": "2025-03-20T19:05:45.230739Z",
            "yes_price": 45,
            "no_price": 55,
            "taker_side": "yes"
        },
        {
            "trade_id": "4055576e-0303-4eb7-82fe-bd22de945613",
            "ticker": "KXHIGHDEN-25MAR20-B53.5",
            "count": 17,
            "created_time": "2025-03-20T19:02:37.106965Z",
            "yes_price": 57,
            "no_price": 43,
            "taker_side": "yes"
        },
        {
            "trade_id": "9a4a05bf-aff1-4c70-8ff9-8388768e1ab8",
            "ticker": "KXHIGHDEN-25MAR20-B53.5",
            "count": 22,
            "created_time": "2025-03-20T19:00:23.694942Z",
            "yes_price": 39,
            "no_price": 61,
            "taker_side": "yes"
        },
        {
            "trade_id": "9cf13ef7-2223-485e-bf28-0b364100563f",
            "ticker": "KXHIGHDEN-25MAR20-B53.5",
            "count": 15,
            "created_time": "2025-03-20T19:00:09.654024Z",
            "yes_price": 36,
            "no_price": 64,
            "taker_side": "no"
        },
        {
            "trade_id": "bc1b2e6e-0056-4e08-a9a6-a0960e97f762",
            "ticker": "KXHIGHDEN-25MAR20-B53.5",
            "count": 199,
            "created_time": "2025-03-20T18:58:30.102117Z",
            "yes_price": 50,
            "no_price": 50,
            "taker_side": "yes"
        },
        {
            "trade_id": "79bdf6f7-8dc8-4454-a346-a921879caefd",
            "ticker": "KXHIGHDEN-25MAR20-B53.5",
            "count": 30,
            "created_time": "2025-03-20T18:58:30.102117Z",
            "yes_price": 49,
            "no_price": 51,
            "taker_side": "yes"
        },
        {
            "trade_id": "54765044-ddc4-4f1f-888b-57f34604f839",
            "ticker": "KXHIGHDEN-25MAR20-B53.5",
            "count": 77,
            "created_time": "2025-03-20T18:58:30.102117Z",
            "yes_price": 50,
            "no_price": 50,
            "taker_side": "yes"
        },
        {
            "trade_id": "df813dcc-5a3a-4129-b2d8-39bbdee203ff",
            "ticker": "KXHIGHDEN-25MAR20-B53.5",
            "count": 40,
            "created_time": "2025-03-20T18:56:56.201483Z",
            "yes_price": 49,
            "no_price": 51,
            "taker_side": "yes"
        },
        {
            "trade_id": "9e57e4ec-9956-4225-b779-c4fcb5862593",
            "ticker": "KXHIGHDEN-25MAR20-B53.5",
            "count": 20,
            "created_time": "2025-03-20T18:56:56.201483Z",
            "yes_price": 48,
            "no_price": 52,
            "taker_side": "yes"
        },
        {
            "trade_id": "5b7bbfec-f887-4d85-bec3-c2ec82a7a34a",
            "ticker": "KXHIGHDEN-25MAR20-B53.5",
            "count": 26,
            "created_time": "2025-03-20T18:56:37.092926Z",
            "yes_price": 34,
            "no_price": 66,
            "taker_side": "yes"
        },
        {
            "trade_id": "43052ad2-04d6-4f91-b3eb-0f9b59556db8",
            "ticker": "KXHIGHDEN-25MAR20-B53.5",
            "count": 22,
            "created_time": "2025-03-20T18:56:37.092926Z",
            "yes_price": 33,
            "no_price": 67,
            "taker_side": "yes"
        },
        {
            "trade_id": "c7ae2802-5b14-42a6-ad21-c650c515aca9",
            "ticker": "KXHIGHDEN-25MAR20-B53.5",
            "count": 9,
            "created_time": "2025-03-20T18:55:48.583435Z",
            "yes_price": 24,
            "no_price": 76,
            "taker_side": "yes"
        },
        {
            "trade_id": "c1c43580-3880-4590-9432-71c881dc7cf7",
            "ticker": "KXHIGHDEN-25MAR20-B53.5",
            "count": 9,
            "created_time": "2025-03-20T18:50:23.164371Z",
            "yes_price": 22,
            "no_price": 78,
            "taker_side": "no"
        },
        {
            "trade_id": "7f58a2dd-6418-4ae2-a4a2-c537c8e0ae1c",
            "ticker": "KXHIGHDEN-25MAR20-B53.5",
            "count": 8,
            "created_time": "2025-03-20T18:45:24.163206Z",
            "yes_price": 19,
            "no_price": 81,
            "taker_side": "yes"
        },
        {
            "trade_id": "ddaef3e6-e76f-42cd-8aa9-e54f7d26ac39",
            "ticker": "KXHIGHDEN-25MAR20-B53.5",
            "count": 21,
            "created_time": "2025-03-20T18:42:19.868611Z",
            "yes_price": 22,
            "no_price": 78,
            "taker_side": "yes"
        },
        {
            "trade_id": "9359568d-b493-4fca-8e88-963aacf1bd9d",
            "ticker": "KXHIGHDEN-25MAR20-B53.5",
            "count": 10,
            "created_time": "2025-03-20T18:42:19.868611Z",
            "yes_price": 21,
            "no_price": 79,
            "taker_side": "yes"
        },
        {
            "trade_id": "7e823b64-eb88-4aa9-af75-628edd2d3760",
            "ticker": "KXHIGHDEN-25MAR20-B53.5",
            "count": 10,
            "created_time": "2025-03-20T18:40:18.76862Z",
            "yes_price": 14,
            "no_price": 86,
            "taker_side": "no"
        },
        {
            "trade_id": "44ad06f7-e3bf-40b7-ac7e-7c1a9350ce72",
            "ticker": "KXHIGHDEN-25MAR20-B53.5",
            "count": 150,
            "created_time": "2025-03-20T18:40:00.762822Z",
            "yes_price": 20,
            "no_price": 80,
            "taker_side": "yes"
        },
        {
            "trade_id": "f4f7c4de-5d38-4d50-ae69-7887f36660ed",
            "ticker": "KXHIGHDEN-25MAR20-B53.5",
            "count": 50,
            "created_time": "2025-03-20T18:38:33.753177Z",
            "yes_price": 20,
            "no_price": 80,
            "taker_side": "yes"
        },
        {
            "trade_id": "87e210df-fbb7-4528-beea-0fee2d8156e4",
            "ticker": "KXHIGHDEN-25MAR20-B53.5",
            "count": 14,
            "created_time": "2025-03-20T18:37:28.032754Z",
            "yes_price": 24,
            "no_price": 76,
            "taker_side": "yes"
        },
        {
            "trade_id": "0f227b72-61da-41fb-85bc-9c81d0b63a74",
            "ticker": "KXHIGHDEN-25MAR20-B53.5",
            "count": 100,
            "created_time": "2025-03-20T18:36:25.418928Z",
            "yes_price": 13,
            "no_price": 87,
            "taker_side": "no"
        },
        {
            "trade_id": "8f2eb6de-3a9f-43ea-86a4-c5db1516dc43",
            "ticker": "KXHIGHDEN-25MAR20-B53.5",
            "count": 21,
            "created_time": "2025-03-20T18:36:04.02894Z",
            "yes_price": 20,
            "no_price": 80,
            "taker_side": "yes"
        },
        {
            "trade_id": "ba611972-a115-4ead-9d35-1c95999793af",
            "ticker": "KXHIGHDEN-25MAR20-B53.5",
            "count": 8,
            "created_time": "2025-03-20T18:35:30.134027Z",
            "yes_price": 10,
            "no_price": 90,
            "taker_side": "no"
        },
        {
            "trade_id": "96664195-b2ac-4534-86ec-e3fa31914e1d",
            "ticker": "KXHIGHDEN-25MAR20-B53.5",
            "count": 100,
            "created_time": "2025-03-20T18:34:34.986491Z",
            "yes_price": 9,
            "no_price": 91,
            "taker_side": "no"
        },
        {
            "trade_id": "75661141-4592-4da2-b68b-271c834f3e9f",
            "ticker": "KXHIGHDEN-25MAR20-B53.5",
            "count": 21,
            "created_time": "2025-03-20T18:34:00.448768Z",
            "yes_price": 20,
            "no_price": 80,
            "taker_side": "yes"
        },
        {
            "trade_id": "fb2733c4-9237-47dc-aeec-5d8e96c8656f",
            "ticker": "KXHIGHDEN-25MAR20-B53.5",
            "count": 8,
            "created_time": "2025-03-20T18:30:46.81447Z",
            "yes_price": 10,
            "no_price": 90,
            "taker_side": "yes"
        },
        {
            "trade_id": "5b9455b6-4b92-45ec-bbda-a90f8b0ba6aa",
            "ticker": "KXHIGHDEN-25MAR20-B53.5",
            "count": 42,
            "created_time": "2025-03-20T18:28:51.063495Z",
            "yes_price": 11,
            "no_price": 89,
            "taker_side": "yes"
        },
        {
            "trade_id": "38228548-0edc-46c6-a6c0-315f3ac86234",
            "ticker": "KXHIGHDEN-25MAR20-B53.5",
            "count": 8,
            "created_time": "2025-03-20T18:28:51.063495Z",
            "yes_price": 10,
            "no_price": 90,
            "taker_side": "yes"
        },
        {
            "trade_id": "e5158b4e-f9d0-4ae4-9d74-96f5340f9ced",
            "ticker": "KXHIGHDEN-25MAR20-B53.5",
            "count": 100,
            "created_time": "2025-03-20T18:14:54.08811Z",
            "yes_price": 3,
            "no_price": 97,
            "taker_side": "no"
        },
        {
            "trade_id": "c713fda1-b7fa-40ac-ae43-25a7c0f9e3fa",
            "ticker": "KXHIGHDEN-25MAR20-B53.5",
            "count": 60,
            "created_time": "2025-03-20T18:03:02.393383Z",
            "yes_price": 3,
            "no_price": 97,
            "taker_side": "yes"
        },
        {
            "trade_id": "5f7cb093-1e2c-4bd9-844d-ba4444b7ff1e",
            "ticker": "KXHIGHDEN-25MAR20-B53.5",
            "count": 20,
            "created_time": "2025-03-20T18:02:50.752691Z",
            "yes_price": 3,
            "no_price": 97,
            "taker_side": "no"
        },
        {
            "trade_id": "54fb5c91-afc9-43fc-8135-69a0cf45d94b",
            "ticker": "KXHIGHDEN-25MAR20-B53.5",
            "count": 20,
            "created_time": "2025-03-20T18:02:50.752691Z",
            "yes_price": 3,
            "no_price": 97,
            "taker_side": "no"
        },
        {
            "trade_id": "dde0ac59-bcc0-485b-9e00-5a0e6f23ba9c",
            "ticker": "KXHIGHDEN-25MAR20-B53.5",
            "count": 8,
            "created_time": "2025-03-20T17:38:11.021475Z",
            "yes_price": 8,
            "no_price": 92,
            "taker_side": "yes"
        },
        {
            "trade_id": "a6ce29bf-6976-47b1-8116-accc17309ade",
            "ticker": "KXHIGHDEN-25MAR20-B53.5",
            "count": 7,
            "created_time": "2025-03-20T17:12:30.254072Z",
            "yes_price": 1,
            "no_price": 99,
            "taker_side": "no"
        },
        {
            "trade_id": "db62b819-4c81-4964-8f26-94ae0d39f740",
            "ticker": "KXHIGHDEN-25MAR20-B53.5",
            "count": 20,
            "created_time": "2025-03-20T17:04:57.195603Z",
            "yes_price": 1,
            "no_price": 99,
            "taker_side": "no"
        },
        {
            "trade_id": "ef4b6560-0b28-4eea-8d5e-a4c31b44bd9f",
            "ticker": "KXHIGHDEN-25MAR20-B53.5",
            "count": 2,
            "created_time": "2025-03-20T17:03:31.40007Z",
            "yes_price": 1,
            "no_price": 99,
            "taker_side": "no"
        },
        {
            "trade_id": "834f9bd3-be48-4a8c-ac7d-09ca74703684",
            "ticker": "KXHIGHDEN-25MAR20-B53.5",
            "count": 22,
            "created_time": "2025-03-20T16:33:08.023737Z",
            "yes_price": 1,
            "no_price": 99,
            "taker_side": "no"
        },
        {
            "trade_id": "e6831d2e-3421-4cc5-98b3-b9c48a901b84",
            "ticker": "KXHIGHDEN-25MAR20-B53.5",
            "count": 13,
            "created_time": "2025-03-20T16:16:30.449122Z",
            "yes_price": 3,
            "no_price": 97,
            "taker_side": "yes"
        },
        {
            "trade_id": "66e7af05-462d-4c56-8414-7e0b7c3b25cc",
            "ticker": "KXHIGHDEN-25MAR20-B53.5",
            "count": 75,
            "created_time": "2025-03-20T16:16:30.449122Z",
            "yes_price": 5,
            "no_price": 95,
            "taker_side": "yes"
        },
        {
            "trade_id": "4e5d9c17-5f35-431b-98e7-2a751d736fc9",
            "ticker": "KXHIGHDEN-25MAR20-B53.5",
            "count": 4,
            "created_time": "2025-03-20T15:38:45.44973Z",
            "yes_price": 1,
            "no_price": 99,
            "taker_side": "no"
        },
        {
            "trade_id": "f7e82406-41b0-48b6-81c7-5741f5d4bd3d",
            "ticker": "KXHIGHDEN-25MAR20-B53.5",
            "count": 4,
            "created_time": "2025-03-20T15:36:05.691999Z",
            "yes_price": 1,
            "no_price": 99,
            "taker_side": "no"
        },
        {
            "trade_id": "21a8eb72-b87f-48b3-beed-3ad02049c77f",
            "ticker": "KXHIGHDEN-25MAR20-B53.5",
            "count": 22,
            "created_time": "2025-03-20T15:32:30.229478Z",
            "yes_price": 1,
            "no_price": 99,
            "taker_side": "no"
        },
        {
            "trade_id": "0f24a21a-892c-4d37-a48d-f89257783ccc",
            "ticker": "KXHIGHDEN-25MAR20-B53.5",
            "count": 13,
            "created_time": "2025-03-20T15:32:22.775841Z",
            "yes_price": 1,
            "no_price": 99,
            "taker_side": "no"
        },
        {
            "trade_id": "9c144c41-7c78-41a4-ac89-301edeaafbd7",
            "ticker": "KXHIGHDEN-25MAR20-B53.5",
            "count": 100,
            "created_time": "2025-03-20T15:00:44.876074Z",
            "yes_price": 2,
            "no_price": 98,
            "taker_side": "no"
        },
        {
            "trade_id": "114557fd-ab76-4747-bff5-8c252250935b",
            "ticker": "KXHIGHDEN-25MAR20-B53.5",
            "count": 100,
            "created_time": "2025-03-20T14:17:02.741843Z",
            "yes_price": 2,
            "no_price": 98,
            "taker_side": "no"
        },
        {
            "trade_id": "a9bfc7b9-9e85-4136-b100-34f90a897dc3",
            "ticker": "KXHIGHDEN-25MAR20-B53.5",
            "count": 100,
            "created_time": "2025-03-20T14:16:55.358685Z",
            "yes_price": 2,
            "no_price": 98,
            "taker_side": "no"
        },
        {
            "trade_id": "8108535c-2b26-42f8-b8ab-3855add53a78",
            "ticker": "KXHIGHDEN-25MAR20-B53.5",
            "count": 16,
            "created_time": "2025-03-20T13:37:18.971748Z",
            "yes_price": 3,
            "no_price": 97,
            "taker_side": "no"
        },
        {
            "trade_id": "0cabb4ff-cb2f-43f6-89a7-c06f80af0adf",
            "ticker": "KXHIGHDEN-25MAR20-B53.5",
            "count": 42,
            "created_time": "2025-03-20T13:28:31.862726Z",
            "yes_price": 3,
            "no_price": 97,
            "taker_side": "no"
        },
        {
            "trade_id": "3405e60a-2655-42fe-bbcc-b3f9786cea79",
            "ticker": "KXHIGHDEN-25MAR20-B53.5",
            "count": 42,
            "created_time": "2025-03-20T13:28:03.514702Z",
            "yes_price": 3,
            "no_price": 97,
            "taker_side": "yes"
        },
        {
            "trade_id": "912b09ec-4dfa-47f0-a553-d0da130b8634",
            "ticker": "KXHIGHDEN-25MAR20-B53.5",
            "count": 27,
            "created_time": "2025-03-20T13:16:36.493018Z",
            "yes_price": 3,
            "no_price": 97,
            "taker_side": "no"
        },
        {
            "trade_id": "8c234797-2055-4b36-933e-2d0c419efb1e",
            "ticker": "KXHIGHDEN-25MAR20-B53.5",
            "count": 73,
            "created_time": "2025-03-20T13:13:12.482495Z",
            "yes_price": 3,
            "no_price": 97,
            "taker_side": "no"
        },
        {
            "trade_id": "e5eeae55-f914-41a6-a26b-6b884e208056",
            "ticker": "KXHIGHDEN-25MAR20-B53.5",
            "count": 54,
            "created_time": "2025-03-20T12:28:44.132739Z",
            "yes_price": 4,
            "no_price": 96,
            "taker_side": "no"
        },
        {
            "trade_id": "d8aa39c6-b9ca-4e99-b729-0e9bc2edd50e",
            "ticker": "KXHIGHDEN-25MAR20-B53.5",
            "count": 35,
            "created_time": "2025-03-20T12:13:00.343977Z",
            "yes_price": 4,
            "no_price": 96,
            "taker_side": "no"
        },
        {
            "trade_id": "76923d18-d335-4a7d-8d67-4ed27177b9f3",
            "ticker": "KXHIGHDEN-25MAR20-B53.5",
            "count": 3,
            "created_time": "2025-03-20T12:12:30.781628Z",
            "yes_price": 4,
            "no_price": 96,
            "taker_side": "yes"
        },
        {
            "trade_id": "054af869-9d1e-4021-b10b-956a85121bd0",
            "ticker": "KXHIGHDEN-25MAR20-B53.5",
            "count": 108,
            "created_time": "2025-03-20T12:12:30.781628Z",
            "yes_price": 4,
            "no_price": 96,
            "taker_side": "yes"
        },
        {
            "trade_id": "2a13d782-5e3d-4f8d-9c67-1275cebc8c9c",
            "ticker": "KXHIGHDEN-25MAR20-B53.5",
            "count": 23,
            "created_time": "2025-03-20T06:58:25.962289Z",
            "yes_price": 4,
            "no_price": 96,
            "taker_side": "no"
        },
        {
            "trade_id": "0719f0a4-82ca-496b-99fd-d66b70acb48a",
            "ticker": "KXHIGHDEN-25MAR20-B53.5",
            "count": 7,
            "created_time": "2025-03-20T06:58:25.962289Z",
            "yes_price": 2,
            "no_price": 98,
            "taker_side": "no"
        },
        {
            "trade_id": "c52177ac-d4f9-4763-8463-949c56358f0b",
            "ticker": "KXHIGHDEN-25MAR20-B53.5",
            "count": 22,
            "created_time": "2025-03-20T05:57:51.508709Z",
            "yes_price": 1,
            "no_price": 99,
            "taker_side": "no"
        },
        {
            "trade_id": "6ce143a0-4403-4fdf-b59d-b149c7f0db5b",
            "ticker": "KXHIGHDEN-25MAR20-B53.5",
            "count": 10,
            "created_time": "2025-03-20T05:29:30.992406Z",
            "yes_price": 1,
            "no_price": 99,
            "taker_side": "no"
        },
        {
            "trade_id": "cb040c54-a712-4e2b-aebd-757e14ef5b05",
            "ticker": "KXHIGHDEN-25MAR20-B53.5",
            "count": 40,
            "created_time": "2025-03-20T05:19:24.462306Z",
            "yes_price": 2,
            "no_price": 98,
            "taker_side": "no"
        },
        {
            "trade_id": "f869c3b9-e235-4ac7-a91c-586600d6c143",
            "ticker": "KXHIGHDEN-25MAR20-B53.5",
            "count": 25,
            "created_time": "2025-03-20T04:43:34.418196Z",
            "yes_price": 3,
            "no_price": 97,
            "taker_side": "no"
        },
        {
            "trade_id": "ea5a7b9a-5cb5-41b5-a07b-d30e7d1992eb",
            "ticker": "KXHIGHDEN-25MAR20-B53.5",
            "count": 20,
            "created_time": "2025-03-20T04:43:34.418196Z",
            "yes_price": 2,
            "no_price": 98,
            "taker_side": "no"
        },
        {
            "trade_id": "3a62fa5b-c102-4f7b-881d-7ec9bf16cc29",
            "ticker": "KXHIGHDEN-25MAR20-B53.5",
            "count": 45,
            "created_time": "2025-03-20T04:43:34.32429Z",
            "yes_price": 3,
            "no_price": 97,
            "taker_side": "no"
        },
        {
            "trade_id": "d1bc9e30-92a3-4aca-84c3-fe2584aadad2",
            "ticker": "KXHIGHDEN-25MAR20-B53.5",
            "count": 1,
            "created_time": "2025-03-20T04:06:25.791116Z",
            "yes_price": 7,
            "no_price": 93,
            "taker_side": "yes"
        },
        {
            "trade_id": "beec104e-f99e-443a-802a-a7304c9fa2f9",
            "ticker": "KXHIGHDEN-25MAR20-B53.5",
            "count": 70,
            "created_time": "2025-03-19T21:26:48.646544Z",
            "yes_price": 8,
            "no_price": 92,
            "taker_side": "no"
        }
    ],
    "KXHIGHDEN-25MAR20-B55.5": [
        {
            "trade_id": "c794e7cc-e1dc-470c-b7fb-2f679312cc51",
            "ticker": "KXHIGHDEN-25MAR20-B55.5",
            "count": 69,
            "created_time": "2025-03-21T00:02:50.060114Z",
            "yes_price": 1,
            "no_price": 99,
            "taker_side": "yes"
        },
        {
            "trade_id": "19d3c31e-dd27-441d-b774-be5253b5fdfd",
            "ticker": "KXHIGHDEN-25MAR20-B55.5",
            "count": 40,
            "created_time": "2025-03-20T22:08:43.25176Z",
            "yes_price": 1,
            "no_price": 99,
            "taker_side": "yes"
        },
        {
            "trade_id": "7290d620-211d-48b1-a33e-26c9366987f6",
            "ticker": "KXHIGHDEN-25MAR20-B55.5",
            "count": 1,
            "created_time": "2025-03-20T22:07:12.626423Z",
            "yes_price": 1,
            "no_price": 99,
            "taker_side": "yes"
        },
        {
            "trade_id": "eda2cabb-2141-4e02-b5cb-11910e11b17d",
            "ticker": "KXHIGHDEN-25MAR20-B55.5",
            "count": 7,
            "created_time": "2025-03-20T22:00:15.769735Z",
            "yes_price": 1,
            "no_price": 99,
            "taker_side": "yes"
        },
        {
            "trade_id": "81a07d1b-8bd7-4f7b-b646-878c12ce5768",
            "ticker": "KXHIGHDEN-25MAR20-B55.5",
            "count": 966,
            "created_time": "2025-03-20T21:49:07.773818Z",
            "yes_price": 1,
            "no_price": 99,
            "taker_side": "yes"
        },
        {
            "trade_id": "786c5c92-27a9-437e-b69e-5de0c99d0905",
            "ticker": "KXHIGHDEN-25MAR20-B55.5",
            "count": 397,
            "created_time": "2025-03-20T21:48:06.804082Z",
            "yes_price": 1,
            "no_price": 99,
            "taker_side": "yes"
        },
        {
            "trade_id": "7b9c8d66-e6a8-4f96-9650-3970924ff8c7",
            "ticker": "KXHIGHDEN-25MAR20-B55.5",
            "count": 11,
            "created_time": "2025-03-20T21:47:36.643935Z",
            "yes_price": 1,
            "no_price": 99,
            "taker_side": "yes"
        },
        {
            "trade_id": "6619d671-407f-4fbb-a1c4-b40dea1b84ac",
            "ticker": "KXHIGHDEN-25MAR20-B55.5",
            "count": 90,
            "created_time": "2025-03-20T21:44:12.196688Z",
            "yes_price": 2,
            "no_price": 98,
            "taker_side": "yes"
        },
        {
            "trade_id": "44b33d32-0dbc-4342-b8e1-fd9fcc156ca8",
            "ticker": "KXHIGHDEN-25MAR20-B55.5",
            "count": 10,
            "created_time": "2025-03-20T21:44:12.196688Z",
            "yes_price": 1,
            "no_price": 99,
            "taker_side": "yes"
        },
        {
            "trade_id": "93ca1dcc-da62-490f-81fd-f9140162cf98",
            "ticker": "KXHIGHDEN-25MAR20-B55.5",
            "count": 120,
            "created_time": "2025-03-20T21:44:06.86214Z",
            "yes_price": 1,
            "no_price": 99,
            "taker_side": "no"
        },
        {
            "trade_id": "ed12fb33-b6dd-44ee-8769-6b0c15fa3893",
            "ticker": "KXHIGHDEN-25MAR20-B55.5",
            "count": 321,
            "created_time": "2025-03-20T21:44:06.059603Z",
            "yes_price": 2,
            "no_price": 98,
            "taker_side": "yes"
        },
        {
            "trade_id": "16151488-df29-4e3e-9168-f676e088bf6b",
            "ticker": "KXHIGHDEN-25MAR20-B55.5",
            "count": 40,
            "created_time": "2025-03-20T21:43:58.643162Z",
            "yes_price": 2,
            "no_price": 98,
            "taker_side": "no"
        },
        {
            "trade_id": "60799999-6f8a-4045-8484-803ec8690779",
            "ticker": "KXHIGHDEN-25MAR20-B55.5",
            "count": 16,
            "created_time": "2025-03-20T21:43:23.4873Z",
            "yes_price": 7,
            "no_price": 93,
            "taker_side": "yes"
        },
        {
            "trade_id": "b4840f53-0feb-4878-ab44-d369a49cd47c",
            "ticker": "KXHIGHDEN-25MAR20-B55.5",
            "count": 36,
            "created_time": "2025-03-20T21:43:21.415488Z",
            "yes_price": 5,
            "no_price": 95,
            "taker_side": "no"
        },
        {
            "trade_id": "81e89a68-17ab-4994-9842-d55261a99d81",
            "ticker": "KXHIGHDEN-25MAR20-B55.5",
            "count": 84,
            "created_time": "2025-03-20T21:43:06.492932Z",
            "yes_price": 8,
            "no_price": 92,
            "taker_side": "no"
        },
        {
            "trade_id": "f0b55554-12a3-4233-9559-046e07d2ef9d",
            "ticker": "KXHIGHDEN-25MAR20-B55.5",
            "count": 16,
            "created_time": "2025-03-20T21:42:49.909378Z",
            "yes_price": 8,
            "no_price": 92,
            "taker_side": "no"
        },
        {
            "trade_id": "fee20344-049d-46f4-b040-c6fc5df2c7bc",
            "ticker": "KXHIGHDEN-25MAR20-B55.5",
            "count": 4,
            "created_time": "2025-03-20T21:42:29.380508Z",
            "yes_price": 5,
            "no_price": 95,
            "taker_side": "no"
        },
        {
            "trade_id": "c26f9053-5256-40f1-a236-1562c4dbbab6",
            "ticker": "KXHIGHDEN-25MAR20-B55.5",
            "count": 196,
            "created_time": "2025-03-20T21:42:29.380508Z",
            "yes_price": 10,
            "no_price": 90,
            "taker_side": "no"
        },
        {
            "trade_id": "bd17f28c-6834-4c77-99b8-80404df426d0",
            "ticker": "KXHIGHDEN-25MAR20-B55.5",
            "count": 68,
            "created_time": "2025-03-20T21:42:23.803249Z",
            "yes_price": 10,
            "no_price": 90,
            "taker_side": "no"
        },
        {
            "trade_id": "9072cc37-a8f1-453a-9c98-f4a6deb3a49f",
            "ticker": "KXHIGHDEN-25MAR20-B55.5",
            "count": 44,
            "created_time": "2025-03-20T21:42:23.803249Z",
            "yes_price": 11,
            "no_price": 89,
            "taker_side": "no"
        },
        {
            "trade_id": "f9da3535-8dfd-4806-a3ed-68031ca4e1db",
            "ticker": "KXHIGHDEN-25MAR20-B55.5",
            "count": 14,
            "created_time": "2025-03-20T21:42:14.212491Z",
            "yes_price": 11,
            "no_price": 89,
            "taker_side": "no"
        },
        {
            "trade_id": "a31ac827-20e5-441c-b39d-728de352cc41",
            "ticker": "KXHIGHDEN-25MAR20-B55.5",
            "count": 199,
            "created_time": "2025-03-20T21:42:14.212491Z",
            "yes_price": 20,
            "no_price": 80,
            "taker_side": "no"
        },
        {
            "trade_id": "991b3ce6-58bb-4629-a253-27cb3b98230e",
            "ticker": "KXHIGHDEN-25MAR20-B55.5",
            "count": 40,
            "created_time": "2025-03-20T21:42:14.212491Z",
            "yes_price": 11,
            "no_price": 89,
            "taker_side": "no"
        },
        {
            "trade_id": "7de6c244-98b5-49cb-97ce-112db9a00afb",
            "ticker": "KXHIGHDEN-25MAR20-B55.5",
            "count": 36,
            "created_time": "2025-03-20T21:42:14.212491Z",
            "yes_price": 10,
            "no_price": 90,
            "taker_side": "no"
        },
        {
            "trade_id": "742aa511-f927-4e70-9005-498826cf2890",
            "ticker": "KXHIGHDEN-25MAR20-B55.5",
            "count": 12,
            "created_time": "2025-03-20T21:42:14.212491Z",
            "yes_price": 12,
            "no_price": 88,
            "taker_side": "no"
        },
        {
            "trade_id": "144d975d-3513-48b8-b3e2-62478d2147c2",
            "ticker": "KXHIGHDEN-25MAR20-B55.5",
            "count": 99,
            "created_time": "2025-03-20T21:42:14.212491Z",
            "yes_price": 20,
            "no_price": 80,
            "taker_side": "no"
        },
        {
            "trade_id": "9de617ae-5c29-4479-ab5d-de4c862d467e",
            "ticker": "KXHIGHDEN-25MAR20-B55.5",
            "count": 199,
            "created_time": "2025-03-20T21:42:00.488134Z",
            "yes_price": 21,
            "no_price": 79,
            "taker_side": "no"
        },
        {
            "trade_id": "064eec5a-963b-4bb9-8ecb-a0720575d3f5",
            "ticker": "KXHIGHDEN-25MAR20-B55.5",
            "count": 401,
            "created_time": "2025-03-20T21:42:00.488134Z",
            "yes_price": 20,
            "no_price": 80,
            "taker_side": "no"
        },
        {
            "trade_id": "92abfb2f-30f0-499b-b163-d9452bf0b5bf",
            "ticker": "KXHIGHDEN-25MAR20-B55.5",
            "count": 50,
            "created_time": "2025-03-20T21:41:45.426156Z",
            "yes_price": 25,
            "no_price": 75,
            "taker_side": "no"
        },
        {
            "trade_id": "8c7c0f16-19b7-411e-8e25-8d06512aa80d",
            "ticker": "KXHIGHDEN-25MAR20-B55.5",
            "count": 31,
            "created_time": "2025-03-20T21:41:45.426156Z",
            "yes_price": 25,
            "no_price": 75,
            "taker_side": "no"
        },
        {
            "trade_id": "0ea40464-d6c4-4262-b5df-a8ea5b2fe6e2",
            "ticker": "KXHIGHDEN-25MAR20-B55.5",
            "count": 50,
            "created_time": "2025-03-20T21:41:45.426156Z",
            "yes_price": 27,
            "no_price": 73,
            "taker_side": "no"
        },
        {
            "trade_id": "a7af61ea-79f8-4c25-ba2d-502c756bbcf7",
            "ticker": "KXHIGHDEN-25MAR20-B55.5",
            "count": 128,
            "created_time": "2025-03-20T21:40:30.814601Z",
            "yes_price": 29,
            "no_price": 71,
            "taker_side": "no"
        },
        {
            "trade_id": "a0a5f27f-902f-4b09-bcc7-04bb5d72a32e",
            "ticker": "KXHIGHDEN-25MAR20-B55.5",
            "count": 72,
            "created_time": "2025-03-20T21:40:30.814601Z",
            "yes_price": 29,
            "no_price": 71,
            "taker_side": "no"
        },
        {
            "trade_id": "9274dd4f-e11c-4b00-96d2-7b5da9586128",
            "ticker": "KXHIGHDEN-25MAR20-B55.5",
            "count": 20,
            "created_time": "2025-03-20T21:40:16.020721Z",
            "yes_price": 28,
            "no_price": 72,
            "taker_side": "no"
        },
        {
            "trade_id": "8ba244ad-6e58-4f5e-86e0-156dfa7a8d59",
            "ticker": "KXHIGHDEN-25MAR20-B55.5",
            "count": 29,
            "created_time": "2025-03-20T21:40:16.020721Z",
            "yes_price": 28,
            "no_price": 72,
            "taker_side": "no"
        },
        {
            "trade_id": "ff012985-e3f4-4f5e-9304-87e0cda82445",
            "ticker": "KXHIGHDEN-25MAR20-B55.5",
            "count": 1,
            "created_time": "2025-03-20T21:38:35.090358Z",
            "yes_price": 27,
            "no_price": 73,
            "taker_side": "yes"
        },
        {
            "trade_id": "42324c71-3108-4974-a80f-0f969dd2ebe3",
            "ticker": "KXHIGHDEN-25MAR20-B55.5",
            "count": 1,
            "created_time": "2025-03-20T21:38:35.090358Z",
            "yes_price": 28,
            "no_price": 72,
            "taker_side": "yes"
        },
        {
            "trade_id": "b87267a0-6fbd-47dd-88cc-3ff91fded430",
            "ticker": "KXHIGHDEN-25MAR20-B55.5",
            "count": 1,
            "created_time": "2025-03-20T21:33:18.782242Z",
            "yes_price": 26,
            "no_price": 74,
            "taker_side": "no"
        },
        {
            "trade_id": "d201046a-85a5-4d7e-9f36-101042b69b24",
            "ticker": "KXHIGHDEN-25MAR20-B55.5",
            "count": 3,
            "created_time": "2025-03-20T21:30:56.515919Z",
            "yes_price": 65,
            "no_price": 35,
            "taker_side": "yes"
        },
        {
            "trade_id": "f6749a8c-e4e4-42ba-a622-544e589a0585",
            "ticker": "KXHIGHDEN-25MAR20-B55.5",
            "count": 147,
            "created_time": "2025-03-20T21:30:38.107626Z",
            "yes_price": 65,
            "no_price": 35,
            "taker_side": "yes"
        },
        {
            "trade_id": "751c0347-e361-4eca-b503-9d24b2bfb965",
            "ticker": "KXHIGHDEN-25MAR20-B55.5",
            "count": 20,
            "created_time": "2025-03-20T21:30:38.107626Z",
            "yes_price": 64,
            "no_price": 36,
            "taker_side": "yes"
        },
        {
            "trade_id": "25284c75-011b-41d2-b24a-da0f0360ea03",
            "ticker": "KXHIGHDEN-25MAR20-B55.5",
            "count": 30,
            "created_time": "2025-03-20T21:30:38.107626Z",
            "yes_price": 64,
            "no_price": 36,
            "taker_side": "yes"
        },
        {
            "trade_id": "985f603a-d173-4ec0-8a35-46f45f8fc492",
            "ticker": "KXHIGHDEN-25MAR20-B55.5",
            "count": 20,
            "created_time": "2025-03-20T21:29:23.910004Z",
            "yes_price": 54,
            "no_price": 46,
            "taker_side": "yes"
        },
        {
            "trade_id": "43e78dba-d048-46da-b29e-9d4b87b1aa30",
            "ticker": "KXHIGHDEN-25MAR20-B55.5",
            "count": 8,
            "created_time": "2025-03-20T21:29:23.910004Z",
            "yes_price": 54,
            "no_price": 46,
            "taker_side": "yes"
        },
        {
            "trade_id": "20569c1b-d9ae-4bc0-9580-dc3b7a8121d7",
            "ticker": "KXHIGHDEN-25MAR20-B55.5",
            "count": 107,
            "created_time": "2025-03-20T21:29:23.910004Z",
            "yes_price": 55,
            "no_price": 45,
            "taker_side": "yes"
        },
        {
            "trade_id": "059187c2-0b30-42ec-be5f-0fee0aa4ee7f",
            "ticker": "KXHIGHDEN-25MAR20-B55.5",
            "count": 107,
            "created_time": "2025-03-20T21:26:10.828736Z",
            "yes_price": 54,
            "no_price": 46,
            "taker_side": "no"
        },
        {
            "trade_id": "a38ff60d-71a0-4090-8a39-5e4193ee7d7b",
            "ticker": "KXHIGHDEN-25MAR20-B55.5",
            "count": 15,
            "created_time": "2025-03-20T21:25:10.414257Z",
            "yes_price": 54,
            "no_price": 46,
            "taker_side": "no"
        },
        {
            "trade_id": "7c27c1c3-3dec-4674-b56c-c228a4a9f3a6",
            "ticker": "KXHIGHDEN-25MAR20-B55.5",
            "count": 20,
            "created_time": "2025-03-20T21:25:10.414257Z",
            "yes_price": 55,
            "no_price": 45,
            "taker_side": "no"
        },
        {
            "trade_id": "bcf726f0-7e29-47c0-88dc-272fda840c61",
            "ticker": "KXHIGHDEN-25MAR20-B55.5",
            "count": 8,
            "created_time": "2025-03-20T21:24:54.989717Z",
            "yes_price": 55,
            "no_price": 45,
            "taker_side": "no"
        },
        {
            "trade_id": "b727b0bd-7c68-4dbc-a717-c3604db71b4e",
            "ticker": "KXHIGHDEN-25MAR20-B55.5",
            "count": 20,
            "created_time": "2025-03-20T21:24:54.989717Z",
            "yes_price": 61,
            "no_price": 39,
            "taker_side": "no"
        },
        {
            "trade_id": "88e7b03c-da4e-4a32-9752-2810b2e86759",
            "ticker": "KXHIGHDEN-25MAR20-B55.5",
            "count": 11,
            "created_time": "2025-03-20T21:24:54.989717Z",
            "yes_price": 61,
            "no_price": 39,
            "taker_side": "no"
        },
        {
            "trade_id": "88e4a8f3-1430-4dae-b049-cd282f361910",
            "ticker": "KXHIGHDEN-25MAR20-B55.5",
            "count": 100,
            "created_time": "2025-03-20T21:24:54.989717Z",
            "yes_price": 60,
            "no_price": 40,
            "taker_side": "no"
        },
        {
            "trade_id": "19a05e6b-ea37-4414-b519-751be0e616e1",
            "ticker": "KXHIGHDEN-25MAR20-B55.5",
            "count": 30,
            "created_time": "2025-03-20T21:24:54.989717Z",
            "yes_price": 61,
            "no_price": 39,
            "taker_side": "no"
        },
        {
            "trade_id": "1267b55b-faf8-446e-8cd4-81e939a0c79c",
            "ticker": "KXHIGHDEN-25MAR20-B55.5",
            "count": 77,
            "created_time": "2025-03-20T21:24:54.989717Z",
            "yes_price": 54,
            "no_price": 46,
            "taker_side": "no"
        },
        {
            "trade_id": "1376fd17-b8d2-49b1-b1e5-c09c88268d93",
            "ticker": "KXHIGHDEN-25MAR20-B55.5",
            "count": 100,
            "created_time": "2025-03-20T21:24:17.829623Z",
            "yes_price": 70,
            "no_price": 30,
            "taker_side": "yes"
        },
        {
            "trade_id": "9b93b63d-651b-4897-b47d-7791a043354e",
            "ticker": "KXHIGHDEN-25MAR20-B55.5",
            "count": 40,
            "created_time": "2025-03-20T21:18:09.829155Z",
            "yes_price": 77,
            "no_price": 23,
            "taker_side": "yes"
        },
        {
            "trade_id": "6718d789-f9a7-48da-8718-61515aa9a6c3",
            "ticker": "KXHIGHDEN-25MAR20-B55.5",
            "count": 34,
            "created_time": "2025-03-20T21:18:09.829155Z",
            "yes_price": 76,
            "no_price": 24,
            "taker_side": "yes"
        },
        {
            "trade_id": "05131efd-cbf9-4279-9e0e-f696d79616bd",
            "ticker": "KXHIGHDEN-25MAR20-B55.5",
            "count": 66,
            "created_time": "2025-03-20T21:11:41.680834Z",
            "yes_price": 52,
            "no_price": 48,
            "taker_side": "yes"
        },
        {
            "trade_id": "1972b997-1fe9-4e7a-9a1b-32da50902dd1",
            "ticker": "KXHIGHDEN-25MAR20-B55.5",
            "count": 30,
            "created_time": "2025-03-20T21:11:34.317027Z",
            "yes_price": 52,
            "no_price": 48,
            "taker_side": "yes"
        },
        {
            "trade_id": "b8bb191d-553a-4587-9ba9-bd1491d0b08b",
            "ticker": "KXHIGHDEN-25MAR20-B55.5",
            "count": 24,
            "created_time": "2025-03-20T21:10:30.378094Z",
            "yes_price": 74,
            "no_price": 26,
            "taker_side": "yes"
        },
        {
            "trade_id": "ad4f45d5-0109-4613-a2c1-066921e0ba82",
            "ticker": "KXHIGHDEN-25MAR20-B55.5",
            "count": 5,
            "created_time": "2025-03-20T21:10:30.378094Z",
            "yes_price": 75,
            "no_price": 25,
            "taker_side": "yes"
        },
        {
            "trade_id": "a36adfce-6fd2-4ea9-b85a-afedb7f66126",
            "ticker": "KXHIGHDEN-25MAR20-B55.5",
            "count": 199,
            "created_time": "2025-03-20T21:10:30.378094Z",
            "yes_price": 75,
            "no_price": 25,
            "taker_side": "yes"
        },
        {
            "trade_id": "9b0f5e44-daef-4dff-8e02-e7b89d3359df",
            "ticker": "KXHIGHDEN-25MAR20-B55.5",
            "count": 20,
            "created_time": "2025-03-20T21:10:30.378094Z",
            "yes_price": 72,
            "no_price": 28,
            "taker_side": "yes"
        },
        {
            "trade_id": "96d81125-d088-46cc-ac58-b22035fc798e",
            "ticker": "KXHIGHDEN-25MAR20-B55.5",
            "count": 50,
            "created_time": "2025-03-20T21:10:30.378094Z",
            "yes_price": 73,
            "no_price": 27,
            "taker_side": "yes"
        },
        {
            "trade_id": "9205dc81-50cc-4dfe-963b-719599d47a54",
            "ticker": "KXHIGHDEN-25MAR20-B55.5",
            "count": 30,
            "created_time": "2025-03-20T21:10:30.378094Z",
            "yes_price": 72,
            "no_price": 28,
            "taker_side": "yes"
        },
        {
            "trade_id": "1fec4f3b-9a7d-4d73-941c-90575a56f885",
            "ticker": "KXHIGHDEN-25MAR20-B55.5",
            "count": 7,
            "created_time": "2025-03-20T21:10:30.378094Z",
            "yes_price": 72,
            "no_price": 28,
            "taker_side": "yes"
        },
        {
            "trade_id": "fc9d2873-7e19-4951-94ce-350b8896e8e4",
            "ticker": "KXHIGHDEN-25MAR20-B55.5",
            "count": 20,
            "created_time": "2025-03-20T21:10:23.922257Z",
            "yes_price": 51,
            "no_price": 49,
            "taker_side": "no"
        },
        {
            "trade_id": "f6cc9585-b95c-4b53-b6e0-26eb7e159442",
            "ticker": "KXHIGHDEN-25MAR20-B55.5",
            "count": 178,
            "created_time": "2025-03-20T21:10:23.922257Z",
            "yes_price": 50,
            "no_price": 50,
            "taker_side": "no"
        },
        {
            "trade_id": "4b098f7b-2267-4d4b-9184-0db42885d214",
            "ticker": "KXHIGHDEN-25MAR20-B55.5",
            "count": 199,
            "created_time": "2025-03-20T21:10:23.922257Z",
            "yes_price": 51,
            "no_price": 49,
            "taker_side": "no"
        },
        {
            "trade_id": "f0ab5916-5558-4471-a79c-d1109b5e36ee",
            "ticker": "KXHIGHDEN-25MAR20-B55.5",
            "count": 118,
            "created_time": "2025-03-20T21:09:51.082946Z",
            "yes_price": 56,
            "no_price": 44,
            "taker_side": "yes"
        },
        {
            "trade_id": "7bb1c977-77d7-4451-a697-21d779f87ae5",
            "ticker": "KXHIGHDEN-25MAR20-B55.5",
            "count": 40,
            "created_time": "2025-03-20T21:09:37.054969Z",
            "yes_price": 53,
            "no_price": 47,
            "taker_side": "yes"
        },
        {
            "trade_id": "8728d247-8636-417a-9b2b-10b2be8ff8f3",
            "ticker": "KXHIGHDEN-25MAR20-B55.5",
            "count": 32,
            "created_time": "2025-03-20T21:07:42.169317Z",
            "yes_price": 53,
            "no_price": 47,
            "taker_side": "yes"
        },
        {
            "trade_id": "34c7c01c-cfbf-450a-abd7-cffcb4197838",
            "ticker": "KXHIGHDEN-25MAR20-B55.5",
            "count": 20,
            "created_time": "2025-03-20T21:07:19.495197Z",
            "yes_price": 52,
            "no_price": 48,
            "taker_side": "yes"
        },
        {
            "trade_id": "e39a3e75-08d6-4e8f-8874-371d3f9722a8",
            "ticker": "KXHIGHDEN-25MAR20-B55.5",
            "count": 2,
            "created_time": "2025-03-20T21:05:08.881272Z",
            "yes_price": 39,
            "no_price": 61,
            "taker_side": "yes"
        },
        {
            "trade_id": "dc3a49c3-d9e1-4bae-b0bf-d1dc80631e7d",
            "ticker": "KXHIGHDEN-25MAR20-B55.5",
            "count": 210,
            "created_time": "2025-03-20T21:05:08.881272Z",
            "yes_price": 40,
            "no_price": 60,
            "taker_side": "yes"
        },
        {
            "trade_id": "9f8147d9-7f64-4018-9394-a170f3d48282",
            "ticker": "KXHIGHDEN-25MAR20-B55.5",
            "count": 14,
            "created_time": "2025-03-20T21:05:08.881272Z",
            "yes_price": 47,
            "no_price": 53,
            "taker_side": "yes"
        },
        {
            "trade_id": "63933fe0-6cd1-4276-8ba5-86d1e1c572dd",
            "ticker": "KXHIGHDEN-25MAR20-B55.5",
            "count": 11,
            "created_time": "2025-03-20T21:05:08.881272Z",
            "yes_price": 46,
            "no_price": 54,
            "taker_side": "yes"
        },
        {
            "trade_id": "79247526-20b5-43f9-9072-b445985bbc1e",
            "ticker": "KXHIGHDEN-25MAR20-B55.5",
            "count": 4,
            "created_time": "2025-03-20T21:01:32.971Z",
            "yes_price": 18,
            "no_price": 82,
            "taker_side": "yes"
        },
        {
            "trade_id": "d53c2b5e-3977-4601-bb4c-ba9a53402588",
            "ticker": "KXHIGHDEN-25MAR20-B55.5",
            "count": 2,
            "created_time": "2025-03-20T21:01:12.425353Z",
            "yes_price": 13,
            "no_price": 87,
            "taker_side": "no"
        },
        {
            "trade_id": "3c4478b3-2a81-4241-a062-ac60aecec4a2",
            "ticker": "KXHIGHDEN-25MAR20-B55.5",
            "count": 6,
            "created_time": "2025-03-20T21:00:06.540067Z",
            "yes_price": 26,
            "no_price": 74,
            "taker_side": "no"
        },
        {
            "trade_id": "4bda7724-070f-482e-8d57-bab43f3911b3",
            "ticker": "KXHIGHDEN-25MAR20-B55.5",
            "count": 40,
            "created_time": "2025-03-20T21:00:03.592567Z",
            "yes_price": 40,
            "no_price": 60,
            "taker_side": "yes"
        },
        {
            "trade_id": "506394a8-ed42-4f2f-9d7a-5531979a161d",
            "ticker": "KXHIGHDEN-25MAR20-B55.5",
            "count": 25,
            "created_time": "2025-03-20T20:56:25.850704Z",
            "yes_price": 46,
            "no_price": 54,
            "taker_side": "no"
        },
        {
            "trade_id": "1a55ea0b-6b41-4b7c-8531-0da2377f9982",
            "ticker": "KXHIGHDEN-25MAR20-B55.5",
            "count": 1,
            "created_time": "2025-03-20T20:56:25.850704Z",
            "yes_price": 46,
            "no_price": 54,
            "taker_side": "no"
        },
        {
            "trade_id": "ead7064b-5d36-458c-9429-414ccc516e18",
            "ticker": "KXHIGHDEN-25MAR20-B55.5",
            "count": 19,
            "created_time": "2025-03-20T20:55:11.216684Z",
            "yes_price": 46,
            "no_price": 54,
            "taker_side": "no"
        },
        {
            "trade_id": "311c7627-17f6-47d7-a308-146195485dac",
            "ticker": "KXHIGHDEN-25MAR20-B55.5",
            "count": 20,
            "created_time": "2025-03-20T20:53:39.375199Z",
            "yes_price": 41,
            "no_price": 59,
            "taker_side": "yes"
        },
        {
            "trade_id": "2a135d85-3f3f-4cbd-a919-140ba720a6cf",
            "ticker": "KXHIGHDEN-25MAR20-B55.5",
            "count": 50,
            "created_time": "2025-03-20T20:53:39.375199Z",
            "yes_price": 42,
            "no_price": 58,
            "taker_side": "yes"
        },
        {
            "trade_id": "23574e83-f4b8-4b3a-a443-4d325f09d03b",
            "ticker": "KXHIGHDEN-25MAR20-B55.5",
            "count": 9,
            "created_time": "2025-03-20T20:53:39.375199Z",
            "yes_price": 45,
            "no_price": 55,
            "taker_side": "yes"
        },
        {
            "trade_id": "c8a205bd-b348-44fa-8c1e-f8dd408ef432",
            "ticker": "KXHIGHDEN-25MAR20-B55.5",
            "count": 19,
            "created_time": "2025-03-20T20:52:59.897311Z",
            "yes_price": 35,
            "no_price": 65,
            "taker_side": "yes"
        },
        {
            "trade_id": "ce170a60-ae20-4548-8971-15a9557f05c7",
            "ticker": "KXHIGHDEN-25MAR20-B55.5",
            "count": 16,
            "created_time": "2025-03-20T20:52:57.088329Z",
            "yes_price": 29,
            "no_price": 71,
            "taker_side": "yes"
        },
        {
            "trade_id": "a7bb4f47-b414-4d93-bbb3-94bcf397d40b",
            "ticker": "KXHIGHDEN-25MAR20-B55.5",
            "count": 115,
            "created_time": "2025-03-20T20:52:57.088329Z",
            "yes_price": 17,
            "no_price": 83,
            "taker_side": "yes"
        },
        {
            "trade_id": "68538d6a-1bca-450f-ad5e-a57316a697a4",
            "ticker": "KXHIGHDEN-25MAR20-B55.5",
            "count": 15,
            "created_time": "2025-03-20T20:52:57.088329Z",
            "yes_price": 28,
            "no_price": 72,
            "taker_side": "yes"
        },
        {
            "trade_id": "4cdd23df-8ea6-4d3d-a3ef-8b3591c71293",
            "ticker": "KXHIGHDEN-25MAR20-B55.5",
            "count": 176,
            "created_time": "2025-03-20T20:52:57.088329Z",
            "yes_price": 20,
            "no_price": 80,
            "taker_side": "yes"
        },
        {
            "trade_id": "4c0813b1-ead1-4feb-85e2-4fda6019d8e0",
            "ticker": "KXHIGHDEN-25MAR20-B55.5",
            "count": 11,
            "created_time": "2025-03-20T20:52:57.088329Z",
            "yes_price": 32,
            "no_price": 68,
            "taker_side": "yes"
        },
        {
            "trade_id": "3d5952cf-d5ae-479e-95e7-224d6defad1d",
            "ticker": "KXHIGHDEN-25MAR20-B55.5",
            "count": 100,
            "created_time": "2025-03-20T20:52:57.088329Z",
            "yes_price": 30,
            "no_price": 70,
            "taker_side": "yes"
        },
        {
            "trade_id": "30b29085-d079-4075-8a74-435136fa4c07",
            "ticker": "KXHIGHDEN-25MAR20-B55.5",
            "count": 5,
            "created_time": "2025-03-20T20:52:33.625079Z",
            "yes_price": 16,
            "no_price": 84,
            "taker_side": "yes"
        },
        {
            "trade_id": "131bf978-8967-4d75-8960-656a0257319d",
            "ticker": "KXHIGHDEN-25MAR20-B55.5",
            "count": 45,
            "created_time": "2025-03-20T20:52:33.625079Z",
            "yes_price": 17,
            "no_price": 83,
            "taker_side": "yes"
        },
        {
            "trade_id": "54257ef5-f7f3-49c1-9b5b-03d878d85626",
            "ticker": "KXHIGHDEN-25MAR20-B55.5",
            "count": 40,
            "created_time": "2025-03-20T20:51:44.32833Z",
            "yes_price": 17,
            "no_price": 83,
            "taker_side": "no"
        },
        {
            "trade_id": "a61ceba8-5207-4bde-b847-c308a2fd9aac",
            "ticker": "KXHIGHDEN-25MAR20-B55.5",
            "count": 5,
            "created_time": "2025-03-20T20:49:38.149825Z",
            "yes_price": 22,
            "no_price": 78,
            "taker_side": "no"
        },
        {
            "trade_id": "84058a13-cdb0-494a-9e21-51aa8777f25c",
            "ticker": "KXHIGHDEN-25MAR20-B55.5",
            "count": 95,
            "created_time": "2025-03-20T20:49:38.149825Z",
            "yes_price": 25,
            "no_price": 75,
            "taker_side": "no"
        },
        {
            "trade_id": "83d4ca95-a860-46dc-a55f-f0323b148008",
            "ticker": "KXHIGHDEN-25MAR20-B55.5",
            "count": 160,
            "created_time": "2025-03-20T20:49:38.149825Z",
            "yes_price": 21,
            "no_price": 79,
            "taker_side": "no"
        },
        {
            "trade_id": "46314449-f044-456a-9be2-f1393f2ac9f3",
            "ticker": "KXHIGHDEN-25MAR20-B55.5",
            "count": 40,
            "created_time": "2025-03-20T20:49:38.149825Z",
            "yes_price": 22,
            "no_price": 78,
            "taker_side": "no"
        },
        {
            "trade_id": "ecf36965-2e8c-421a-8233-4c98e9f2d90f",
            "ticker": "KXHIGHDEN-25MAR20-B55.5",
            "count": 12,
            "created_time": "2025-03-20T20:45:36.340504Z",
            "yes_price": 30,
            "no_price": 70,
            "taker_side": "no"
        },
        {
            "trade_id": "c9df6cb1-a1f7-4d76-85f9-5cedf977390f",
            "ticker": "KXHIGHDEN-25MAR20-B55.5",
            "count": 4,
            "created_time": "2025-03-20T20:45:36.270453Z",
            "yes_price": 29,
            "no_price": 71,
            "taker_side": "yes"
        },
        {
            "trade_id": "eea53316-297f-4998-a6e8-9050c4fb0cb9",
            "ticker": "KXHIGHDEN-25MAR20-B55.5",
            "count": 100,
            "created_time": "2025-03-20T20:45:27.562356Z",
            "yes_price": 25,
            "no_price": 75,
            "taker_side": "no"
        },
        {
            "trade_id": "99227cdf-938f-4fef-bbe4-101dc99336f9",
            "ticker": "KXHIGHDEN-25MAR20-B55.5",
            "count": 5,
            "created_time": "2025-03-20T20:44:50.386297Z",
            "yes_price": 25,
            "no_price": 75,
            "taker_side": "no"
        },
        {
            "trade_id": "e7fd5080-6cae-42dd-b865-c08b62a08476",
            "ticker": "KXHIGHDEN-25MAR20-B55.5",
            "count": 16,
            "created_time": "2025-03-20T20:43:06.947857Z",
            "yes_price": 26,
            "no_price": 74,
            "taker_side": "no"
        },
        {
            "trade_id": "ab164ffc-ede1-4576-95ab-111bba9dcd8f",
            "ticker": "KXHIGHDEN-25MAR20-B55.5",
            "count": 49,
            "created_time": "2025-03-20T20:43:06.947857Z",
            "yes_price": 30,
            "no_price": 70,
            "taker_side": "no"
        },
        {
            "trade_id": "3a1ee35a-e2f0-4ced-b041-91b2be621bf9",
            "ticker": "KXHIGHDEN-25MAR20-B55.5",
            "count": 4,
            "created_time": "2025-03-20T20:43:06.947857Z",
            "yes_price": 27,
            "no_price": 73,
            "taker_side": "no"
        },
        {
            "trade_id": "481fbd44-43e1-4f07-938e-127694a07fa9",
            "ticker": "KXHIGHDEN-25MAR20-B55.5",
            "count": 1,
            "created_time": "2025-03-20T20:36:05.67567Z",
            "yes_price": 32,
            "no_price": 68,
            "taker_side": "no"
        },
        {
            "trade_id": "3f34e837-6064-4dcd-aecf-f8893de032c7",
            "ticker": "KXHIGHDEN-25MAR20-B55.5",
            "count": 285,
            "created_time": "2025-03-20T20:36:05.67567Z",
            "yes_price": 30,
            "no_price": 70,
            "taker_side": "no"
        },
        {
            "trade_id": "11fef780-068f-4d68-a121-0d3f73a1c8c1",
            "ticker": "KXHIGHDEN-25MAR20-B55.5",
            "count": 14,
            "created_time": "2025-03-20T20:36:05.67567Z",
            "yes_price": 31,
            "no_price": 69,
            "taker_side": "no"
        },
        {
            "trade_id": "d1a17d2d-d8e2-434d-8f36-3981c6a94f47",
            "ticker": "KXHIGHDEN-25MAR20-B55.5",
            "count": 2,
            "created_time": "2025-03-20T20:34:58.987228Z",
            "yes_price": 40,
            "no_price": 60,
            "taker_side": "yes"
        },
        {
            "trade_id": "f869123d-87e9-45eb-8280-5778dacc01f5",
            "ticker": "KXHIGHDEN-25MAR20-B55.5",
            "count": 100,
            "created_time": "2025-03-20T20:31:04.511004Z",
            "yes_price": 40,
            "no_price": 60,
            "taker_side": "no"
        },
        {
            "trade_id": "ebaf5537-3ed6-4a9b-9877-7513713952c5",
            "ticker": "KXHIGHDEN-25MAR20-B55.5",
            "count": 8,
            "created_time": "2025-03-20T20:31:04.511004Z",
            "yes_price": 41,
            "no_price": 59,
            "taker_side": "no"
        },
        {
            "trade_id": "377e2eaf-1921-468b-9655-0ec4bcf58f41",
            "ticker": "KXHIGHDEN-25MAR20-B55.5",
            "count": 39,
            "created_time": "2025-03-20T20:31:04.511004Z",
            "yes_price": 41,
            "no_price": 59,
            "taker_side": "no"
        },
        {
            "trade_id": "b6b07414-2fad-4df2-9d3e-83a6e6ddf31e",
            "ticker": "KXHIGHDEN-25MAR20-B55.5",
            "count": 10,
            "created_time": "2025-03-20T20:22:17.045357Z",
            "yes_price": 45,
            "no_price": 55,
            "taker_side": "yes"
        },
        {
            "trade_id": "79d95863-33e9-4afe-85b9-8f97aaeefe2b",
            "ticker": "KXHIGHDEN-25MAR20-B55.5",
            "count": 18,
            "created_time": "2025-03-20T20:10:42.875663Z",
            "yes_price": 35,
            "no_price": 65,
            "taker_side": "yes"
        },
        {
            "trade_id": "044b2666-0cf5-4d2d-896c-fac3798bbfb0",
            "ticker": "KXHIGHDEN-25MAR20-B55.5",
            "count": 32,
            "created_time": "2025-03-20T20:10:26.950292Z",
            "yes_price": 35,
            "no_price": 65,
            "taker_side": "no"
        },
        {
            "trade_id": "4eacc5b5-def9-4f2f-bed5-8c52888b8d48",
            "ticker": "KXHIGHDEN-25MAR20-B55.5",
            "count": 18,
            "created_time": "2025-03-20T20:02:22.226249Z",
            "yes_price": 44,
            "no_price": 56,
            "taker_side": "yes"
        },
        {
            "trade_id": "107e0aac-33a3-4c52-9076-65675af2854b",
            "ticker": "KXHIGHDEN-25MAR20-B55.5",
            "count": 50,
            "created_time": "2025-03-20T20:02:22.226249Z",
            "yes_price": 45,
            "no_price": 55,
            "taker_side": "yes"
        },
        {
            "trade_id": "1b783714-9fac-4b0c-869a-edddbbe6f284",
            "ticker": "KXHIGHDEN-25MAR20-B55.5",
            "count": 11,
            "created_time": "2025-03-20T20:02:17.114863Z",
            "yes_price": 44,
            "no_price": 56,
            "taker_side": "yes"
        },
        {
            "trade_id": "c7901f65-86b8-4bc3-9e10-5b544087ceed",
            "ticker": "KXHIGHDEN-25MAR20-B55.5",
            "count": 81,
            "created_time": "2025-03-20T19:54:22.436099Z",
            "yes_price": 40,
            "no_price": 60,
            "taker_side": "no"
        },
        {
            "trade_id": "0c1e8898-9ffc-4540-811c-3b68bad7f7cd",
            "ticker": "KXHIGHDEN-25MAR20-B55.5",
            "count": 22,
            "created_time": "2025-03-20T19:54:22.436099Z",
            "yes_price": 43,
            "no_price": 57,
            "taker_side": "no"
        },
        {
            "trade_id": "afd06d3b-fc47-41ca-839a-6d82c0a31a89",
            "ticker": "KXHIGHDEN-25MAR20-B55.5",
            "count": 29,
            "created_time": "2025-03-20T19:45:47.996761Z",
            "yes_price": 44,
            "no_price": 56,
            "taker_side": "no"
        },
        {
            "trade_id": "e0a6e90b-bbb8-42de-92c9-83a468cb0c01",
            "ticker": "KXHIGHDEN-25MAR20-B55.5",
            "count": 8,
            "created_time": "2025-03-20T19:44:49.570237Z",
            "yes_price": 49,
            "no_price": 51,
            "taker_side": "yes"
        },
        {
            "trade_id": "fb98fa6f-1902-45b6-bd77-50cd762f99ee",
            "ticker": "KXHIGHDEN-25MAR20-B55.5",
            "count": 50,
            "created_time": "2025-03-20T19:43:26.19494Z",
            "yes_price": 45,
            "no_price": 55,
            "taker_side": "yes"
        },
        {
            "trade_id": "62b1b446-a54a-4e6e-877e-a3d5c142212a",
            "ticker": "KXHIGHDEN-25MAR20-B55.5",
            "count": 1,
            "created_time": "2025-03-20T19:35:56.540052Z",
            "yes_price": 30,
            "no_price": 70,
            "taker_side": "no"
        },
        {
            "trade_id": "29a4c93c-c156-4db6-aada-12118dad95d8",
            "ticker": "KXHIGHDEN-25MAR20-B55.5",
            "count": 1,
            "created_time": "2025-03-20T19:32:35.613151Z",
            "yes_price": 59,
            "no_price": 41,
            "taker_side": "yes"
        },
        {
            "trade_id": "c965ad4b-a1db-4b7e-aa55-a4070268df3b",
            "ticker": "KXHIGHDEN-25MAR20-B55.5",
            "count": 455,
            "created_time": "2025-03-20T19:32:18.406157Z",
            "yes_price": 32,
            "no_price": 68,
            "taker_side": "yes"
        },
        {
            "trade_id": "f78ff1c0-ec44-4822-94ce-c79b5efb6355",
            "ticker": "KXHIGHDEN-25MAR20-B55.5",
            "count": 30,
            "created_time": "2025-03-20T19:32:00.746455Z",
            "yes_price": 31,
