{
    "KXHIGHDEN-25FEB07-T59": [
        {
            "trade_id": "9ae26c68-e1f4-4d25-85a1-0af8376e1d6f",
            "ticker": "KXHIGHDEN-25FEB07-T59",
            "count": 6,
            "created_time": "2025-02-07T18:39:04.3067Z",
            "yes_price": 3,
            "no_price": 97,
            "taker_side": "yes"
        },
        {
            "trade_id": "8a3cb5bf-dbb8-48f5-b0de-2919ddba8d3e",
            "ticker": "KXHIGHDEN-25FEB07-T59",
            "count": 100,
            "created_time": "2025-02-07T18:39:04.3067Z",
            "yes_price": 3,
            "no_price": 97,
            "taker_side": "yes"
        },
        {
            "trade_id": "c7a39dd0-85b7-4076-b896-b0a595730e17",
            "ticker": "KXHIGHDEN-25FEB07-T59",
            "count": 11,
            "created_time": "2025-02-07T17:58:01.791148Z",
            "yes_price": 1,
            "no_price": 99,
            "taker_side": "yes"
        },
        {
            "trade_id": "e1ec3692-8d75-42cf-b138-a4a898c12521",
            "ticker": "KXHIGHDEN-25FEB07-T59",
            "count": 177,
            "created_time": "2025-02-07T17:38:20.019289Z",
            "yes_price": 2,
            "no_price": 98,
            "taker_side": "no"
        },
        {
            "trade_id": "9fa4e4b2-2e4b-462d-9f28-267618177d85",
            "ticker": "KXHIGHDEN-25FEB07-T59",
            "count": 25,
            "created_time": "2025-02-07T17:37:39.138061Z",
            "yes_price": 2,
            "no_price": 98,
            "taker_side": "no"
        },
        {
            "trade_id": "d8f9fc77-c51a-4f14-9e87-912727f5292f",
            "ticker": "KXHIGHDEN-25FEB07-T59",
            "count": 25,
            "created_time": "2025-02-07T17:32:28.371758Z",
            "yes_price": 2,
            "no_price": 98,
            "taker_side": "no"
        },
        {
            "trade_id": "b39651c8-f309-4970-ba0b-418a4a2639df",
            "ticker": "KXHIGHDEN-25FEB07-T59",
            "count": 100,
            "created_time": "2025-02-07T17:31:13.60664Z",
            "yes_price": 3,
            "no_price": 97,
            "taker_side": "no"
        },
        {
            "trade_id": "9d975a4b-7e1c-4c10-988e-f5d490ea29d8",
            "ticker": "KXHIGHDEN-25FEB07-T59",
            "count": 1,
            "created_time": "2025-02-07T17:31:13.60664Z",
            "yes_price": 3,
            "no_price": 97,
            "taker_side": "no"
        },
        {
            "trade_id": "9744fb48-2cd7-4564-bf72-2896e2da0403",
            "ticker": "KXHIGHDEN-25FEB07-T59",
            "count": 1,
            "created_time": "2025-02-07T17:26:03.165229Z",
            "yes_price": 3,
            "no_price": 97,
            "taker_side": "no"
        },
        {
            "trade_id": "77077f74-71b5-4271-b444-79f0832f6902",
            "ticker": "KXHIGHDEN-25FEB07-T59",
            "count": 100,
            "created_time": "2025-02-07T17:26:03.165229Z",
            "yes_price": 3,
            "no_price": 97,
            "taker_side": "no"
        },
        {
            "trade_id": "a7d95861-2e20-4d1e-9a0f-70ff2f0116d4",
            "ticker": "KXHIGHDEN-25FEB07-T59",
            "count": 100,
            "created_time": "2025-02-07T17:21:49.834474Z",
            "yes_price": 4,
            "no_price": 96,
            "taker_side": "no"
        },
        {
            "trade_id": "1c6c132e-e432-416e-8e11-b8f19a3d16da",
            "ticker": "KXHIGHDEN-25FEB07-T59",
            "count": 704,
            "created_time": "2025-02-07T17:21:49.834474Z",
            "yes_price": 4,
            "no_price": 96,
            "taker_side": "no"
        },
        {
            "trade_id": "588b53b5-c8af-4574-8060-b6f106abde6f",
            "ticker": "KXHIGHDEN-25FEB07-T59",
            "count": 25,
            "created_time": "2025-02-07T17:17:27.31429Z",
            "yes_price": 4,
            "no_price": 96,
            "taker_side": "no"
        },
        {
            "trade_id": "ad7b57f3-1ea6-44b5-a988-e03f2c4e523b",
            "ticker": "KXHIGHDEN-25FEB07-T59",
            "count": 536,
            "created_time": "2025-02-07T17:15:35.388842Z",
            "yes_price": 4,
            "no_price": 96,
            "taker_side": "no"
        },
        {
            "trade_id": "0a775791-05b9-4dfa-bd3a-4a57b0b90ad4",
            "ticker": "KXHIGHDEN-25FEB07-T59",
            "count": 200,
            "created_time": "2025-02-07T17:09:05.166677Z",
            "yes_price": 5,
            "no_price": 95,
            "taker_side": "no"
        },
        {
            "trade_id": "f0c6d9d5-ee7f-4916-b829-6a941bde63ad",
            "ticker": "KXHIGHDEN-25FEB07-T59",
            "count": 100,
            "created_time": "2025-02-07T16:48:10.636685Z",
            "yes_price": 6,
            "no_price": 94,
            "taker_side": "yes"
        },
        {
            "trade_id": "86b49fd6-efc7-4861-82a9-6a0e783be959",
            "ticker": "KXHIGHDEN-25FEB07-T59",
            "count": 25,
            "created_time": "2025-02-07T16:48:10.636685Z",
            "yes_price": 6,
            "no_price": 94,
            "taker_side": "yes"
        },
        {
            "trade_id": "49a07fb9-ed2a-485b-9cc6-a22090ec3033",
            "ticker": "KXHIGHDEN-25FEB07-T59",
            "count": 16,
            "created_time": "2025-02-07T16:47:02.297856Z",
            "yes_price": 5,
            "no_price": 95,
            "taker_side": "yes"
        },
        {
            "trade_id": "30544cd1-4f13-4e01-932e-16ce703eba8b",
            "ticker": "KXHIGHDEN-25FEB07-T59",
            "count": 400,
            "created_time": "2025-02-07T16:47:02.297856Z",
            "yes_price": 6,
            "no_price": 94,
            "taker_side": "yes"
        },
        {
            "trade_id": "e6846003-ff2c-4354-ab21-c671d62bfa6c",
            "ticker": "KXHIGHDEN-25FEB07-T59",
            "count": 10,
            "created_time": "2025-02-07T16:44:54.968118Z",
            "yes_price": 4,
            "no_price": 96,
            "taker_side": "no"
        },
        {
            "trade_id": "1d7f231a-da2c-496f-a131-4de6b76dbe17",
            "ticker": "KXHIGHDEN-25FEB07-T59",
            "count": 1,
            "created_time": "2025-02-07T16:44:54.103984Z",
            "yes_price": 5,
            "no_price": 95,
            "taker_side": "no"
        },
        {
            "trade_id": "e668b145-e3d4-4ac6-99c6-3b2c85b99d70",
            "ticker": "KXHIGHDEN-25FEB07-T59",
            "count": 725,
            "created_time": "2025-02-07T16:31:15.9254Z",
            "yes_price": 4,
            "no_price": 96,
            "taker_side": "no"
        },
        {
            "trade_id": "65ec88c1-acb9-4342-bb92-b2d2ffd1d73b",
            "ticker": "KXHIGHDEN-25FEB07-T59",
            "count": 2,
            "created_time": "2025-02-07T16:31:15.9254Z",
            "yes_price": 5,
            "no_price": 95,
            "taker_side": "no"
        },
        {
            "trade_id": "8a5fb432-8284-4885-b8b4-febb3f2c50e4",
            "ticker": "KXHIGHDEN-25FEB07-T59",
            "count": 25,
            "created_time": "2025-02-07T15:52:25.825726Z",
            "yes_price": 5,
            "no_price": 95,
            "taker_side": "no"
        },
        {
            "trade_id": "e1f39b15-920c-4fab-8d28-3cdb9797e1c9",
            "ticker": "KXHIGHDEN-25FEB07-T59",
            "count": 500,
            "created_time": "2025-02-07T15:44:28.430529Z",
            "yes_price": 5,
            "no_price": 95,
            "taker_side": "no"
        },
        {
            "trade_id": "a0bdaf4e-6a5e-42d1-86a5-f861b4d1e9c2",
            "ticker": "KXHIGHDEN-25FEB07-T59",
            "count": 11,
            "created_time": "2025-02-07T15:38:21.802806Z",
            "yes_price": 5,
            "no_price": 95,
            "taker_side": "yes"
        },
        {
            "trade_id": "c14d411b-6b41-4e90-a26a-e650e5a73168",
            "ticker": "KXHIGHDEN-25FEB07-T59",
            "count": 850,
            "created_time": "2025-02-07T15:32:47.950188Z",
            "yes_price": 6,
            "no_price": 94,
            "taker_side": "yes"
        },
        {
            "trade_id": "a16e2b41-ad74-4590-8970-5a17483fef4e",
            "ticker": "KXHIGHDEN-25FEB07-T59",
            "count": 100,
            "created_time": "2025-02-07T15:32:47.950188Z",
            "yes_price": 5,
            "no_price": 95,
            "taker_side": "yes"
        },
        {
            "trade_id": "296c80ea-2649-4fe2-9855-375feea6f70c",
            "ticker": "KXHIGHDEN-25FEB07-T59",
            "count": 50,
            "created_time": "2025-02-07T15:32:47.950188Z",
            "yes_price": 5,
            "no_price": 95,
            "taker_side": "yes"
        },
        {
            "trade_id": "efbe32cb-7d13-4f43-9c7e-14ff14d81bb4",
            "ticker": "KXHIGHDEN-25FEB07-T59",
            "count": 100,
            "created_time": "2025-02-07T15:28:34.187769Z",
            "yes_price": 3,
            "no_price": 97,
            "taker_side": "no"
        },
        {
            "trade_id": "de743a7b-4909-4ad7-98e9-8e199857379c",
            "ticker": "KXHIGHDEN-25FEB07-T59",
            "count": 500,
            "created_time": "2025-02-07T15:28:34.187769Z",
            "yes_price": 3,
            "no_price": 97,
            "taker_side": "no"
        },
        {
            "trade_id": "04a6407b-d50d-406b-bf45-1f8a65960c84",
            "ticker": "KXHIGHDEN-25FEB07-T59",
            "count": 300,
            "created_time": "2025-02-07T15:21:33.561927Z",
            "yes_price": 5,
            "no_price": 95,
            "taker_side": "yes"
        },
        {
            "trade_id": "3b093563-6f65-47d9-838e-5a9d5b6b1ea0",
            "ticker": "KXHIGHDEN-25FEB07-T59",
            "count": 100,
            "created_time": "2025-02-07T15:19:32.268445Z",
            "yes_price": 4,
            "no_price": 96,
            "taker_side": "yes"
        },
        {
            "trade_id": "2d23b6d0-b0e2-4fe9-b6b3-7b6e5c4a98b0",
            "ticker": "KXHIGHDEN-25FEB07-T59",
            "count": 100,
            "created_time": "2025-02-07T15:19:32.268445Z",
            "yes_price": 4,
            "no_price": 96,
            "taker_side": "yes"
        },
        {
            "trade_id": "54c4dcbc-d39a-4b58-9052-64bf07282e3d",
            "ticker": "KXHIGHDEN-25FEB07-T59",
            "count": 273,
            "created_time": "2025-02-07T13:48:43.333302Z",
            "yes_price": 2,
            "no_price": 98,
            "taker_side": "no"
        },
        {
            "trade_id": "3a8c27f8-eea1-4603-9bf2-47bba73eee64",
            "ticker": "KXHIGHDEN-25FEB07-T59",
            "count": 100,
            "created_time": "2025-02-07T13:00:36.374776Z",
            "yes_price": 6,
            "no_price": 94,
            "taker_side": "no"
        },
        {
            "trade_id": "f5ad1481-0e4f-4670-8ffc-cc9b58b399ca",
            "ticker": "KXHIGHDEN-25FEB07-T59",
            "count": 6,
            "created_time": "2025-02-07T03:52:06.045863Z",
            "yes_price": 9,
            "no_price": 91,
            "taker_side": "yes"
        },
        {
            "trade_id": "9c604d55-346e-4585-b459-f9f8af21458b",
            "ticker": "KXHIGHDEN-25FEB07-T59",
            "count": 1,
            "created_time": "2025-02-07T03:52:06.045863Z",
            "yes_price": 9,
            "no_price": 91,
            "taker_side": "yes"
        },
        {
            "trade_id": "81bf39dd-4c74-49c6-8d6c-fff06e17ae5a",
            "ticker": "KXHIGHDEN-25FEB07-T59",
            "count": 82,
            "created_time": "2025-02-07T03:52:06.045863Z",
            "yes_price": 11,
            "no_price": 89,
            "taker_side": "yes"
        },
        {
            "trade_id": "7d76d0ed-2062-4e75-b278-8d7fb9455365",
            "ticker": "KXHIGHDEN-25FEB07-T59",
            "count": 15,
            "created_time": "2025-02-07T03:52:06.045863Z",
            "yes_price": 9,
            "no_price": 91,
            "taker_side": "yes"
        },
        {
            "trade_id": "8f968509-3fb6-4f0f-8c18-521a3934e904",
            "ticker": "KXHIGHDEN-25FEB07-T59",
            "count": 100,
            "created_time": "2025-02-07T03:42:01.088391Z",
            "yes_price": 5,
            "no_price": 95,
            "taker_side": "no"
        },
        {
            "trade_id": "83f7c5fc-bec0-40cd-a05f-66123389dd9f",
            "ticker": "KXHIGHDEN-25FEB07-T59",
            "count": 4,
            "created_time": "2025-02-07T03:42:01.088391Z",
            "yes_price": 3,
            "no_price": 97,
            "taker_side": "no"
        },
        {
            "trade_id": "cffeb477-4a3f-478b-bd55-4a174eb78a17",
            "ticker": "KXHIGHDEN-25FEB07-T59",
            "count": 50,
            "created_time": "2025-02-07T00:22:12.653442Z",
            "yes_price": 9,
            "no_price": 91,
            "taker_side": "yes"
        },
        {
            "trade_id": "5b99749b-977b-4fa5-ad86-80a30be7ebd9",
            "ticker": "KXHIGHDEN-25FEB07-T59",
            "count": 37,
            "created_time": "2025-02-07T00:06:53.57864Z",
            "yes_price": 10,
            "no_price": 90,
            "taker_side": "yes"
        },
        {
            "trade_id": "aa0e561d-7941-4b0a-8119-32691571e0d4",
            "ticker": "KXHIGHDEN-25FEB07-T59",
            "count": 2,
            "created_time": "2025-02-07T00:06:45.511433Z",
            "yes_price": 8,
            "no_price": 92,
            "taker_side": "yes"
        },
        {
            "trade_id": "2d88a2fc-cbf2-4ce0-ad8b-4481c5686ee4",
            "ticker": "KXHIGHDEN-25FEB07-T59",
            "count": 10,
            "created_time": "2025-02-07T00:06:45.511433Z",
            "yes_price": 8,
            "no_price": 92,
            "taker_side": "yes"
        },
        {
            "trade_id": "075cb8ad-8c3c-4fba-9e03-099644aa2fcc",
            "ticker": "KXHIGHDEN-25FEB07-T59",
            "count": 1,
            "created_time": "2025-02-07T00:06:45.511433Z",
            "yes_price": 8,
            "no_price": 92,
            "taker_side": "yes"
        },
        {
            "trade_id": "a20364b1-1055-443d-b0c3-9a999592fe57",
            "ticker": "KXHIGHDEN-25FEB07-T59",
            "count": 207,
            "created_time": "2025-02-06T23:24:44.542298Z",
            "yes_price": 9,
            "no_price": 91,
            "taker_side": "yes"
        },
        {
            "trade_id": "9bc0b65f-5b23-4b2c-bd18-7c072c754725",
            "ticker": "KXHIGHDEN-25FEB07-T59",
            "count": 3,
            "created_time": "2025-02-06T23:24:44.542298Z",
            "yes_price": 7,
            "no_price": 93,
            "taker_side": "yes"
        },
        {
            "trade_id": "7e3f63a1-7fd4-4fdf-a7b8-4bf5d36112b5",
            "ticker": "KXHIGHDEN-25FEB07-T59",
            "count": 1,
            "created_time": "2025-02-06T23:24:44.542298Z",
            "yes_price": 7,
            "no_price": 93,
            "taker_side": "yes"
        },
        {
            "trade_id": "3a01eccb-e5a1-4a05-8095-434aa7257ea8",
            "ticker": "KXHIGHDEN-25FEB07-T59",
            "count": 62,
            "created_time": "2025-02-06T23:24:44.542298Z",
            "yes_price": 7,
            "no_price": 93,
            "taker_side": "yes"
        },
        {
            "trade_id": "db7db211-0628-4f96-980d-a455f1013b84",
            "ticker": "KXHIGHDEN-25FEB07-T59",
            "count": 22,
            "created_time": "2025-02-06T22:47:47.681597Z",
            "yes_price": 7,
            "no_price": 93,
            "taker_side": "yes"
        },
        {
            "trade_id": "ab905ad7-41ec-4670-846d-8224675350cd",
            "ticker": "KXHIGHDEN-25FEB07-T59",
            "count": 9,
            "created_time": "2025-02-06T22:47:47.681597Z",
            "yes_price": 7,
            "no_price": 93,
            "taker_side": "yes"
        },
        {
            "trade_id": "267fec0c-e919-4489-a5a7-50ffca464942",
            "ticker": "KXHIGHDEN-25FEB07-T59",
            "count": 24,
            "created_time": "2025-02-06T22:47:47.681597Z",
            "yes_price": 7,
            "no_price": 93,
            "taker_side": "yes"
        },
        {
            "trade_id": "30550d36-6ced-4e06-8069-58d1a8c78166",
            "ticker": "KXHIGHDEN-25FEB07-T59",
            "count": 24,
            "created_time": "2025-02-06T22:25:13.919468Z",
            "yes_price": 7,
            "no_price": 93,
            "taker_side": "yes"
        },
        {
            "trade_id": "13944bcc-f796-4a34-80bf-675522b809f7",
            "ticker": "KXHIGHDEN-25FEB07-T59",
            "count": 28,
            "created_time": "2025-02-06T22:20:34.610443Z",
            "yes_price": 7,
            "no_price": 93,
            "taker_side": "yes"
        },
        {
            "trade_id": "39faebed-1f95-4545-b76c-9532b79ab10b",
            "ticker": "KXHIGHDEN-25FEB07-T59",
            "count": 3,
            "created_time": "2025-02-06T22:15:53.987715Z",
            "yes_price": 6,
            "no_price": 94,
            "taker_side": "no"
        },
        {
            "trade_id": "eb06e36d-ccc9-47c0-bf99-0effbd2a4635",
            "ticker": "KXHIGHDEN-25FEB07-T59",
            "count": 6,
            "created_time": "2025-02-06T22:15:13.130459Z",
            "yes_price": 6,
            "no_price": 94,
            "taker_side": "yes"
        },
        {
            "trade_id": "15f7500e-bd29-4a86-8f0f-9dfed61d0a02",
            "ticker": "KXHIGHDEN-25FEB07-T59",
            "count": 27,
            "created_time": "2025-02-06T22:15:13.130459Z",
            "yes_price": 6,
            "no_price": 94,
            "taker_side": "yes"
        },
        {
            "trade_id": "e7127716-aa32-4ca5-b7bd-76a5f2e15aab",
            "ticker": "KXHIGHDEN-25FEB07-T59",
            "count": 40,
            "created_time": "2025-02-06T22:10:19.72738Z",
            "yes_price": 6,
            "no_price": 94,
            "taker_side": "yes"
        },
        {
            "trade_id": "8843fe98-79bf-44bd-a239-caf7c93160db",
            "ticker": "KXHIGHDEN-25FEB07-T59",
            "count": 4,
            "created_time": "2025-02-06T22:10:18.094327Z",
            "yes_price": 6,
            "no_price": 94,
            "taker_side": "yes"
        },
        {
            "trade_id": "5cc5cd05-5e37-4bdc-af50-59d00d4cc64f",
            "ticker": "KXHIGHDEN-25FEB07-T59",
            "count": 36,
            "created_time": "2025-02-06T22:10:18.094327Z",
            "yes_price": 6,
            "no_price": 94,
            "taker_side": "yes"
        }
    ],
    "KXHIGHDEN-25FEB07-B59.5": [
        {
            "trade_id": "76410fec-deb7-4e96-8d32-8b3de69cddd0",
            "ticker": "KXHIGHDEN-25FEB07-B59.5",
            "count": 19,
            "created_time": "2025-02-07T20:53:38.395412Z",
            "yes_price": 1,
            "no_price": 99,
            "taker_side": "yes"
        },
        {
            "trade_id": "15b5683e-86e9-4dcb-bf8b-0becb97c15d8",
            "ticker": "KXHIGHDEN-25FEB07-B59.5",
            "count": 1573,
            "created_time": "2025-02-07T19:55:44.07096Z",
            "yes_price": 1,
            "no_price": 99,
            "taker_side": "no"
        },
        {
            "trade_id": "96bc2047-8a9e-498b-8d38-a8c3fcf51af4",
            "ticker": "KXHIGHDEN-25FEB07-B59.5",
            "count": 100,
            "created_time": "2025-02-07T19:53:08.039239Z",
            "yes_price": 2,
            "no_price": 98,
            "taker_side": "yes"
        },
        {
            "trade_id": "275dc964-66f5-48d5-923a-b411f516efe6",
            "ticker": "KXHIGHDEN-25FEB07-B59.5",
            "count": 193,
            "created_time": "2025-02-07T19:53:08.039239Z",
            "yes_price": 2,
            "no_price": 98,
            "taker_side": "yes"
        },
        {
            "trade_id": "4d426d10-6701-4b90-ac1c-8e77c994b653",
            "ticker": "KXHIGHDEN-25FEB07-B59.5",
            "count": 7,
            "created_time": "2025-02-07T19:48:20.219701Z",
            "yes_price": 2,
            "no_price": 98,
            "taker_side": "yes"
        },
        {
            "trade_id": "ada1e8d1-0120-4edd-b7fe-2aa94528b5b4",
            "ticker": "KXHIGHDEN-25FEB07-B59.5",
            "count": 40,
            "created_time": "2025-02-07T19:43:27.367202Z",
            "yes_price": 1,
            "no_price": 99,
            "taker_side": "no"
        },
        {
            "trade_id": "88f41ee0-417d-40fe-b80a-846d17e58859",
            "ticker": "KXHIGHDEN-25FEB07-B59.5",
            "count": 20,
            "created_time": "2025-02-07T19:35:45.741958Z",
            "yes_price": 1,
            "no_price": 99,
            "taker_side": "no"
        },
        {
            "trade_id": "6c1cd89b-ef9c-4b18-9c45-0fcf6b6757cb",
            "ticker": "KXHIGHDEN-25FEB07-B59.5",
            "count": 20,
            "created_time": "2025-02-07T19:35:15.611681Z",
            "yes_price": 1,
            "no_price": 99,
            "taker_side": "yes"
        },
        {
            "trade_id": "36d18c55-2d62-4b5f-a197-294e9f168123",
            "ticker": "KXHIGHDEN-25FEB07-B59.5",
            "count": 40,
            "created_time": "2025-02-07T19:30:24.659625Z",
            "yes_price": 1,
            "no_price": 99,
            "taker_side": "yes"
        },
        {
            "trade_id": "f5f0ff6c-00b0-466e-a53b-f1a64a8bcac4",
            "ticker": "KXHIGHDEN-25FEB07-B59.5",
            "count": 100,
            "created_time": "2025-02-07T19:29:55.877113Z",
            "yes_price": 1,
            "no_price": 99,
            "taker_side": "no"
        },
        {
            "trade_id": "a507dd1d-610f-4fa6-a1c0-4d876b87a59f",
            "ticker": "KXHIGHDEN-25FEB07-B59.5",
            "count": 200,
            "created_time": "2025-02-07T19:29:55.877113Z",
            "yes_price": 1,
            "no_price": 99,
            "taker_side": "no"
        },
        {
            "trade_id": "46678f6b-1fa7-41a2-839a-b5bff8398423",
            "ticker": "KXHIGHDEN-25FEB07-B59.5",
            "count": 40,
            "created_time": "2025-02-07T19:29:55.877113Z",
            "yes_price": 1,
            "no_price": 99,
            "taker_side": "no"
        },
        {
            "trade_id": "907e05ba-7461-4daf-a6ba-770d6b90cb00",
            "ticker": "KXHIGHDEN-25FEB07-B59.5",
            "count": 198,
            "created_time": "2025-02-07T19:28:32.670728Z",
            "yes_price": 2,
            "no_price": 98,
            "taker_side": "no"
        },
        {
            "trade_id": "c65739fb-1f13-4bae-a650-5dc76c94c692",
            "ticker": "KXHIGHDEN-25FEB07-B59.5",
            "count": 2,
            "created_time": "2025-02-07T19:27:19.7261Z",
            "yes_price": 2,
            "no_price": 98,
            "taker_side": "yes"
        },
        {
            "trade_id": "ec3706b0-0a97-4561-b129-56e6e4ae3520",
            "ticker": "KXHIGHDEN-25FEB07-B59.5",
            "count": 190,
            "created_time": "2025-02-07T19:24:41.474772Z",
            "yes_price": 1,
            "no_price": 99,
            "taker_side": "yes"
        },
        {
            "trade_id": "a9cee973-7b12-4750-a217-d2dce65b2875",
            "ticker": "KXHIGHDEN-25FEB07-B59.5",
            "count": 9,
            "created_time": "2025-02-07T19:24:41.474772Z",
            "yes_price": 1,
            "no_price": 99,
            "taker_side": "yes"
        },
        {
            "trade_id": "b827eb00-2c5e-4304-9b0f-8aee081668ff",
            "ticker": "KXHIGHDEN-25FEB07-B59.5",
            "count": 40,
            "created_time": "2025-02-07T19:23:04.176138Z",
            "yes_price": 1,
            "no_price": 99,
            "taker_side": "no"
        },
        {
            "trade_id": "9bf462d6-c83a-4da6-9938-36dc9a9acac6",
            "ticker": "KXHIGHDEN-25FEB07-B59.5",
            "count": 75,
            "created_time": "2025-02-07T19:23:02.629178Z",
            "yes_price": 4,
            "no_price": 96,
            "taker_side": "no"
        },
        {
            "trade_id": "9919b7e9-6270-42cf-991e-d8d81a5bdea1",
            "ticker": "KXHIGHDEN-25FEB07-B59.5",
            "count": 200,
            "created_time": "2025-02-07T19:23:02.629178Z",
            "yes_price": 3,
            "no_price": 97,
            "taker_side": "no"
        },
        {
            "trade_id": "58cc17de-42fb-49f1-abab-2cf88de20faa",
            "ticker": "KXHIGHDEN-25FEB07-B59.5",
            "count": 25,
            "created_time": "2025-02-07T19:22:23.19567Z",
            "yes_price": 4,
            "no_price": 96,
            "taker_side": "no"
        },
        {
            "trade_id": "147b1902-a0d9-416e-8365-9db389e28254",
            "ticker": "KXHIGHDEN-25FEB07-B59.5",
            "count": 4,
            "created_time": "2025-02-07T19:12:18.168852Z",
            "yes_price": 6,
            "no_price": 94,
            "taker_side": "yes"
        },
        {
            "trade_id": "b3309bc0-f3ce-44e5-95b6-1b11f41c1778",
            "ticker": "KXHIGHDEN-25FEB07-B59.5",
            "count": 7,
            "created_time": "2025-02-07T18:59:41.04229Z",
            "yes_price": 4,
            "no_price": 96,
            "taker_side": "no"
        },
        {
            "trade_id": "48bafe1b-1d25-4d12-b822-255f604680fb",
            "ticker": "KXHIGHDEN-25FEB07-B59.5",
            "count": 349,
            "created_time": "2025-02-07T18:59:00.901675Z",
            "yes_price": 6,
            "no_price": 94,
            "taker_side": "yes"
        },
        {
            "trade_id": "2133da96-0d79-405f-a6a6-3d45beb6819b",
            "ticker": "KXHIGHDEN-25FEB07-B59.5",
            "count": 4,
            "created_time": "2025-02-07T18:59:00.901675Z",
            "yes_price": 5,
            "no_price": 95,
            "taker_side": "yes"
        },
        {
            "trade_id": "aa600dbc-e15b-4141-9699-92145efa1adc",
            "ticker": "KXHIGHDEN-25FEB07-B59.5",
            "count": 94,
            "created_time": "2025-02-07T18:44:57.209966Z",
            "yes_price": 5,
            "no_price": 95,
            "taker_side": "yes"
        },
        {
            "trade_id": "0e163161-f5a9-48a8-b4f3-ec2efaf561f5",
            "ticker": "KXHIGHDEN-25FEB07-B59.5",
            "count": 6,
            "created_time": "2025-02-07T18:44:57.209966Z",
            "yes_price": 5,
            "no_price": 95,
            "taker_side": "yes"
        },
        {
            "trade_id": "88218997-0cd1-4c24-97bb-b15b1f3b7e8e",
            "ticker": "KXHIGHDEN-25FEB07-B59.5",
            "count": 86,
            "created_time": "2025-02-07T18:38:03.617935Z",
            "yes_price": 2,
            "no_price": 98,
            "taker_side": "no"
        },
        {
            "trade_id": "63a3671e-a4c7-412d-966e-ce20ca372662",
            "ticker": "KXHIGHDEN-25FEB07-B59.5",
            "count": 26,
            "created_time": "2025-02-07T18:38:03.617935Z",
            "yes_price": 2,
            "no_price": 98,
            "taker_side": "no"
        },
        {
            "trade_id": "ae80b4fb-7bf0-4c58-add8-9cb4cfeb04d0",
            "ticker": "KXHIGHDEN-25FEB07-B59.5",
            "count": 37,
            "created_time": "2025-02-07T18:28:47.978165Z",
            "yes_price": 3,
            "no_price": 97,
            "taker_side": "no"
        },
        {
            "trade_id": "71223ed1-df58-432e-adb5-3228e3254f4b",
            "ticker": "KXHIGHDEN-25FEB07-B59.5",
            "count": 49,
            "created_time": "2025-02-07T18:28:47.978165Z",
            "yes_price": 3,
            "no_price": 97,
            "taker_side": "no"
        },
        {
            "trade_id": "f75581a9-defb-4beb-b42f-a6fdf3a42363",
            "ticker": "KXHIGHDEN-25FEB07-B59.5",
            "count": 14,
            "created_time": "2025-02-07T18:28:47.116621Z",
            "yes_price": 3,
            "no_price": 97,
            "taker_side": "no"
        },
        {
            "trade_id": "8b467b68-d114-46fe-8462-901b06c57c97",
            "ticker": "KXHIGHDEN-25FEB07-B59.5",
            "count": 376,
            "created_time": "2025-02-07T18:23:45.115318Z",
            "yes_price": 6,
            "no_price": 94,
            "taker_side": "yes"
        },
        {
            "trade_id": "fb98ba0a-1091-45d2-a858-75d905b1500a",
            "ticker": "KXHIGHDEN-25FEB07-B59.5",
            "count": 6,
            "created_time": "2025-02-07T18:23:39.977296Z",
            "yes_price": 4,
            "no_price": 96,
            "taker_side": "yes"
        },
        {
            "trade_id": "eb2331cd-1e06-43c9-9d64-f3e22772288f",
            "ticker": "KXHIGHDEN-25FEB07-B59.5",
            "count": 124,
            "created_time": "2025-02-07T18:23:39.977296Z",
            "yes_price": 6,
            "no_price": 94,
            "taker_side": "yes"
        },
        {
            "trade_id": "a93acf87-655c-4299-af59-229227e651a6",
            "ticker": "KXHIGHDEN-25FEB07-B59.5",
            "count": 100,
            "created_time": "2025-02-07T18:23:39.977296Z",
            "yes_price": 4,
            "no_price": 96,
            "taker_side": "yes"
        },
        {
            "trade_id": "6b25d8eb-2c75-4335-9bbf-0f4b9d057c3b",
            "ticker": "KXHIGHDEN-25FEB07-B59.5",
            "count": 270,
            "created_time": "2025-02-07T18:23:39.977296Z",
            "yes_price": 5,
            "no_price": 95,
            "taker_side": "yes"
        },
        {
            "trade_id": "3f408513-1f85-4977-89a4-c7b06bb28d90",
            "ticker": "KXHIGHDEN-25FEB07-B59.5",
            "count": 30,
            "created_time": "2025-02-07T18:21:52.819509Z",
            "yes_price": 5,
            "no_price": 95,
            "taker_side": "yes"
        },
        {
            "trade_id": "09c45257-6997-4d04-a5c8-5cdcd83da790",
            "ticker": "KXHIGHDEN-25FEB07-B59.5",
            "count": 200,
            "created_time": "2025-02-07T18:19:05.614119Z",
            "yes_price": 5,
            "no_price": 95,
            "taker_side": "yes"
        },
        {
            "trade_id": "88ae8b6e-23dc-4a49-b32f-79e39c2c5146",
            "ticker": "KXHIGHDEN-25FEB07-B59.5",
            "count": 465,
            "created_time": "2025-02-07T18:02:44.704338Z",
            "yes_price": 3,
            "no_price": 97,
            "taker_side": "no"
        },
        {
            "trade_id": "c05a1829-fc75-4ee9-ab57-734bda4e0612",
            "ticker": "KXHIGHDEN-25FEB07-B59.5",
            "count": 25,
            "created_time": "2025-02-07T17:57:46.005867Z",
            "yes_price": 3,
            "no_price": 97,
            "taker_side": "no"
        },
        {
            "trade_id": "5780dcb1-818b-413e-9447-ad88f5c86a1a",
            "ticker": "KXHIGHDEN-25FEB07-B59.5",
            "count": 510,
            "created_time": "2025-02-07T17:57:00.567583Z",
            "yes_price": 3,
            "no_price": 97,
            "taker_side": "no"
        },
        {
            "trade_id": "31f5128b-2e19-4c19-931d-3c9a75b5b430",
            "ticker": "KXHIGHDEN-25FEB07-B59.5",
            "count": 1000,
            "created_time": "2025-02-07T17:49:16.508318Z",
            "yes_price": 3,
            "no_price": 97,
            "taker_side": "no"
        },
        {
            "trade_id": "db660de6-820f-4c47-91e6-4f035952b9c5",
            "ticker": "KXHIGHDEN-25FEB07-B59.5",
            "count": 7,
            "created_time": "2025-02-07T17:28:00.902386Z",
            "yes_price": 7,
            "no_price": 93,
            "taker_side": "yes"
        },
        {
            "trade_id": "c071bf11-b253-4f87-bbad-78f3ea01217e",
            "ticker": "KXHIGHDEN-25FEB07-B59.5",
            "count": 94,
            "created_time": "2025-02-07T17:28:00.902386Z",
            "yes_price": 7,
            "no_price": 93,
            "taker_side": "yes"
        },
        {
            "trade_id": "839ef2cb-c104-4cef-949f-07a98f6f28d3",
            "ticker": "KXHIGHDEN-25FEB07-B59.5",
            "count": 300,
            "created_time": "2025-02-07T17:22:25.337315Z",
            "yes_price": 4,
            "no_price": 96,
            "taker_side": "no"
        },
        {
            "trade_id": "cb1c2394-b04f-435a-828c-33d541dcee82",
            "ticker": "KXHIGHDEN-25FEB07-B59.5",
            "count": 89,
            "created_time": "2025-02-07T16:45:35.808771Z",
            "yes_price": 6,
            "no_price": 94,
            "taker_side": "no"
        },
        {
            "trade_id": "df6b267d-bf97-42be-a446-1bc31b6082ba",
            "ticker": "KXHIGHDEN-25FEB07-B59.5",
            "count": 10,
            "created_time": "2025-02-07T16:44:54.964168Z",
            "yes_price": 6,
            "no_price": 94,
            "taker_side": "no"
        },
        {
            "trade_id": "02513dc1-cdaa-40f0-ab25-ee8b3a63f218",
            "ticker": "KXHIGHDEN-25FEB07-B59.5",
            "count": 1,
            "created_time": "2025-02-07T16:44:54.104444Z",
            "yes_price": 6,
            "no_price": 94,
            "taker_side": "no"
        },
        {
            "trade_id": "8dfb5041-fc9c-4061-b576-0f499c1b8aff",
            "ticker": "KXHIGHDEN-25FEB07-B59.5",
            "count": 10,
            "created_time": "2025-02-07T15:50:44.430428Z",
            "yes_price": 6,
            "no_price": 94,
            "taker_side": "no"
        },
        {
            "trade_id": "468d2e2c-904f-4728-aadd-f094b19f90f2",
            "ticker": "KXHIGHDEN-25FEB07-B59.5",
            "count": 1000,
            "created_time": "2025-02-07T15:33:08.00271Z",
            "yes_price": 7,
            "no_price": 93,
            "taker_side": "yes"
        },
        {
            "trade_id": "3ae2fd00-1a8c-4e82-8eab-83f74c37413c",
            "ticker": "KXHIGHDEN-25FEB07-B59.5",
            "count": 25,
            "created_time": "2025-02-07T15:29:41.12243Z",
            "yes_price": 3,
            "no_price": 97,
            "taker_side": "no"
        },
        {
            "trade_id": "4e19103c-7fbb-45df-9416-42240b900a77",
            "ticker": "KXHIGHDEN-25FEB07-B59.5",
            "count": 500,
            "created_time": "2025-02-07T15:28:10.212508Z",
            "yes_price": 4,
            "no_price": 96,
            "taker_side": "no"
        },
        {
            "trade_id": "129ec016-955d-4523-a723-1ea29449d024",
            "ticker": "KXHIGHDEN-25FEB07-B59.5",
            "count": 100,
            "created_time": "2025-02-07T15:28:10.212508Z",
            "yes_price": 4,
            "no_price": 96,
            "taker_side": "no"
        },
        {
            "trade_id": "f2b3ae53-4b4a-4728-b506-c6e12e193f4d",
            "ticker": "KXHIGHDEN-25FEB07-B59.5",
            "count": 50,
            "created_time": "2025-02-07T15:21:38.117152Z",
            "yes_price": 6,
            "no_price": 94,
            "taker_side": "yes"
        },
        {
            "trade_id": "eaf530e1-170c-47eb-85a7-bcc332fcd8f6",
            "ticker": "KXHIGHDEN-25FEB07-B59.5",
            "count": 17,
            "created_time": "2025-02-07T15:21:38.117152Z",
            "yes_price": 6,
            "no_price": 94,
            "taker_side": "yes"
        },
        {
            "trade_id": "e4b291d7-6a27-40f7-9d0d-c6d25a29f7dd",
            "ticker": "KXHIGHDEN-25FEB07-B59.5",
            "count": 115,
            "created_time": "2025-02-07T15:21:38.117152Z",
            "yes_price": 7,
            "no_price": 93,
            "taker_side": "yes"
        },
        {
            "trade_id": "d4ad0799-e353-464c-9ba0-1c36c6ad4d77",
            "ticker": "KXHIGHDEN-25FEB07-B59.5",
            "count": 18,
            "created_time": "2025-02-07T15:21:38.117152Z",
            "yes_price": 6,
            "no_price": 94,
            "taker_side": "yes"
        },
        {
            "trade_id": "a909bc8d-b3f2-404a-8139-6c7c58590d5a",
            "ticker": "KXHIGHDEN-25FEB07-B59.5",
            "count": 100,
            "created_time": "2025-02-07T15:21:38.117152Z",
            "yes_price": 6,
            "no_price": 94,
            "taker_side": "yes"
        },
        {
            "trade_id": "fb8863a2-a783-4d84-a28d-012d40408db7",
            "ticker": "KXHIGHDEN-25FEB07-B59.5",
            "count": 100,
            "created_time": "2025-02-07T15:19:02.755392Z",
            "yes_price": 5,
            "no_price": 95,
            "taker_side": "yes"
        },
        {
            "trade_id": "37243b42-7f79-49f0-9dbb-6793d107005c",
            "ticker": "KXHIGHDEN-25FEB07-B59.5",
            "count": 100,
            "created_time": "2025-02-07T15:19:02.755392Z",
            "yes_price": 5,
            "no_price": 95,
            "taker_side": "yes"
        },
        {
            "trade_id": "b76cc3a1-1cce-42f7-8d90-6111eb702103",
            "ticker": "KXHIGHDEN-25FEB07-B59.5",
            "count": 214,
            "created_time": "2025-02-07T13:48:59.266205Z",
            "yes_price": 2,
            "no_price": 98,
            "taker_side": "no"
        },
        {
            "trade_id": "2621f808-7a6e-443c-857f-137849920cba",
            "ticker": "KXHIGHDEN-25FEB07-B59.5",
            "count": 100,
            "created_time": "2025-02-07T13:00:45.946529Z",
            "yes_price": 6,
            "no_price": 94,
            "taker_side": "no"
        },
        {
            "trade_id": "f0bbf00e-dccf-4d69-b158-fa5a5ff01f13",
            "ticker": "KXHIGHDEN-25FEB07-B59.5",
            "count": 86,
            "created_time": "2025-02-07T03:51:59.003216Z",
            "yes_price": 9,
            "no_price": 91,
            "taker_side": "yes"
        },
        {
            "trade_id": "39817e6c-ed36-4876-afbc-65565657cf51",
            "ticker": "KXHIGHDEN-25FEB07-B59.5",
            "count": 18,
            "created_time": "2025-02-07T03:51:59.003216Z",
            "yes_price": 9,
            "no_price": 91,
            "taker_side": "yes"
        },
        {
            "trade_id": "f6fa8c7e-966c-42fd-a622-be372fdb7881",
            "ticker": "KXHIGHDEN-25FEB07-B59.5",
            "count": 100,
            "created_time": "2025-02-07T03:42:10.683306Z",
            "yes_price": 5,
            "no_price": 95,
            "taker_side": "no"
        },
        {
            "trade_id": "17273eb9-40db-4461-ad77-23f0658cc8c5",
            "ticker": "KXHIGHDEN-25FEB07-B59.5",
            "count": 4,
            "created_time": "2025-02-07T03:42:10.683306Z",
            "yes_price": 5,
            "no_price": 95,
            "taker_side": "no"
        },
        {
            "trade_id": "406f507e-2f03-48a4-a813-220365c19923",
            "ticker": "KXHIGHDEN-25FEB07-B59.5",
            "count": 1,
            "created_time": "2025-02-07T03:30:58.443472Z",
            "yes_price": 13,
            "no_price": 87,
            "taker_side": "yes"
        },
        {
            "trade_id": "d9adc7dd-bd55-4a58-a8d1-28d77face5d5",
            "ticker": "KXHIGHDEN-25FEB07-B59.5",
            "count": 45,
            "created_time": "2025-02-06T23:25:16.332296Z",
            "yes_price": 10,
            "no_price": 90,
            "taker_side": "yes"
        },
        {
            "trade_id": "a394d051-d237-4b40-90b2-8272169ec1ce",
            "ticker": "KXHIGHDEN-25FEB07-B59.5",
            "count": 57,
            "created_time": "2025-02-06T23:25:16.332296Z",
            "yes_price": 10,
            "no_price": 90,
            "taker_side": "yes"
        },
        {
            "trade_id": "3b0a0d37-4350-4468-9a4c-f004267312b1",
            "ticker": "KXHIGHDEN-25FEB07-B59.5",
            "count": 103,
            "created_time": "2025-02-06T23:25:16.332296Z",
            "yes_price": 12,
            "no_price": 88,
            "taker_side": "yes"
        },
        {
            "trade_id": "0658d8ca-d222-4cd0-9c71-cd4f2b3962de",
            "ticker": "KXHIGHDEN-25FEB07-B59.5",
            "count": 9,
            "created_time": "2025-02-06T23:25:16.332296Z",
            "yes_price": 10,
            "no_price": 90,
            "taker_side": "yes"
        },
        {
            "trade_id": "4aad83ff-3f77-4cff-b9a4-8a768507a4e6",
            "ticker": "KXHIGHDEN-25FEB07-B59.5",
            "count": 1,
            "created_time": "2025-02-06T22:46:48.015955Z",
            "yes_price": 10,
            "no_price": 90,
            "taker_side": "yes"
        },
        {
            "trade_id": "34e87727-a123-4398-8da4-e19bcf11dbe3",
            "ticker": "KXHIGHDEN-25FEB07-B59.5",
            "count": 5,
            "created_time": "2025-02-06T22:46:48.015955Z",
            "yes_price": 10,
            "no_price": 90,
            "taker_side": "yes"
        },
        {
            "trade_id": "11ba9bd2-0a17-46be-a44b-349bd2f1bf38",
            "ticker": "KXHIGHDEN-25FEB07-B59.5",
            "count": 106,
            "created_time": "2025-02-06T22:46:48.015955Z",
            "yes_price": 10,
            "no_price": 90,
            "taker_side": "yes"
        },
        {
            "trade_id": "d198551a-2d0f-46e8-b515-04c25e2830c6",
            "ticker": "KXHIGHDEN-25FEB07-B59.5",
            "count": 27,
            "created_time": "2025-02-06T22:10:19.988708Z",
            "yes_price": 9,
            "no_price": 91,
            "taker_side": "yes"
        },
        {
            "trade_id": "2d2f1a4f-e0b2-4729-9e90-e608a52bad57",
            "ticker": "KXHIGHDEN-25FEB07-B59.5",
            "count": 11,
            "created_time": "2025-02-06T22:10:19.988708Z",
            "yes_price": 9,
            "no_price": 91,
            "taker_side": "yes"
        }
    ],
    "KXHIGHDEN-25FEB07-B61.5": [
        {
            "trade_id": "6dcbacba-b43a-4297-b73b-9771651cd3ec",
            "ticker": "KXHIGHDEN-25FEB07-B61.5",
            "count": 93,
            "created_time": "2025-02-08T05:05:22.280983Z",
            "yes_price": 1,
            "no_price": 99,
            "taker_side": "yes"
        },
        {
            "trade_id": "15d11283-bb8b-44da-b173-f488f7ed87fb",
            "ticker": "KXHIGHDEN-25FEB07-B61.5",
            "count": 311,
            "created_time": "2025-02-08T03:43:02.981491Z",
            "yes_price": 1,
            "no_price": 99,
            "taker_side": "yes"
        },
        {
            "trade_id": "cc039865-357d-4616-96ec-752f03147154",
            "ticker": "KXHIGHDEN-25FEB07-B61.5",
            "count": 4,
            "created_time": "2025-02-08T03:20:52.67221Z",
            "yes_price": 1,
            "no_price": 99,
            "taker_side": "yes"
        },
        {
            "trade_id": "13955fdb-8eaf-4b01-ae2e-4e3683e97774",
            "ticker": "KXHIGHDEN-25FEB07-B61.5",
            "count": 10,
            "created_time": "2025-02-08T02:41:59.185202Z",
            "yes_price": 1,
            "no_price": 99,
            "taker_side": "yes"
        },
        {
            "trade_id": "522ce83a-470c-4c8a-b04c-5bc09269a6ef",
            "ticker": "KXHIGHDEN-25FEB07-B61.5",
            "count": 50,
            "created_time": "2025-02-08T00:47:56.463825Z",
            "yes_price": 1,
            "no_price": 99,
            "taker_side": "yes"
        },
        {
            "trade_id": "ed2b3244-d345-4c8d-8bde-a64962c25b3d",
            "ticker": "KXHIGHDEN-25FEB07-B61.5",
            "count": 832,
            "created_time": "2025-02-08T00:02:09.914447Z",
            "yes_price": 1,
            "no_price": 99,
            "taker_side": "yes"
        },
        {
            "trade_id": "d8f38244-2b25-4cf8-9928-6afc90cebf66",
            "ticker": "KXHIGHDEN-25FEB07-B61.5",
            "count": 2350,
            "created_time": "2025-02-07T23:56:04.288134Z",
            "yes_price": 1,
            "no_price": 99,
            "taker_side": "yes"
        },
        {
            "trade_id": "4addf84b-77b3-4ccf-b1b5-172713ee6c78",
            "ticker": "KXHIGHDEN-25FEB07-B61.5",
            "count": 55,
            "created_time": "2025-02-07T23:38:42.66764Z",
            "yes_price": 1,
            "no_price": 99,
            "taker_side": "yes"
        },
        {
            "trade_id": "e431606d-6a0d-4f0e-aa79-31cb86e0b8c7",
            "ticker": "KXHIGHDEN-25FEB07-B61.5",
            "count": 17,
            "created_time": "2025-02-07T23:30:21.136824Z",
            "yes_price": 1,
            "no_price": 99,
            "taker_side": "yes"
        },
        {
            "trade_id": "270c7c1a-f51d-42bd-920e-88323b190b69",
            "ticker": "KXHIGHDEN-25FEB07-B61.5",
            "count": 50,
            "created_time": "2025-02-07T23:30:11.448711Z",
            "yes_price": 1,
            "no_price": 99,
            "taker_side": "yes"
        },
        {
            "trade_id": "95d51260-2e3d-465d-90be-8e3fb4ebc18d",
            "ticker": "KXHIGHDEN-25FEB07-B61.5",
            "count": 196,
            "created_time": "2025-02-07T23:29:50.729764Z",
            "yes_price": 1,
            "no_price": 99,
            "taker_side": "yes"
        },
        {
            "trade_id": "dea6eefa-623f-4078-8dab-8bc379eadf3d",
            "ticker": "KXHIGHDEN-25FEB07-B61.5",
            "count": 235,
            "created_time": "2025-02-07T23:29:48.519741Z",
            "yes_price": 1,
            "no_price": 99,
            "taker_side": "yes"
        },
        {
            "trade_id": "6e789a2e-aa0c-47dc-a44c-a8db0cb71a2f",
            "ticker": "KXHIGHDEN-25FEB07-B61.5",
            "count": 25,
            "created_time": "2025-02-07T23:25:35.040114Z",
            "yes_price": 1,
            "no_price": 99,
            "taker_side": "yes"
        },
        {
            "trade_id": "7674e962-29f2-4829-9341-36a28b21f448",
            "ticker": "KXHIGHDEN-25FEB07-B61.5",
            "count": 39,
            "created_time": "2025-02-07T23:20:20.64098Z",
            "yes_price": 1,
            "no_price": 99,
            "taker_side": "yes"
        },
        {
            "trade_id": "c207e424-73ae-45a8-83a4-3d093198d89c",
            "ticker": "KXHIGHDEN-25FEB07-B61.5",
            "count": 50,
            "created_time": "2025-02-07T23:17:07.427778Z",
            "yes_price": 1,
            "no_price": 99,
            "taker_side": "yes"
        },
        {
            "trade_id": "dac88d76-eda6-4f15-9335-8b79c4fd924b",
            "ticker": "KXHIGHDEN-25FEB07-B61.5",
            "count": 50,
            "created_time": "2025-02-07T23:17:07.391878Z",
            "yes_price": 1,
            "no_price": 99,
            "taker_side": "no"
        },
        {
            "trade_id": "cc4b3992-57cf-4bd1-b79c-3066b4cfaf74",
            "ticker": "KXHIGHDEN-25FEB07-B61.5",
            "count": 100,
            "created_time": "2025-02-07T23:17:07.391878Z",
            "yes_price": 1,
            "no_price": 99,
            "taker_side": "no"
        },
        {
            "trade_id": "3724885d-73da-4316-b287-47e9841155d7",
            "ticker": "KXHIGHDEN-25FEB07-B61.5",
            "count": 120,
            "created_time": "2025-02-07T23:17:07.391878Z",
            "yes_price": 1,
            "no_price": 99,
            "taker_side": "no"
        },
        {
            "trade_id": "07274972-a156-4b23-a135-a1579cdc8b14",
            "ticker": "KXHIGHDEN-25FEB07-B61.5",
            "count": 40,
            "created_time": "2025-02-07T23:17:07.391878Z",
            "yes_price": 1,
            "no_price": 99,
            "taker_side": "no"
        },
        {
            "trade_id": "5fc1961e-52ba-418c-bb89-304bd6f0e0a5",
            "ticker": "KXHIGHDEN-25FEB07-B61.5",
            "count": 21,
            "created_time": "2025-02-07T23:17:07.237683Z",
            "yes_price": 10,
            "no_price": 90,
            "taker_side": "no"
        },
        {
            "trade_id": "5b87a02a-4fd7-4195-b20d-dcc25a546045",
            "ticker": "KXHIGHDEN-25FEB07-B61.5",
            "count": 40,
            "created_time": "2025-02-07T23:17:07.237683Z",
            "yes_price": 5,
            "no_price": 95,
            "taker_side": "no"
        },
        {
            "trade_id": "23437118-5101-406e-86dc-d14540c0f042",
            "ticker": "KXHIGHDEN-25FEB07-B61.5",
            "count": 400,
            "created_time": "2025-02-07T23:17:07.237683Z",
            "yes_price": 2,
            "no_price": 98,
            "taker_side": "no"
        },
        {
            "trade_id": "ceab0b6d-b36f-44b6-b377-4787f95f0944",
            "ticker": "KXHIGHDEN-25FEB07-B61.5",
            "count": 4,
            "created_time": "2025-02-07T23:17:07.078479Z",
            "yes_price": 11,
            "no_price": 89,
            "taker_side": "no"
        },
        {
            "trade_id": "ca5304f1-4ca3-499d-b128-afe16b919dc4",
            "ticker": "KXHIGHDEN-25FEB07-B61.5",
            "count": 19,
            "created_time": "2025-02-07T23:17:07.078479Z",
            "yes_price": 20,
            "no_price": 80,
            "taker_side": "no"
        },
        {
            "trade_id": "9b929510-13a3-4ee7-b271-471d44571567",
            "ticker": "KXHIGHDEN-25FEB07-B61.5",
            "count": 50,
            "created_time": "2025-02-07T23:17:07.078479Z",
            "yes_price": 20,
            "no_price": 80,
            "taker_side": "no"
        },
        {
            "trade_id": "31dc9be2-bfce-4239-a8ea-fc5c622adb40",
            "ticker": "KXHIGHDEN-25FEB07-B61.5",
            "count": 500,
            "created_time": "2025-02-07T23:17:07.078479Z",
            "yes_price": 17,
            "no_price": 83,
            "taker_side": "no"
        },
        {
            "trade_id": "0ae3eadf-4286-45db-b573-34d7059e74f2",
            "ticker": "KXHIGHDEN-25FEB07-B61.5",
            "count": 15,
            "created_time": "2025-02-07T23:17:07.078479Z",
            "yes_price": 20,
            "no_price": 80,
            "taker_side": "no"
        },
        {
            "trade_id": "4d83ba13-9b75-4d0a-8f41-d5108ee5b78c",
            "ticker": "KXHIGHDEN-25FEB07-B61.5",
            "count": 320,
            "created_time": "2025-02-07T23:14:44.551069Z",
            "yes_price": 29,
            "no_price": 71,
            "taker_side": "yes"
        },
        {
            "trade_id": "6673a3af-9022-4c67-bad9-903f3f4635b0",
            "ticker": "KXHIGHDEN-25FEB07-B61.5",
            "count": 33,
            "created_time": "2025-02-07T23:14:26.438607Z",
            "yes_price": 27,
            "no_price": 73,
            "taker_side": "yes"
        },
        {
            "trade_id": "ab194cfe-ee0f-4433-92d2-afd3ffe46a54",
            "ticker": "KXHIGHDEN-25FEB07-B61.5",
            "count": 1,
            "created_time": "2025-02-07T23:14:08.133859Z",
            "yes_price": 27,
            "no_price": 73,
            "taker_side": "yes"
        },
        {
            "trade_id": "21622777-2c90-4eba-9ee7-f4b878e3d414",
            "ticker": "KXHIGHDEN-25FEB07-B61.5",
            "count": 4,
            "created_time": "2025-02-07T23:13:30.814912Z",
            "yes_price": 27,
            "no_price": 73,
            "taker_side": "yes"
        },
        {
            "trade_id": "128e3bc5-0df0-4c10-bc8c-b37cf764a514",
            "ticker": "KXHIGHDEN-25FEB07-B61.5",
            "count": 2,
            "created_time": "2025-02-07T23:13:30.814912Z",
            "yes_price": 25,
            "no_price": 75,
            "taker_side": "yes"
        },
        {
            "trade_id": "0736dd40-0c6f-4f58-add0-141bd27d2996",
            "ticker": "KXHIGHDEN-25FEB07-B61.5",
            "count": 15,
            "created_time": "2025-02-07T23:13:30.814912Z",
            "yes_price": 28,
            "no_price": 72,
            "taker_side": "yes"
        },
        {
            "trade_id": "efca33e0-1618-4213-baac-382f1571497f",
            "ticker": "KXHIGHDEN-25FEB07-B61.5",
            "count": 3,
            "created_time": "2025-02-07T23:11:30.686579Z",
            "yes_price": 25,
            "no_price": 75,
            "taker_side": "yes"
        },
        {
            "trade_id": "b0b8f56e-68f2-48da-a0c2-3ddd6c828cd2",
            "ticker": "KXHIGHDEN-25FEB07-B61.5",
            "count": 48,
            "created_time": "2025-02-07T23:10:20.423397Z",
            "yes_price": 17,
            "no_price": 83,
            "taker_side": "no"
        },
        {
            "trade_id": "19611535-9768-405d-bdcb-b590ed491dc4",
            "ticker": "KXHIGHDEN-25FEB07-B61.5",
            "count": 6,
            "created_time": "2025-02-07T23:08:28.219619Z",
            "yes_price": 28,
            "no_price": 72,
            "taker_side": "yes"
        },
        {
            "trade_id": "bc40ae67-f3ca-4a61-88ce-0610cff11dca",
            "ticker": "KXHIGHDEN-25FEB07-B61.5",
            "count": 50,
            "created_time": "2025-02-07T23:05:35.328745Z",
            "yes_price": 28,
            "no_price": 72,
            "taker_side": "yes"
        },
        {
            "trade_id": "b41c6526-0bab-44e7-84e2-d57e76e80996",
            "ticker": "KXHIGHDEN-25FEB07-B61.5",
            "count": 273,
            "created_time": "2025-02-07T23:05:35.328745Z",
            "yes_price": 29,
            "no_price": 71,
            "taker_side": "yes"
        },
        {
            "trade_id": "3b8b34eb-60f9-4bd7-ad58-93e9aa52ad4f",
            "ticker": "KXHIGHDEN-25FEB07-B61.5",
            "count": 7,
            "created_time": "2025-02-07T23:05:35.328745Z",
            "yes_price": 28,
            "no_price": 72,
            "taker_side": "yes"
        },
        {
            "trade_id": "4718d4c8-8da7-4021-9eb9-291a2f475d5d",
            "ticker": "KXHIGHDEN-25FEB07-B61.5",
            "count": 5,
            "created_time": "2025-02-07T23:02:34.696859Z",
            "yes_price": 21,
            "no_price": 79,
            "taker_side": "no"
        },
        {
            "trade_id": "0471329c-8af8-4210-b719-e9afed31807d",
            "ticker": "KXHIGHDEN-25FEB07-B61.5",
            "count": 100,
            "created_time": "2025-02-07T23:02:34.696859Z",
            "yes_price": 22,
            "no_price": 78,
            "taker_side": "no"
        },
        {
            "trade_id": "a21abfec-49aa-44ee-b49e-49d7e2596422",
            "ticker": "KXHIGHDEN-25FEB07-B61.5",
            "count": 124,
            "created_time": "2025-02-07T23:02:21.464065Z",
            "yes_price": 21,
            "no_price": 79,
            "taker_side": "no"
        },
        {
            "trade_id": "58eef39c-6eeb-4ba9-9f51-f60508a6954e",
            "ticker": "KXHIGHDEN-25FEB07-B61.5",
            "count": 113,
            "created_time": "2025-02-07T23:02:12.850267Z",
            "yes_price": 21,
            "no_price": 79,
            "taker_side": "no"
        },
        {
            "trade_id": "1b8c89cc-d826-40b3-bb3b-9f204e2f6ce7",
            "ticker": "KXHIGHDEN-25FEB07-B61.5",
            "count": 11,
            "created_time": "2025-02-07T23:02:12.850267Z",
            "yes_price": 21,
            "no_price": 79,
            "taker_side": "no"
        },
        {
            "trade_id": "1f87e127-4648-4c19-a9f1-2e35322b395b",
            "ticker": "KXHIGHDEN-25FEB07-B61.5",
            "count": 49,
            "created_time": "2025-02-07T23:01:07.247724Z",
            "yes_price": 29,
            "no_price": 71,
            "taker_side": "yes"
        },
        {
            "trade_id": "acdd6816-ad9e-4ea4-9b3d-8c586b81897d",
            "ticker": "KXHIGHDEN-25FEB07-B61.5",
            "count": 38,
            "created_time": "2025-02-07T23:00:42.41884Z",
            "yes_price": 29,
            "no_price": 71,
            "taker_side": "yes"
        },
        {
            "trade_id": "3d7e397c-be66-48e1-afbe-855bb4ff9d26",
            "ticker": "KXHIGHDEN-25FEB07-B61.5",
            "count": 1,
            "created_time": "2025-02-07T23:00:42.41884Z",
            "yes_price": 28,
            "no_price": 72,
            "taker_side": "yes"
        },
        {
            "trade_id": "284f6799-8273-43b2-a2c4-92ae86350822",
            "ticker": "KXHIGHDEN-25FEB07-B61.5",
            "count": 10,
            "created_time": "2025-02-07T23:00:42.41884Z",
            "yes_price": 28,
            "no_price": 72,
            "taker_side": "yes"
        },
        {
            "trade_id": "ac436d98-ac70-413c-9e92-c754ac9aabf8",
            "ticker": "KXHIGHDEN-25FEB07-B61.5",
            "count": 2,
            "created_time": "2025-02-07T22:59:02.909766Z",
            "yes_price": 28,
            "no_price": 72,
            "taker_side": "yes"
        },
        {
            "trade_id": "efbe7a2b-09ba-4dfd-93df-159b979276b3",
            "ticker": "KXHIGHDEN-25FEB07-B61.5",
            "count": 97,
            "created_time": "2025-02-07T22:57:11.809493Z",
            "yes_price": 24,
            "no_price": 76,
            "taker_side": "no"
        },
        {
            "trade_id": "c7c8cbfa-3e9a-448d-bed2-3efa43c1e24e",
            "ticker": "KXHIGHDEN-25FEB07-B61.5",
            "count": 30,
            "created_time": "2025-02-07T22:57:11.809493Z",
            "yes_price": 20,
            "no_price": 80,
            "taker_side": "no"
        },
        {
            "trade_id": "9a82107f-d60e-49c3-a81c-116e49c312e0",
            "ticker": "KXHIGHDEN-25FEB07-B61.5",
            "count": 1,
            "created_time": "2025-02-07T22:57:04.113626Z",
            "yes_price": 25,
            "no_price": 75,
            "taker_side": "no"
        },
        {
            "trade_id": "9072e82a-a0e1-436e-be08-4f7b229a1d7b",
            "ticker": "KXHIGHDEN-25FEB07-B61.5",
            "count": 128,
            "created_time": "2025-02-07T22:57:04.113626Z",
            "yes_price": 24,
            "no_price": 76,
            "taker_side": "no"
        },
        {
            "trade_id": "b8d789fc-cc7c-41db-be41-40e2656d9b63",
            "ticker": "KXHIGHDEN-25FEB07-B61.5",
            "count": 1,
            "created_time": "2025-02-07T22:56:59.360545Z",
            "yes_price": 28,
            "no_price": 72,
            "taker_side": "yes"
        },
        {
            "trade_id": "6e5d352f-4db5-45ba-b130-147e98c91650",
            "ticker": "KXHIGHDEN-25FEB07-B61.5",
            "count": 81,
            "created_time": "2025-02-07T22:56:59.360545Z",
            "yes_price": 29,
            "no_price": 71,
            "taker_side": "yes"
        },
        {
            "trade_id": "cc6ea7b9-874c-4f8e-a038-32b2b9f48756",
            "ticker": "KXHIGHDEN-25FEB07-B61.5",
            "count": 1,
            "created_time": "2025-02-07T22:54:08.425574Z",
            "yes_price": 28,
            "no_price": 72,
            "taker_side": "yes"
        },
        {
            "trade_id": "a17bb27c-4918-4f25-b571-6afc4043f029",
            "ticker": "KXHIGHDEN-25FEB07-B61.5",
            "count": 2,
            "created_time": "2025-02-07T22:54:08.425574Z",
            "yes_price": 28,
            "no_price": 72,
            "taker_side": "yes"
        },
        {
            "trade_id": "53a18995-be61-4e5c-8403-81c67cc4bb57",
            "ticker": "KXHIGHDEN-25FEB07-B61.5",
            "count": 105,
            "created_time": "2025-02-07T22:54:08.425574Z",
            "yes_price": 29,
            "no_price": 71,
            "taker_side": "yes"
        },
        {
            "trade_id": "b7a026c1-0e08-4520-82c9-35eec646b23a",
            "ticker": "KXHIGHDEN-25FEB07-B61.5",
            "count": 25,
            "created_time": "2025-02-07T22:52:36.478216Z",
            "yes_price": 24,
            "no_price": 76,
            "taker_side": "no"
        },
        {
            "trade_id": "0083480f-1ac3-4616-a8f2-c22bf74343a1",
            "ticker": "KXHIGHDEN-25FEB07-B61.5",
            "count": 60,
            "created_time": "2025-02-07T22:50:49.000732Z",
            "yes_price": 25,
            "no_price": 75,
            "taker_side": "no"
        },
        {
            "trade_id": "4bb30ab5-1bd6-4aaa-b587-54be89eb1909",
            "ticker": "KXHIGHDEN-25FEB07-B61.5",
            "count": 40,
            "created_time": "2025-02-07T22:50:48.114954Z",
            "yes_price": 25,
            "no_price": 75,
            "taker_side": "no"
        },
        {
            "trade_id": "ec2fbfa9-5af7-4725-9278-9cc6392398a7",
            "ticker": "KXHIGHDEN-25FEB07-B61.5",
            "count": 3,
            "created_time": "2025-02-07T22:47:21.413422Z",
            "yes_price": 27,
            "no_price": 73,
            "taker_side": "yes"
        },
        {
            "trade_id": "59219a24-3bce-42e0-9df3-0becc68836da",
            "ticker": "KXHIGHDEN-25FEB07-B61.5",
            "count": 147,
            "created_time": "2025-02-07T22:47:21.413422Z",
            "yes_price": 28,
            "no_price": 72,
            "taker_side": "yes"
        },
        {
            "trade_id": "e68d378f-4793-4b14-b0ad-8821cec172b4",
            "ticker": "KXHIGHDEN-25FEB07-B61.5",
            "count": 100,
            "created_time": "2025-02-07T22:46:26.189175Z",
            "yes_price": 24,
            "no_price": 76,
            "taker_side": "yes"
        },
        {
            "trade_id": "e5a0fbd9-1c04-4734-90b3-bd549d8e3a50",
            "ticker": "KXHIGHDEN-25FEB07-B61.5",
            "count": 158,
            "created_time": "2025-02-07T22:46:26.189175Z",
            "yes_price": 25,
            "no_price": 75,
            "taker_side": "yes"
        },
        {
            "trade_id": "bc84f3a6-899a-4155-bbd7-a577a19e962d",
            "ticker": "KXHIGHDEN-25FEB07-B61.5",
            "count": 15,
            "created_time": "2025-02-07T22:46:26.189175Z",
            "yes_price": 24,
            "no_price": 76,
            "taker_side": "yes"
        },
        {
            "trade_id": "608f5364-fbc1-438d-94ec-1f9b49c274e1",
            "ticker": "KXHIGHDEN-25FEB07-B61.5",
            "count": 100,
            "created_time": "2025-02-07T22:46:26.189175Z",
            "yes_price": 26,
            "no_price": 74,
            "taker_side": "yes"
        },
        {
            "trade_id": "4a3c4b30-4f09-4f0f-8861-173dc0f8bf7f",
            "ticker": "KXHIGHDEN-25FEB07-B61.5",
            "count": 150,
            "created_time": "2025-02-07T22:46:26.189175Z",
            "yes_price": 27,
            "no_price": 73,
            "taker_side": "yes"
        },
        {
            "trade_id": "458008ed-e8b7-45e8-a6a8-dfb1628c63fa",
            "ticker": "KXHIGHDEN-25FEB07-B61.5",
            "count": 100,
            "created_time": "2025-02-07T22:46:26.189175Z",
            "yes_price": 26,
            "no_price": 74,
            "taker_side": "yes"
        },
        {
            "trade_id": "36a5b1a2-1b61-43e8-8753-97c8cfa8453a",
            "ticker": "KXHIGHDEN-25FEB07-B61.5",
            "count": 8,
            "created_time": "2025-02-07T22:46:26.189175Z",
            "yes_price": 27,
            "no_price": 73,
            "taker_side": "yes"
        },
        {
            "trade_id": "0d63feee-6786-4de5-8cbc-df513709af4e",
            "ticker": "KXHIGHDEN-25FEB07-B61.5",
            "count": 101,
            "created_time": "2025-02-07T22:46:26.189175Z",
            "yes_price": 28,
            "no_price": 72,
            "taker_side": "yes"
        },
        {
            "trade_id": "19d95ad2-10bc-49c9-8688-26b419649cdf",
            "ticker": "KXHIGHDEN-25FEB07-B61.5",
            "count": 35,
            "created_time": "2025-02-07T22:45:13.785791Z",
            "yes_price": 24,
            "no_price": 76,
            "taker_side": "yes"
        },
        {
            "trade_id": "c40044d2-d78e-49f2-8f0a-45d4ab93cbb9",
            "ticker": "KXHIGHDEN-25FEB07-B61.5",
            "count": 1,
            "created_time": "2025-02-07T22:40:45.508248Z",
            "yes_price": 24,
            "no_price": 76,
            "taker_side": "yes"
        },
        {
            "trade_id": "b9e57803-818d-4439-b21a-962aada6e670",
            "ticker": "KXHIGHDEN-25FEB07-B61.5",
            "count": 100,
            "created_time": "2025-02-07T22:40:45.508248Z",
            "yes_price": 24,
            "no_price": 76,
            "taker_side": "yes"
        },
        {
            "trade_id": "16b70c35-e7c0-4574-b90a-2e792dca73c1",
            "ticker": "KXHIGHDEN-25FEB07-B61.5",
            "count": 92,
            "created_time": "2025-02-07T22:40:45.508248Z",
            "yes_price": 25,
            "no_price": 75,
            "taker_side": "yes"
        },
        {
            "trade_id": "63db22e2-0737-46f9-b4d1-6ee89381d460",
            "ticker": "KXHIGHDEN-25FEB07-B61.5",
            "count": 150,
            "created_time": "2025-02-07T22:40:03.912891Z",
            "yes_price": 24,
            "no_price": 76,
            "taker_side": "yes"
        },
        {
            "trade_id": "5ad0e56f-6a00-4bd7-a965-1012687cb71f",
            "ticker": "KXHIGHDEN-25FEB07-B61.5",
            "count": 21,
            "created_time": "2025-02-07T22:40:03.912891Z",
            "yes_price": 24,
            "no_price": 76,
            "taker_side": "yes"
        },
        {
            "trade_id": "3c447d3d-f6b7-49e8-9226-20da795cf866",
            "ticker": "KXHIGHDEN-25FEB07-B61.5",
            "count": 100,
            "created_time": "2025-02-07T22:40:03.912891Z",
            "yes_price": 23,
            "no_price": 77,
            "taker_side": "yes"
        },
        {
            "trade_id": "38b64b9c-83be-46dc-96b0-1fa9535849f1",
            "ticker": "KXHIGHDEN-25FEB07-B61.5",
            "count": 50,
            "created_time": "2025-02-07T22:40:03.912891Z",
            "yes_price": 21,
            "no_price": 79,
            "taker_side": "yes"
        },
        {
            "trade_id": "04f1f1a4-d629-4233-8aa9-49abfc575fa1",
            "ticker": "KXHIGHDEN-25FEB07-B61.5",
            "count": 1,
            "created_time": "2025-02-07T22:40:03.912891Z",
            "yes_price": 20,
            "no_price": 80,
            "taker_side": "yes"
        },
        {
            "trade_id": "02ec037d-2e96-45a2-85a7-b04956b17e6f",
            "ticker": "KXHIGHDEN-25FEB07-B61.5",
            "count": 91,
            "created_time": "2025-02-07T22:40:03.912891Z",
            "yes_price": 22,
            "no_price": 78,
            "taker_side": "yes"
        },
        {
            "trade_id": "b8d41f02-a7a6-4dd7-8705-72d6972ef296",
            "ticker": "KXHIGHDEN-25FEB07-B61.5",
            "count": 50,
            "created_time": "2025-02-07T22:37:55.682303Z",
            "yes_price": 21,
            "no_price": 79,
            "taker_side": "yes"
        },
        {
            "trade_id": "532a0cfc-c6a4-473a-8445-ad4c463dec7c",
            "ticker": "KXHIGHDEN-25FEB07-B61.5",
            "count": 1,
            "created_time": "2025-02-07T22:37:55.682303Z",
            "yes_price": 20,
            "no_price": 80,
            "taker_side": "yes"
        },
        {
            "trade_id": "b72dd9fd-a227-4711-8e79-d1fc44307346",
            "ticker": "KXHIGHDEN-25FEB07-B61.5",
            "count": 41,
            "created_time": "2025-02-07T22:35:32.355527Z",
            "yes_price": 22,
            "no_price": 78,
            "taker_side": "yes"
        },
        {
            "trade_id": "38eb96b9-65b9-4031-9042-0c044226a70d",
            "ticker": "KXHIGHDEN-25FEB07-B61.5",
            "count": 159,
            "created_time": "2025-02-07T22:35:32.355527Z",
            "yes_price": 22,
            "no_price": 78,
            "taker_side": "yes"
        },
        {
            "trade_id": "c27228da-4c6c-4f88-8e57-ac38862ef1e2",
            "ticker": "KXHIGHDEN-25FEB07-B61.5",
            "count": 291,
            "created_time": "2025-02-07T22:32:49.797927Z",
            "yes_price": 22,
            "no_price": 78,
            "taker_side": "yes"
        },
        {
            "trade_id": "3c5f17c7-b26c-4d13-9ef8-38c3d346b9cc",
            "ticker": "KXHIGHDEN-25FEB07-B61.5",
            "count": 209,
            "created_time": "2025-02-07T22:32:49.797927Z",
            "yes_price": 22,
            "no_price": 78,
            "taker_side": "yes"
        },
        {
            "trade_id": "db5f1ce6-a98b-4f4d-8650-cf3820de6a79",
            "ticker": "KXHIGHDEN-25FEB07-B61.5",
            "count": 100,
            "created_time": "2025-02-07T22:31:41.13916Z",
            "yes_price": 22,
            "no_price": 78,
            "taker_side": "yes"
        },
        {
            "trade_id": "3b681417-36e4-4fba-9e20-527473f115a2",
            "ticker": "KXHIGHDEN-25FEB07-B61.5",
            "count": 50,
            "created_time": "2025-02-07T22:31:41.13916Z",
            "yes_price": 22,
            "no_price": 78,
            "taker_side": "yes"
        },
        {
            "trade_id": "d577d11b-aca2-4526-a95e-edcd63a8d089",
            "ticker": "KXHIGHDEN-25FEB07-B61.5",
            "count": 200,
            "created_time": "2025-02-07T22:31:29.256671Z",
            "yes_price": 22,
            "no_price": 78,
            "taker_side": "yes"
        },
        {
            "trade_id": "6731ecc9-30c9-4eec-a358-0b598cd95e6d",
            "ticker": "KXHIGHDEN-25FEB07-B61.5",
            "count": 1,
            "created_time": "2025-02-07T22:31:29.256671Z",
            "yes_price": 22,
            "no_price": 78,
            "taker_side": "yes"
        },
        {
            "trade_id": "fb2666f7-9b61-4d96-9143-c4f8a78aef82",
            "ticker": "KXHIGHDEN-25FEB07-B61.5",
            "count": 250,
            "created_time": "2025-02-07T22:29:37.920934Z",
            "yes_price": 22,
            "no_price": 78,
            "taker_side": "yes"
        },
        {
            "trade_id": "e238c80c-52d6-42c8-8816-135b50e9d488",
            "ticker": "KXHIGHDEN-25FEB07-B61.5",
            "count": 25,
            "created_time": "2025-02-07T22:29:37.920934Z",
            "yes_price": 21,
            "no_price": 79,
            "taker_side": "yes"
        },
        {
            "trade_id": "ac227f6c-a006-457b-a76a-816a593365fb",
            "ticker": "KXHIGHDEN-25FEB07-B61.5",
            "count": 200,
            "created_time": "2025-02-07T22:29:37.920934Z",
            "yes_price": 21,
            "no_price": 79,
            "taker_side": "yes"
        },
        {
            "trade_id": "08fcfcee-1e33-450e-b48f-cdfcf114b87f",
            "ticker": "KXHIGHDEN-25FEB07-B61.5",
            "count": 25,
            "created_time": "2025-02-07T22:29:37.920934Z",
            "yes_price": 22,
            "no_price": 78,
            "taker_side": "yes"
        },
        {
            "trade_id": "85796ff9-04dc-48c2-a3b5-edbe5589374f",
            "ticker": "KXHIGHDEN-25FEB07-B61.5",
            "count": 100,
            "created_time": "2025-02-07T22:29:29.247495Z",
            "yes_price": 20,
            "no_price": 80,
            "taker_side": "yes"
        },
        {
            "trade_id": "5b9de751-226f-4653-a21b-e496618aa9d6",
            "ticker": "KXHIGHDEN-25FEB07-B61.5",
            "count": 1,
            "created_time": "2025-02-07T22:29:29.247495Z",
            "yes_price": 20,
            "no_price": 80,
            "taker_side": "yes"
        },
        {
            "trade_id": "f556ba60-18d7-4176-aaa1-48834899dbcb",
            "ticker": "KXHIGHDEN-25FEB07-B61.5",
            "count": 150,
            "created_time": "2025-02-07T22:26:24.755752Z",
            "yes_price": 21,
            "no_price": 79,
            "taker_side": "yes"
        },
        {
            "trade_id": "682733b5-87fd-4221-913d-cfa3759179d3",
            "ticker": "KXHIGHDEN-25FEB07-B61.5",
            "count": 100,
            "created_time": "2025-02-07T22:26:24.755752Z",
            "yes_price": 20,
            "no_price": 80,
            "taker_side": "yes"
        },
        {
            "trade_id": "46efc88a-c9fd-40b0-a3c6-0ffce43667e5",
            "ticker": "KXHIGHDEN-25FEB07-B61.5",
            "count": 50,
            "created_time": "2025-02-07T22:26:24.755752Z",
            "yes_price": 20,
            "no_price": 80,
            "taker_side": "yes"
        },
        {
            "trade_id": "d92e9f70-1670-407e-b4a3-bbd890825668",
            "ticker": "KXHIGHDEN-25FEB07-B61.5",
            "count": 5,
            "created_time": "2025-02-07T22:26:12.942679Z",
            "yes_price": 16,
            "no_price": 84,
            "taker_side": "yes"
        },
        {
            "trade_id": "d0142b01-d468-4e5e-a71b-21101f2dd631",
            "ticker": "KXHIGHDEN-25FEB07-B61.5",
            "count": 243,
            "created_time": "2025-02-07T22:26:12.942679Z",
            "yes_price": 19,
            "no_price": 81,
            "taker_side": "yes"
        },
        {
            "trade_id": "7a15f9f2-c7ce-434d-b12b-e157b48be597",
            "ticker": "KXHIGHDEN-25FEB07-B61.5",
            "count": 47,
            "created_time": "2025-02-07T22:26:12.942679Z",
            "yes_price": 19,
            "no_price": 81,
            "taker_side": "yes"
        },
        {
            "trade_id": "60b1c5bd-9242-4422-9945-378510579481",
            "ticker": "KXHIGHDEN-25FEB07-B61.5",
            "count": 5,
            "created_time": "2025-02-07T22:26:12.942679Z",
            "yes_price": 18,
            "no_price": 82,
            "taker_side": "yes"
        },
        {
            "trade_id": "e04e9e70-af05-408f-8097-4f28c9ea0943",
            "ticker": "KXHIGHDEN-25FEB07-B61.5",
            "count": 45,
            "created_time": "2025-02-07T22:24:19.163782Z",
            "yes_price": 18,
            "no_price": 82,
            "taker_side": "yes"
        },
        {
            "trade_id": "796ba4a5-5aaa-4458-8a9a-b8def022ad82",
            "ticker": "KXHIGHDEN-25FEB07-B61.5",
            "count": 7,
            "created_time": "2025-02-07T22:24:19.163782Z",
            "yes_price": 19,
            "no_price": 81,
            "taker_side": "yes"
        },
        {
            "trade_id": "800817c0-f879-41e3-a5c5-0e3d54483804",
            "ticker": "KXHIGHDEN-25FEB07-B61.5",
            "count": 97,
            "created_time": "2025-02-07T22:24:07.411955Z",
            "yes_price": 16,
            "no_price": 84,
            "taker_side": "yes"
        },
        {
            "trade_id": "0cebc050-05b4-4934-b57f-b45b8e69e0ef",
            "ticker": "KXHIGHDEN-25FEB07-B61.5",
            "count": 3,
            "created_time": "2025-02-07T22:24:07.411955Z",
            "yes_price": 16,
            "no_price": 84,
            "taker_side": "yes"
        },
        {
            "trade_id": "1e590644-5be6-465a-8871-556cc8fe6a64",
            "ticker": "KXHIGHDEN-25FEB07-B61.5",
            "count": 10,
            "created_time": "2025-02-07T22:23:04.908886Z",
            "yes_price": 11,
            "no_price": 89,
            "taker_side": "no"
        },
        {
            "trade_id": "cb4363f5-9794-494a-b229-9105ff05e67f",
            "ticker": "KXHIGHDEN-25FEB07-B61.5",
            "count": 15,
            "created_time": "2025-02-07T22:21:08.58693Z",
            "yes_price": 9,
            "no_price": 91,
            "taker_side": "no"
        },
        {
            "trade_id": "d8f3b8ab-5389-45fd-abf8-c8d4ffe71ba9",
            "ticker": "KXHIGHDEN-25FEB07-B61.5",
            "count": 1,
            "created_time": "2025-02-07T22:21:06.761562Z",
            "yes_price": 9,
            "no_price": 91,
            "taker_side": "no"
        },
        {
            "trade_id": "9d48e109-545e-4c57-8897-54b9df382b03",
            "ticker": "KXHIGHDEN-25FEB07-B61.5",
            "count": 100,
            "created_time": "2025-02-07T22:18:04.666402Z",
            "yes_price": 17,
            "no_price": 83,
            "taker_side": "no"
        },
        {
            "trade_id": "974327b5-2f85-4a16-9399-5bebb2bc58b9",
            "ticker": "KXHIGHDEN-25FEB07-B61.5",
            "count": 20,
            "created_time": "2025-02-07T22:18:04.666402Z",
            "yes_price": 17,
            "no_price": 83,
            "taker_side": "no"
        },
        {
            "trade_id": "35b7af72-55a4-4837-8ad0-f92ef47c5ec1",
            "ticker": "KXHIGHDEN-25FEB07-B61.5",
            "count": 30,
            "created_time": "2025-02-07T22:17:50.157655Z",
            "yes_price": 17,
            "no_price": 83,
            "taker_side": "no"
        },
        {
            "trade_id": "5a633f03-f20c-4d63-a476-70e89e9d3a34",
            "ticker": "KXHIGHDEN-25FEB07-B61.5",
            "count": 10,
            "created_time": "2025-02-07T22:16:37.591659Z",
            "yes_price": 18,
            "no_price": 82,
            "taker_side": "no"
        },
        {
            "trade_id": "a3f8643d-d885-4103-ad63-541327f60469",
            "ticker": "KXHIGHDEN-25FEB07-B61.5",
            "count": 50,
            "created_time": "2025-02-07T22:13:46.749038Z",
            "yes_price": 20,
            "no_price": 80,
            "taker_side": "no"
        },
        {
            "trade_id": "537be1c6-1484-423c-b9c9-af01ce3d5cd2",
            "ticker": "KXHIGHDEN-25FEB07-B61.5",
            "count": 50,
            "created_time": "2025-02-07T22:13:46.749038Z",
            "yes_price": 18,
            "no_price": 82,
            "taker_side": "no"
        },
        {
            "trade_id": "3c9026e1-94ce-4676-9f19-436bfc68c7b0",
            "ticker": "KXHIGHDEN-25FEB07-B61.5",
            "count": 19,
            "created_time": "2025-02-07T22:13:46.749038Z",
            "yes_price": 15,
            "no_price": 85,
            "taker_side": "no"
        },
        {
            "trade_id": "203665ee-968b-43bc-b508-a953d76f35e7",
            "ticker": "KXHIGHDEN-25FEB07-B61.5",
            "count": 2,
            "created_time": "2025-02-07T22:13:46.749038Z",
            "yes_price": 23,
            "no_price": 77,
            "taker_side": "no"
        },
        {
            "trade_id": "d78abe38-e507-423d-a80e-e31aee34e157",
            "ticker": "KXHIGHDEN-25FEB07-B61.5",
            "count": 10,
            "created_time": "2025-02-07T22:13:43.935556Z",
            "yes_price": 23,
            "no_price": 77,
            "taker_side": "no"
        },
        {
            "trade_id": "f16133a7-f71c-4c9f-8ddc-b7565f4390c5",
            "ticker": "KXHIGHDEN-25FEB07-B61.5",
            "count": 120,
            "created_time": "2025-02-07T22:12:28.975792Z",
            "yes_price": 23,
            "no_price": 77,
            "taker_side": "no"
        },
        {
            "trade_id": "cb97fc9f-25af-4e73-b1ab-c13737d49b2d",
            "ticker": "KXHIGHDEN-25FEB07-B61.5",
            "count": 566,
            "created_time": "2025-02-07T22:12:28.975792Z",
            "yes_price": 25,
            "no_price": 75,
            "taker_side": "no"
        },
        {
            "trade_id": "22b707a5-ec29-4870-a693-0a79761f232e",
            "ticker": "KXHIGHDEN-25FEB07-B61.5",
            "count": 50,
            "created_time": "2025-02-07T22:12:28.975792Z",
            "yes_price": 23,
            "no_price": 77,
            "taker_side": "no"
        },
        {
            "trade_id": "72b27180-c5d2-4757-a2fa-653949d49f80",
            "ticker": "KXHIGHDEN-25FEB07-B61.5",
            "count": 131,
            "created_time": "2025-02-07T22:12:17.59062Z",
            "yes_price": 25,
            "no_price": 75,
            "taker_side": "no"
        },
        {
            "trade_id": "4745aae1-e402-43cb-b95a-b7cc3cb6df6a",
            "ticker": "KXHIGHDEN-25FEB07-B61.5",
            "count": 303,
            "created_time": "2025-02-07T22:11:03.838941Z",
            "yes_price": 25,
            "no_price": 75,
            "taker_side": "yes"
        },
        {
            "trade_id": "c400e9a3-6806-41a6-aabd-c86f0424d3c2",
            "ticker": "KXHIGHDEN-25FEB07-B61.5",
            "count": 1,
            "created_time": "2025-02-07T22:10:58.902056Z",
            "yes_price": 24,
            "no_price": 76,
            "taker_side": "yes"
        },
        {
            "trade_id": "b46e2577-f07d-472f-9922-d16b26ce08ee",
            "ticker": "KXHIGHDEN-25FEB07-B61.5",
            "count": 697,
            "created_time": "2025-02-07T22:10:58.902056Z",
            "yes_price": 25,
            "no_price": 75,
            "taker_side": "yes"
        },
        {
            "trade_id": "f0b2b840-d55b-49dd-9b98-3bc3f0f88907",
            "ticker": "KXHIGHDEN-25FEB07-B61.5",
            "count": 50,
            "created_time": "2025-02-07T22:08:02.600421Z",
            "yes_price": 24,
            "no_price": 76,
            "taker_side": "yes"
        },
        {
            "trade_id": "e221fae2-086d-4c9e-951a-03b2f653b690",
            "ticker": "KXHIGHDEN-25FEB07-B61.5",
            "count": 4,
            "created_time": "2025-02-07T22:08:02.600421Z",
            "yes_price": 23,
            "no_price": 77,
            "taker_side": "yes"
        },
        {
            "trade_id": "c654f662-51a7-473b-bc91-af605b15364f",
            "ticker": "KXHIGHDEN-25FEB07-B61.5",
            "count": 194,
            "created_time": "2025-02-07T22:08:02.600421Z",
            "yes_price": 24,
            "no_price": 76,
            "taker_side": "yes"
        },
        {
            "trade_id": "83c472b4-1a90-4c26-b792-e878826c9475",
            "ticker": "KXHIGHDEN-25FEB07-B61.5",
            "count": 25,
            "created_time": "2025-02-07T22:08:02.600421Z",
            "yes_price": 24,
            "no_price": 76,
            "taker_side": "yes"
        },
        {
            "trade_id": "051d9af4-7c92-48ec-ad1c-7354ef452ad1",
            "ticker": "KXHIGHDEN-25FEB07-B61.5",
            "count": 13,
            "created_time": "2025-02-07T22:08:02.600421Z",
            "yes_price": 24,
            "no_price": 76,
            "taker_side": "yes"
        },
        {
            "trade_id": "2f8a9188-f13d-4d60-ba56-37dc59fb7aca",
            "ticker": "KXHIGHDEN-25FEB07-B61.5",
            "count": 5,
            "created_time": "2025-02-07T22:07:54.366674Z",
            "yes_price": 20,
            "no_price": 80,
            "taker_side": "no"
        },
        {
            "trade_id": "e8e0e586-4cba-44ad-a359-3f71e1fd4e50",
            "ticker": "KXHIGHDEN-25FEB07-B61.5",
            "count": 180,
            "created_time": "2025-02-07T22:06:01.797943Z",
            "yes_price": 23,
            "no_price": 77,
            "taker_side": "yes"
        },
        {
            "trade_id": "998d6529-5610-428d-89c2-70f464c90554",
            "ticker": "KXHIGHDEN-25FEB07-B61.5",
            "count": 2,
            "created_time": "2025-02-07T22:06:01.797943Z",
            "yes_price": 23,
            "no_price": 77,
            "taker_side": "yes"
        },
        {
            "trade_id": "870b5524-1e76-4858-8c29-f630fe731958",
            "ticker": "KXHIGHDEN-25FEB07-B61.5",
            "count": 25,
            "created_time": "2025-02-07T22:06:01.797943Z",
            "yes_price": 23,
            "no_price": 77,
            "taker_side": "yes"
        },
        {
            "trade_id": "186343a9-536c-4959-997e-c471b5cc3f3a",
            "ticker": "KXHIGHDEN-25FEB07-B61.5",
            "count": 25,
            "created_time": "2025-02-07T22:06:00.205153Z",
            "yes_price": 20,
            "no_price": 80,
            "taker_side": "no"
        },
        {
            "trade_id": "af57dd37-f86b-4623-814a-9251542fd611",
            "ticker": "KXHIGHDEN-25FEB07-B61.5",
            "count": 70,
            "created_time": "2025-02-07T22:04:15.700953Z",
            "yes_price": 25,
            "no_price": 75,
            "taker_side": "yes"
        },
        {
            "trade_id": "d89df394-78b1-46f5-af3e-db9f93718041",
            "ticker": "KXHIGHDEN-25FEB07-B61.5",
            "count": 100,
            "created_time": "2025-02-07T22:03:47.226169Z",
            "yes_price": 25,
            "no_price": 75,
            "taker_side": "yes"
        },
        {
            "trade_id": "17473487-102e-46cd-884c-17cfcf1ac572",
            "ticker": "KXHIGHDEN-25FEB07-B61.5",
            "count": 100,
            "created_time": "2025-02-07T22:03:47.226169Z",
            "yes_price": 24,
            "no_price": 76,
            "taker_side": "yes"
        },
        {
            "trade_id": "017a9590-389d-457c-8d6e-d1dc53c95aa5",
            "ticker": "KXHIGHDEN-25FEB07-B61.5",
            "count": 1,
            "created_time": "2025-02-07T22:03:47.226169Z",
            "yes_price": 24,
            "no_price": 76,
            "taker_side": "yes"
        },
        {
            "trade_id": "8b05e855-a7b7-4252-b638-8f5b7134ce0d",
            "ticker": "KXHIGHDEN-25FEB07-B61.5",
            "count": 4,
            "created_time": "2025-02-07T22:01:50.78362Z",
            "yes_price": 26,
            "no_price": 74,
            "taker_side": "yes"
        },
        {
            "trade_id": "104f6144-f566-4976-b0bb-7524d3ae5942",
            "ticker": "KXHIGHDEN-25FEB07-B61.5",
            "count": 6,
            "created_time": "2025-02-07T22:01:50.78362Z",
            "yes_price": 27,
            "no_price": 73,
            "taker_side": "yes"
        },
        {
            "trade_id": "602ef37b-ba13-4849-a9be-af25fda8805f",
            "ticker": "KXHIGHDEN-25FEB07-B61.5",
            "count": 5,
            "created_time": "2025-02-07T22:01:32.608035Z",
            "yes_price": 26,
            "no_price": 74,
            "taker_side": "yes"
        },
        {
            "trade_id": "31a7eb8d-be84-4f3e-945a-fd9b52efd1b1",
            "ticker": "KXHIGHDEN-25FEB07-B61.5",
            "count": 3,
            "created_time": "2025-02-07T22:01:32.608035Z",
            "yes_price": 26,
            "no_price": 74,
            "taker_side": "yes"
        },
        {
            "trade_id": "014f1bd6-6a71-443b-ac4e-a18e695f1b9f",
            "ticker": "KXHIGHDEN-25FEB07-B61.5",
            "count": 4,
            "created_time": "2025-02-07T21:59:27.322496Z",
            "yes_price": 18,
            "no_price": 82,
            "taker_side": "no"
        },
        {
            "trade_id": "a3a64c16-ee6b-4526-a25d-93dac9c9c668",
            "ticker": "KXHIGHDEN-25FEB07-B61.5",
            "count": 3,
            "created_time": "2025-02-07T21:59:11.875027Z",
            "yes_price": 23,
            "no_price": 77,
            "taker_side": "yes"
        },
        {
            "trade_id": "e504a126-142c-4521-af69-5b851081b66c",
            "ticker": "KXHIGHDEN-25FEB07-B61.5",
            "count": 42,
            "created_time": "2025-02-07T21:57:39.751063Z",
            "yes_price": 24,
            "no_price": 76,
            "taker_side": "yes"
        },
        {
            "trade_id": "4ec6f5b9-bb7f-472e-868d-940169c1a1ef",
            "ticker": "KXHIGHDEN-25FEB07-B61.5",
            "count": 250,
            "created_time": "2025-02-07T21:57:39.751063Z",
            "yes_price": 27,
            "no_price": 73,
            "taker_side": "yes"
        },
        {
            "trade_id": "4b02dc53-039a-4933-ae9a-f26c2fe457e4",
            "ticker": "KXHIGHDEN-25FEB07-B61.5",
            "count": 100,
            "created_time": "2025-02-07T21:57:39.751063Z",
            "yes_price": 24,
            "no_price": 76,
            "taker_side": "yes"
        },
        {
            "trade_id": "0465184c-1f61-4e71-bf94-0e1b541ab5f2",
            "ticker": "KXHIGHDEN-25FEB07-B61.5",
            "count": 6,
            "created_time": "2025-02-07T21:57:39.751063Z",
            "yes_price": 25,
            "no_price": 75,
            "taker_side": "yes"
        },
        {
            "trade_id": "7b696dd4-78e2-4c50-a550-134c1e11998c",
            "ticker": "KXHIGHDEN-25FEB07-B61.5",
            "count": 1,
            "created_time": "2025-02-07T21:56:43.191911Z",
            "yes_price": 27,
            "no_price": 73,
            "taker_side": "yes"
        },
        {
            "trade_id": "4c95aeb5-5f2e-47cc-8746-b24aca1be0de",
            "ticker": "KXHIGHDEN-25FEB07-B61.5",
            "count": 33,
            "created_time": "2025-02-07T21:56:43.191911Z",
            "yes_price": 28,
            "no_price": 72,
            "taker_side": "yes"
        },
        {
            "trade_id": "ece324fd-3dff-460c-9c6c-d64970ca97f1",
            "ticker": "KXHIGHDEN-25FEB07-B61.5",
            "count": 9,
            "created_time": "2025-02-07T21:56:00.059292Z",
            "yes_price": 27,
            "no_price": 73,
            "taker_side": "yes"
        },
        {
            "trade_id": "e699e76b-0893-4b6f-bb78-112861720422",
            "ticker": "KXHIGHDEN-25FEB07-B61.5",
            "count": 76,
            "created_time": "2025-02-07T21:56:00.059292Z",
            "yes_price": 28,
            "no_price": 72,
            "taker_side": "yes"
        },
        {
            "trade_id": "673b4794-583a-4062-9049-4048fc5f8aa6",
            "ticker": "KXHIGHDEN-25FEB07-B61.5",
            "count": 8,
            "created_time": "2025-02-07T21:55:03.112218Z",
            "yes_price": 15,
            "no_price": 85,
            "taker_side": "no"
        },
        {
            "trade_id": "b200a4c3-8840-4d37-b952-e94d18b541c0",
            "ticker": "KXHIGHDEN-25FEB07-B61.5",
            "count": 4,
            "created_time": "2025-02-07T21:54:14.245992Z",
            "yes_price": 18,
            "no_price": 82,
            "taker_side": "yes"
        },
        {
            "trade_id": "6765166b-e0f9-467f-b3ac-e7c59a2d34d7",
            "ticker": "KXHIGHDEN-25FEB07-B61.5",
            "count": 6,
            "created_time": "2025-02-07T21:52:06.292865Z",
            "yes_price": 18,
            "no_price": 82,
            "taker_side": "yes"
        },
        {
            "trade_id": "5a3163fe-6121-4a52-9489-8bfbb127ecdb",
            "ticker": "KXHIGHDEN-25FEB07-B61.5",
            "count": 18,
            "created_time": "2025-02-07T21:52:06.292865Z",
            "yes_price": 18,
            "no_price": 82,
            "taker_side": "yes"
        },
        {
            "trade_id": "8c1ddf74-342b-476f-a735-f921b9e975b4",
            "ticker": "KXHIGHDEN-25FEB07-B61.5",
            "count": 25,
            "created_time": "2025-02-07T21:51:16.176335Z",
            "yes_price": 9,
            "no_price": 91,
            "taker_side": "no"
        },
        {
            "trade_id": "8315a007-79bd-47d6-8cbf-574857914119",
            "ticker": "KXHIGHDEN-25FEB07-B61.5",
            "count": 1,
            "created_time": "2025-02-07T21:50:30.148073Z",
            "yes_price": 12,
            "no_price": 88,
            "taker_side": "no"
        },
        {
            "trade_id": "1713614c-ccad-4dc4-ae5f-897b4b6e3e7c",
            "ticker": "KXHIGHDEN-25FEB07-B61.5",
            "count": 77,
            "created_time": "2025-02-07T21:50:30.148073Z",
            "yes_price": 12,
            "no_price": 88,
            "taker_side": "no"
        },
        {
            "trade_id": "f45e0e26-ac57-441b-8620-3bade4da9918",
            "ticker": "KXHIGHDEN-25FEB07-B61.5",
            "count": 50,
            "created_time": "2025-02-07T21:49:41.038823Z",
            "yes_price": 19,
            "no_price": 81,
            "taker_side": "yes"
        },
        {
            "trade_id": "a449d06b-34d2-4d6e-9d1c-eb336751bb86",
            "ticker": "KXHIGHDEN-25FEB07-B61.5",
            "count": 1,
            "created_time": "2025-02-07T21:49:01.0029Z",
            "yes_price": 15,
            "no_price": 85,
            "taker_side": "yes"
        },
        {
            "trade_id": "5b9b8296-6b5f-412b-9778-772397e4ba1f",
            "ticker": "KXHIGHDEN-25FEB07-B61.5",
            "count": 299,
            "created_time": "2025-02-07T21:49:01.0029Z",
            "yes_price": 19,
            "no_price": 81,
            "taker_side": "yes"
        },
        {
            "trade_id": "b94bda74-d70f-4f70-a3ce-19e3e05e2c9e",
            "ticker": "KXHIGHDEN-25FEB07-B61.5",
            "count": 95,
            "created_time": "2025-02-07T21:48:43.831163Z",
            "yes_price": 16,
            "no_price": 84,
            "taker_side": "yes"
        },
        {
            "trade_id": "4352cc88-a6bd-42a4-9d4e-9583cd952498",
            "ticker": "KXHIGHDEN-25FEB07-B61.5",
            "count": 5,
            "created_time": "2025-02-07T21:48:11.41719Z",
            "yes_price": 16,
            "no_price": 84,
            "taker_side": "yes"
        },
        {
            "trade_id": "faff5652-d78d-42f5-8774-1ea856168453",
            "ticker": "KXHIGHDEN-25FEB07-B61.5",
            "count": 18,
            "created_time": "2025-02-07T21:46:12.150281Z",
            "yes_price": 20,
            "no_price": 80,
            "taker_side": "yes"
        },
        {
            "trade_id": "9b9dc0c4-211f-433c-a8d6-eec7da06eef4",
            "ticker": "KXHIGHDEN-25FEB07-B61.5",
            "count": 20,
            "created_time": "2025-02-07T21:46:12.150281Z",
            "yes_price": 26,
            "no_price": 74,
            "taker_side": "yes"
        },
        {
            "trade_id": "4079ad1b-0676-44f3-9b0d-5e26c694bdef",
            "ticker": "KXHIGHDEN-25FEB07-B61.5",
            "count": 462,
            "created_time": "2025-02-07T21:46:12.150281Z",
            "yes_price": 10,
            "no_price": 90,
            "taker_side": "yes"
        },
        {
            "trade_id": "2e9e307e-72bc-485f-bc66-2512ae10ef31",
            "ticker": "KXHIGHDEN-25FEB07-B61.5",
            "count": 95,
            "created_time": "2025-02-07T21:46:08.042241Z",
            "yes_price": 10,
            "no_price": 90,
            "taker_side": "yes"
        },
        {
            "trade_id": "bba631ac-7809-49aa-809d-91e2af68cc5f",
            "ticker": "KXHIGHDEN-25FEB07-B61.5",
            "count": 193,
            "created_time": "2025-02-07T21:45:49.180344Z",
            "yes_price": 10,
            "no_price": 90,
            "taker_side": "no"
        },
        {
            "trade_id": "a25fcf45-2770-46dd-af91-466256d61d21",
            "ticker": "KXHIGHDEN-25FEB07-B61.5",
            "count": 396,
            "created_time": "2025-02-07T21:45:38.623567Z",
            "yes_price": 11,
            "no_price": 89,
            "taker_side": "yes"
        },
        {
            "trade_id": "c7cd1dc9-1851-417f-aa8c-4aff4e4a87d4",
            "ticker": "KXHIGHDEN-25FEB07-B61.5",
            "count": 4,
            "created_time": "2025-02-07T21:45:29.139352Z",
            "yes_price": 11,
            "no_price": 89,
            "taker_side": "no"
        },
        {
            "trade_id": "78facd0c-8205-4ceb-ab40-4e139ada9666",
            "ticker": "KXHIGHDEN-25FEB07-B61.5",
            "count": 100,
            "created_time": "2025-02-07T21:45:29.139352Z",
            "yes_price": 11,
            "no_price": 89,
            "taker_side": "no"
        },
        {
            "trade_id": "ccd2b28b-63c1-46b0-b47c-81917733c0ae",
            "ticker": "KXHIGHDEN-25FEB07-B61.5",
            "count": 300,
            "created_time": "2025-02-07T21:45:08.753722Z",
            "yes_price": 19,
            "no_price": 81,
            "taker_side": "yes"
        },
        {
            "trade_id": "21d75670-e8a5-4f92-aaaf-64aeee612ec0",
            "ticker": "KXHIGHDEN-25FEB07-B61.5",
            "count": 100,
            "created_time": "2025-02-07T21:45:08.753722Z",
            "yes_price": 19,
            "no_price": 81,
            "taker_side": "yes"
        },
        {
            "trade_id": "482af6a6-51f6-4b72-bdc2-2a7ea9e31f51",
            "ticker": "KXHIGHDEN-25FEB07-B61.5",
            "count": 7,
            "created_time": "2025-02-07T21:40:33.865201Z",
            "yes_price": 20,
            "no_price": 80,
            "taker_side": "no"
        },
        {
            "trade_id": "ea9c3460-e860-4efb-9c71-530515d3c18d",
            "ticker": "KXHIGHDEN-25FEB07-B61.5",
            "count": 7,
            "created_time": "2025-02-07T21:40:21.537532Z",
            "yes_price": 30,
            "no_price": 70,
            "taker_side": "yes"
        },
        {
            "trade_id": "dd5b5198-a4bc-4880-acbb-9224f09dc4d5",
            "ticker": "KXHIGHDEN-25FEB07-B61.5",
            "count": 3,
            "created_time": "2025-02-07T21:40:21.537532Z",
            "yes_price": 29,
            "no_price": 71,
            "taker_side": "yes"
        },
        {
            "trade_id": "1406d556-c0f0-4db8-a8cc-dbc12b4a9da3",
            "ticker": "KXHIGHDEN-25FEB07-B61.5",
            "count": 40,
            "created_time": "2025-02-07T21:40:21.537532Z",
            "yes_price": 30,
            "no_price": 70,
            "taker_side": "yes"
        },
        {
            "trade_id": "c33607c3-ecba-407d-8c8a-fcd65a35393c",
            "ticker": "KXHIGHDEN-25FEB07-B61.5",
            "count": 5,
            "created_time": "2025-02-07T21:39:33.424596Z",
            "yes_price": 18,
            "no_price": 82,
            "taker_side": "no"
        },
        {
            "trade_id": "7a626551-df5c-48fd-bccb-30294ef9c82c",
            "ticker": "KXHIGHDEN-25FEB07-B61.5",
            "count": 50,
            "created_time": "2025-02-07T21:39:33.424596Z",
            "yes_price": 19,
            "no_price": 81,
            "taker_side": "no"
        },
        {
            "trade_id": "6dcbf59c-5c82-4fa2-b761-6f21389244e9",
            "ticker": "KXHIGHDEN-25FEB07-B61.5",
            "count": 9,
            "created_time": "2025-02-07T21:39:33.424596Z",
            "yes_price": 14,
            "no_price": 86,
            "taker_side": "no"
        },
        {
            "trade_id": "52d54a5f-cd03-434d-b4a8-a65cd3493da6",
            "ticker": "KXHIGHDEN-25FEB07-B61.5",
            "count": 100,
            "created_time": "2025-02-07T21:39:33.424596Z",
            "yes_price": 19,
            "no_price": 81,
            "taker_side": "no"
        },
        {
            "trade_id": "404c7e3c-bda6-4ff7-9c4b-2c1c8e91b54f",
            "ticker": "KXHIGHDEN-25FEB07-B61.5",
            "count": 500,
            "created_time": "2025-02-07T21:39:30.590428Z",
            "yes_price": 29,
            "no_price": 71,
            "taker_side": "yes"
        },
        {
            "trade_id": "2c7ab8fd-848b-4d34-808b-6bf2c7c50281",
            "ticker": "KXHIGHDEN-25FEB07-B61.5",
            "count": 1,
            "created_time": "2025-02-07T21:39:30.590428Z",
            "yes_price": 27,
            "no_price": 73,
            "taker_side": "yes"
        },
        {
            "trade_id": "177e148a-2d40-486d-8e44-ed1222610195",
            "ticker": "KXHIGHDEN-25FEB07-B61.5",
            "count": 3,
            "created_time": "2025-02-07T21:39:30.590428Z",
            "yes_price": 28,
            "no_price": 72,
            "taker_side": "yes"
        },
        {
            "trade_id": "919ff891-874c-4164-9712-5df93fe5f5bc",
            "ticker": "KXHIGHDEN-25FEB07-B61.5",
            "count": 50,
