{
    "KXHIGHDEN-25APR03-T36": [
        {
            "trade_id": "5a94fc3b-7985-44c7-a62b-e27d4ea3bd10",
            "ticker": "KXHIGHDEN-25APR03-T36",
            "count": 50,
            "created_time": "2025-04-03T13:15:22.232052Z",
            "yes_price": 1,
            "no_price": 99,
            "taker_side": "yes"
        },
        {
            "trade_id": "54bdf106-2e82-4319-a3e3-929bd9abfd1c",
            "ticker": "KXHIGHDEN-25APR03-T36",
            "count": 169,
            "created_time": "2025-04-03T13:15:22.232052Z",
            "yes_price": 1,
            "no_price": 99,
            "taker_side": "yes"
        },
        {
            "trade_id": "cde2e9a7-6d0d-456e-b20a-54411ba611fd",
            "ticker": "KXHIGHDEN-25APR03-T36",
            "count": 50,
            "created_time": "2025-04-03T04:32:06.693213Z",
            "yes_price": 1,
            "no_price": 99,
            "taker_side": "no"
        },
        {
            "trade_id": "bfd13d0a-f64c-4c0c-9468-bee9a1eb988f",
            "ticker": "KXHIGHDEN-25APR03-T36",
            "count": 10,
            "created_time": "2025-04-03T04:32:06.693213Z",
            "yes_price": 2,
            "no_price": 98,
            "taker_side": "no"
        },
        {
            "trade_id": "e7139f1c-e9fe-407d-b962-65ff6cf5ef5b",
            "ticker": "KXHIGHDEN-25APR03-T36",
            "count": 10,
            "created_time": "2025-04-03T02:34:37.256327Z",
            "yes_price": 4,
            "no_price": 96,
            "taker_side": "yes"
        },
        {
            "trade_id": "cb7259eb-6760-4f29-9fb4-6ae25823225f",
            "ticker": "KXHIGHDEN-25APR03-T36",
            "count": 250,
            "created_time": "2025-04-03T01:54:22.426972Z",
            "yes_price": 1,
            "no_price": 99,
            "taker_side": "no"
        }
    ],
    "KXHIGHDEN-25APR03-B36.5": [
        {
            "trade_id": "4a92d735-5052-4555-8168-020efcf9dfd4",
            "ticker": "KXHIGHDEN-25APR03-B36.5",
            "count": 100,
            "created_time": "2025-04-03T14:57:17.673173Z",
            "yes_price": 1,
            "no_price": 99,
            "taker_side": "yes"
        },
        {
            "trade_id": "952680e6-6aef-4d31-a33e-f0ea6fece7ec",
            "ticker": "KXHIGHDEN-25APR03-B36.5",
            "count": 51,
            "created_time": "2025-04-03T14:14:12.078947Z",
            "yes_price": 3,
            "no_price": 97,
            "taker_side": "no"
        },
        {
            "trade_id": "c544b911-1e16-495b-bae0-8f58ef6da2e2",
            "ticker": "KXHIGHDEN-25APR03-B36.5",
            "count": 100,
            "created_time": "2025-04-03T14:04:20.078598Z",
            "yes_price": 5,
            "no_price": 95,
            "taker_side": "no"
        },
        {
            "trade_id": "a708ed18-d8cd-4cc5-8a84-7a4ea5c9dea7",
            "ticker": "KXHIGHDEN-25APR03-B36.5",
            "count": 25,
            "created_time": "2025-04-03T14:03:29.173485Z",
            "yes_price": 9,
            "no_price": 91,
            "taker_side": "yes"
        },
        {
            "trade_id": "938e37a3-9aa8-4357-b957-94335c3efd8e",
            "ticker": "KXHIGHDEN-25APR03-B36.5",
            "count": 5,
            "created_time": "2025-04-03T13:56:01.601828Z",
            "yes_price": 2,
            "no_price": 98,
            "taker_side": "no"
        },
        {
            "trade_id": "e695a5be-85fa-4be6-bf89-2a870aa7fae5",
            "ticker": "KXHIGHDEN-25APR03-B36.5",
            "count": 99,
            "created_time": "2025-04-03T13:55:59.956462Z",
            "yes_price": 5,
            "no_price": 95,
            "taker_side": "yes"
        },
        {
            "trade_id": "f8325819-44a3-4a06-86d1-514b23ad5dfb",
            "ticker": "KXHIGHDEN-25APR03-B36.5",
            "count": 75,
            "created_time": "2025-04-03T13:49:44.210616Z",
            "yes_price": 4,
            "no_price": 96,
            "taker_side": "no"
        },
        {
            "trade_id": "537a5623-b848-4cb0-8b63-a5544de785e0",
            "ticker": "KXHIGHDEN-25APR03-B36.5",
            "count": 1,
            "created_time": "2025-04-03T13:45:17.569364Z",
            "yes_price": 5,
            "no_price": 95,
            "taker_side": "no"
        },
        {
            "trade_id": "7eddc5f7-d3e7-492d-9657-e207eceabda1",
            "ticker": "KXHIGHDEN-25APR03-B36.5",
            "count": 1,
            "created_time": "2025-04-03T13:27:36.517781Z",
            "yes_price": 8,
            "no_price": 92,
            "taker_side": "yes"
        },
        {
            "trade_id": "a93f75fa-841f-4559-b9b2-47ec58024412",
            "ticker": "KXHIGHDEN-25APR03-B36.5",
            "count": 5,
            "created_time": "2025-04-03T12:03:34.987604Z",
            "yes_price": 4,
            "no_price": 96,
            "taker_side": "no"
        },
        {
            "trade_id": "0feee170-a12c-4315-bf6e-3db282eba7f8",
            "ticker": "KXHIGHDEN-25APR03-B36.5",
            "count": 19,
            "created_time": "2025-04-03T12:03:31.839267Z",
            "yes_price": 4,
            "no_price": 96,
            "taker_side": "no"
        },
        {
            "trade_id": "c0550e59-8d13-44c3-aaad-7d862dbe77a4",
            "ticker": "KXHIGHDEN-25APR03-B36.5",
            "count": 240,
            "created_time": "2025-04-03T06:35:23.054715Z",
            "yes_price": 6,
            "no_price": 94,
            "taker_side": "yes"
        },
        {
            "trade_id": "61a9ee04-2874-42b8-aa55-17055087f56c",
            "ticker": "KXHIGHDEN-25APR03-B36.5",
            "count": 7,
            "created_time": "2025-04-03T06:35:23.054715Z",
            "yes_price": 5,
            "no_price": 95,
            "taker_side": "yes"
        },
        {
            "trade_id": "949988a7-daf5-445b-a51d-2ff21c8e64a4",
            "ticker": "KXHIGHDEN-25APR03-B36.5",
            "count": 19,
            "created_time": "2025-04-03T04:50:54.519624Z",
            "yes_price": 1,
            "no_price": 99,
            "taker_side": "yes"
        },
        {
            "trade_id": "3038326f-fa5a-4644-b20f-5835a20be579",
            "ticker": "KXHIGHDEN-25APR03-B36.5",
            "count": 40,
            "created_time": "2025-04-03T04:45:27.042997Z",
            "yes_price": 1,
            "no_price": 99,
            "taker_side": "yes"
        },
        {
            "trade_id": "11cff3da-c8a0-4971-ab40-8b325ff6831b",
            "ticker": "KXHIGHDEN-25APR03-B36.5",
            "count": 40,
            "created_time": "2025-04-03T04:40:09.807791Z",
            "yes_price": 1,
            "no_price": 99,
            "taker_side": "yes"
        },
        {
            "trade_id": "bffb4f5c-4f14-491f-b98d-1b6dfea16404",
            "ticker": "KXHIGHDEN-25APR03-B36.5",
            "count": 40,
            "created_time": "2025-04-03T04:35:10.568671Z",
            "yes_price": 1,
            "no_price": 99,
            "taker_side": "yes"
        },
        {
            "trade_id": "c2a9ba90-8a3b-4118-953e-87e5c3f4313e",
            "ticker": "KXHIGHDEN-25APR03-B36.5",
            "count": 50,
            "created_time": "2025-04-03T04:32:06.69233Z",
            "yes_price": 2,
            "no_price": 98,
            "taker_side": "no"
        },
        {
            "trade_id": "723e4f68-a9c6-4ef6-a2a2-d1c17ef92956",
            "ticker": "KXHIGHDEN-25APR03-B36.5",
            "count": 40,
            "created_time": "2025-04-03T04:32:06.69233Z",
            "yes_price": 2,
            "no_price": 98,
            "taker_side": "no"
        },
        {
            "trade_id": "eff80bd0-9a8b-4db0-b24d-88f74c98a6a9",
            "ticker": "KXHIGHDEN-25APR03-B36.5",
            "count": 1,
            "created_time": "2025-04-03T04:21:02.249862Z",
            "yes_price": 3,
            "no_price": 97,
            "taker_side": "no"
        },
        {
            "trade_id": "089a4cb6-fa9e-4bb2-ac6e-82adcfe30e99",
            "ticker": "KXHIGHDEN-25APR03-B36.5",
            "count": 17,
            "created_time": "2025-04-03T04:21:02.249862Z",
            "yes_price": 3,
            "no_price": 97,
            "taker_side": "no"
        },
        {
            "trade_id": "813bc9d4-d24e-4526-bc3d-b42aad21523b",
            "ticker": "KXHIGHDEN-25APR03-B36.5",
            "count": 7,
            "created_time": "2025-04-03T04:20:37.681678Z",
            "yes_price": 4,
            "no_price": 96,
            "taker_side": "no"
        },
        {
            "trade_id": "cc3822ae-1efd-4b1b-9e7f-52bbc359bd21",
            "ticker": "KXHIGHDEN-25APR03-B36.5",
            "count": 75,
            "created_time": "2025-04-03T04:03:20.749916Z",
            "yes_price": 5,
            "no_price": 95,
            "taker_side": "yes"
        },
        {
            "trade_id": "c063f01c-770a-44b4-8a13-8c20980d39f6",
            "ticker": "KXHIGHDEN-25APR03-B36.5",
            "count": 25,
            "created_time": "2025-04-03T04:01:05.490187Z",
            "yes_price": 5,
            "no_price": 95,
            "taker_side": "no"
        },
        {
            "trade_id": "1390f3cd-76a7-4803-8627-175483305297",
            "ticker": "KXHIGHDEN-25APR03-B36.5",
            "count": 7,
            "created_time": "2025-04-03T04:01:05.490187Z",
            "yes_price": 5,
            "no_price": 95,
            "taker_side": "no"
        },
        {
            "trade_id": "04c00750-2a29-4588-ba3e-2b2c65c1a19d",
            "ticker": "KXHIGHDEN-25APR03-B36.5",
            "count": 1,
            "created_time": "2025-04-03T04:01:03.029036Z",
            "yes_price": 5,
            "no_price": 95,
            "taker_side": "no"
        },
        {
            "trade_id": "72a07ea7-c3ae-4978-8a78-40648f1a2356",
            "ticker": "KXHIGHDEN-25APR03-B36.5",
            "count": 9,
            "created_time": "2025-04-03T03:59:00.248343Z",
            "yes_price": 4,
            "no_price": 96,
            "taker_side": "yes"
        },
        {
            "trade_id": "40e12e46-3fa2-4caa-94ac-d8bbc981342b",
            "ticker": "KXHIGHDEN-25APR03-B36.5",
            "count": 1,
            "created_time": "2025-04-03T02:34:42.073342Z",
            "yes_price": 6,
            "no_price": 94,
            "taker_side": "no"
        },
        {
            "trade_id": "6c2103d0-f46c-4245-b130-905dffc51745",
            "ticker": "KXHIGHDEN-25APR03-B36.5",
            "count": 1,
            "created_time": "2025-04-03T02:29:31.302035Z",
            "yes_price": 6,
            "no_price": 94,
            "taker_side": "yes"
        },
        {
            "trade_id": "07e017a9-021d-483d-8a59-59145ce3563a",
            "ticker": "KXHIGHDEN-25APR03-B36.5",
            "count": 8,
            "created_time": "2025-04-03T02:29:31.302035Z",
            "yes_price": 6,
            "no_price": 94,
            "taker_side": "yes"
        },
        {
            "trade_id": "4b3dde74-8ead-41e4-845e-e19a40d7306e",
            "ticker": "KXHIGHDEN-25APR03-B36.5",
            "count": 120,
            "created_time": "2025-04-03T02:27:59.88079Z",
            "yes_price": 5,
            "no_price": 95,
            "taker_side": "yes"
        },
        {
            "trade_id": "df4a7548-b154-4706-a2c1-f36d89d93e8d",
            "ticker": "KXHIGHDEN-25APR03-B36.5",
            "count": 100,
            "created_time": "2025-04-03T01:54:22.521791Z",
            "yes_price": 3,
            "no_price": 97,
            "taker_side": "no"
        },
        {
            "trade_id": "0bffebba-5ade-44d1-9340-67b366e4466d",
            "ticker": "KXHIGHDEN-25APR03-B36.5",
            "count": 150,
            "created_time": "2025-04-03T01:54:22.521791Z",
            "yes_price": 2,
            "no_price": 98,
            "taker_side": "no"
        },
        {
            "trade_id": "11e36a3d-5114-4427-be0f-579bea872125",
            "ticker": "KXHIGHDEN-25APR03-B36.5",
            "count": 19,
            "created_time": "2025-04-03T00:17:04.65353Z",
            "yes_price": 9,
            "no_price": 91,
            "taker_side": "yes"
        },
        {
            "trade_id": "748b3fca-f9f2-4041-b32e-c5e89693152b",
            "ticker": "KXHIGHDEN-25APR03-B36.5",
            "count": 47,
            "created_time": "2025-04-02T23:29:29.118357Z",
            "yes_price": 10,
            "no_price": 90,
            "taker_side": "yes"
        },
        {
            "trade_id": "e8adc492-b2b2-48f0-a40c-69d3f28ff78b",
            "ticker": "KXHIGHDEN-25APR03-B36.5",
            "count": 12,
            "created_time": "2025-04-02T21:18:49.525048Z",
            "yes_price": 8,
            "no_price": 92,
            "taker_side": "no"
        },
        {
            "trade_id": "7727f552-5b08-434e-b527-66ae8ca0380f",
            "ticker": "KXHIGHDEN-25APR03-B36.5",
            "count": 19,
            "created_time": "2025-04-02T20:17:01.729893Z",
            "yes_price": 8,
            "no_price": 92,
            "taker_side": "no"
        }
    ],
    "KXHIGHDEN-25APR03-B38.5": [
        {
            "trade_id": "60a8505b-e21b-4b5c-a77e-9c0d99bc8a48",
            "ticker": "KXHIGHDEN-25APR03-B38.5",
            "count": 351,
            "created_time": "2025-04-04T02:57:54.251036Z",
            "yes_price": 1,
            "no_price": 99,
            "taker_side": "yes"
        },
        {
            "trade_id": "f7f72b47-31ee-4553-8896-7ee41a71dfc3",
            "ticker": "KXHIGHDEN-25APR03-B38.5",
            "count": 190,
            "created_time": "2025-04-03T18:44:35.336534Z",
            "yes_price": 1,
            "no_price": 99,
            "taker_side": "yes"
        },
        {
            "trade_id": "37321432-281c-46da-92f6-fca6929e9b8d",
            "ticker": "KXHIGHDEN-25APR03-B38.5",
            "count": 690,
            "created_time": "2025-04-03T18:44:35.336534Z",
            "yes_price": 1,
            "no_price": 99,
            "taker_side": "yes"
        },
        {
            "trade_id": "8d5ce9ff-0ab6-4e72-b874-178df183a81c",
            "ticker": "KXHIGHDEN-25APR03-B38.5",
            "count": 10,
            "created_time": "2025-04-03T18:00:18.267916Z",
            "yes_price": 1,
            "no_price": 99,
            "taker_side": "yes"
        },
        {
            "trade_id": "19cf18d2-c230-4807-aa80-6120d23ead6f",
            "ticker": "KXHIGHDEN-25APR03-B38.5",
            "count": 10,
            "created_time": "2025-04-03T15:38:31.648592Z",
            "yes_price": 5,
            "no_price": 95,
            "taker_side": "yes"
        },
        {
            "trade_id": "d3fcf211-cd6f-4df7-ba7f-106e4afc49be",
            "ticker": "KXHIGHDEN-25APR03-B38.5",
            "count": 22,
            "created_time": "2025-04-03T15:28:39.213159Z",
            "yes_price": 1,
            "no_price": 99,
            "taker_side": "no"
        },
        {
            "trade_id": "1c6dfbb7-1ec4-42f9-8bb7-ff50de4f1d0f",
            "ticker": "KXHIGHDEN-25APR03-B38.5",
            "count": 21,
            "created_time": "2025-04-03T15:28:39.213159Z",
            "yes_price": 1,
            "no_price": 99,
            "taker_side": "no"
        },
        {
            "trade_id": "b6047508-b805-4f3d-a052-d27dfec87fb6",
            "ticker": "KXHIGHDEN-25APR03-B38.5",
            "count": 99,
            "created_time": "2025-04-03T15:19:05.948523Z",
            "yes_price": 1,
            "no_price": 99,
            "taker_side": "no"
        },
        {
            "trade_id": "b13c29db-68e9-4164-8c3e-82f764980328",
            "ticker": "KXHIGHDEN-25APR03-B38.5",
            "count": 40,
            "created_time": "2025-04-03T15:19:05.948523Z",
            "yes_price": 1,
            "no_price": 99,
            "taker_side": "no"
        },
        {
            "trade_id": "3c3fdb6c-607a-4f9f-b043-5bc9a9b2061d",
            "ticker": "KXHIGHDEN-25APR03-B38.5",
            "count": 40,
            "created_time": "2025-04-03T15:18:18.128479Z",
            "yes_price": 3,
            "no_price": 97,
            "taker_side": "no"
        },
        {
            "trade_id": "c71d3ab5-004b-4226-b448-1d726dd05e88",
            "ticker": "KXHIGHDEN-25APR03-B38.5",
            "count": 1,
            "created_time": "2025-04-03T15:17:43.854793Z",
            "yes_price": 6,
            "no_price": 94,
            "taker_side": "no"
        },
        {
            "trade_id": "a082e421-89e9-4664-ab83-dcc0a7bdfedd",
            "ticker": "KXHIGHDEN-25APR03-B38.5",
            "count": 50,
            "created_time": "2025-04-03T15:17:43.854793Z",
            "yes_price": 5,
            "no_price": 95,
            "taker_side": "no"
        },
        {
            "trade_id": "1b54501b-2aa9-4e9b-9bc4-6cd5e3ea0be9",
            "ticker": "KXHIGHDEN-25APR03-B38.5",
            "count": 20,
            "created_time": "2025-04-03T15:17:43.854793Z",
            "yes_price": 6,
            "no_price": 94,
            "taker_side": "no"
        },
        {
            "trade_id": "80120986-48ac-4f94-a21f-d785db8e11ca",
            "ticker": "KXHIGHDEN-25APR03-B38.5",
            "count": 21,
            "created_time": "2025-04-03T15:01:08.905999Z",
            "yes_price": 7,
            "no_price": 93,
            "taker_side": "no"
        },
        {
            "trade_id": "1a3cedcc-f3cc-4d83-91ec-baf1971b3889",
            "ticker": "KXHIGHDEN-25APR03-B38.5",
            "count": 200,
            "created_time": "2025-04-03T15:01:08.905999Z",
            "yes_price": 6,
            "no_price": 94,
            "taker_side": "no"
        },
        {
            "trade_id": "e09ce785-f9df-4af5-b545-33ab26b624fc",
            "ticker": "KXHIGHDEN-25APR03-B38.5",
            "count": 50,
            "created_time": "2025-04-03T14:59:31.059312Z",
            "yes_price": 8,
            "no_price": 92,
            "taker_side": "yes"
        },
        {
            "trade_id": "815cd035-d375-47e4-97ca-bc4e424c819f",
            "ticker": "KXHIGHDEN-25APR03-B38.5",
            "count": 1,
            "created_time": "2025-04-03T14:59:31.059312Z",
            "yes_price": 8,
            "no_price": 92,
            "taker_side": "yes"
        },
        {
            "trade_id": "43f165ed-2e21-46d4-8e69-59fd3cf263ef",
            "ticker": "KXHIGHDEN-25APR03-B38.5",
            "count": 22,
            "created_time": "2025-04-03T14:56:48.661609Z",
            "yes_price": 9,
            "no_price": 91,
            "taker_side": "no"
        },
        {
            "trade_id": "f6e7b929-2920-431c-b128-8ad6640beda2",
            "ticker": "KXHIGHDEN-25APR03-B38.5",
            "count": 48,
            "created_time": "2025-04-03T14:47:54.247105Z",
            "yes_price": 8,
            "no_price": 92,
            "taker_side": "no"
        },
        {
            "trade_id": "1a110967-95ba-456a-8514-4bc37993a0bc",
            "ticker": "KXHIGHDEN-25APR03-B38.5",
            "count": 60,
            "created_time": "2025-04-03T14:47:54.247105Z",
            "yes_price": 8,
            "no_price": 92,
            "taker_side": "no"
        },
        {
            "trade_id": "a4da72f6-ddf8-4900-82fa-468d289f242c",
            "ticker": "KXHIGHDEN-25APR03-B38.5",
            "count": 119,
            "created_time": "2025-04-03T14:46:40.55326Z",
            "yes_price": 7,
            "no_price": 93,
            "taker_side": "no"
        },
        {
            "trade_id": "a07ab805-a9f0-41eb-b903-327d2a196913",
            "ticker": "KXHIGHDEN-25APR03-B38.5",
            "count": 27,
            "created_time": "2025-04-03T14:46:40.55326Z",
            "yes_price": 7,
            "no_price": 93,
            "taker_side": "no"
        },
        {
            "trade_id": "299bf71a-cf6d-41c0-95f5-d0a48bedbc4b",
            "ticker": "KXHIGHDEN-25APR03-B38.5",
            "count": 25,
            "created_time": "2025-04-03T14:44:24.506405Z",
            "yes_price": 8,
            "no_price": 92,
            "taker_side": "no"
        },
        {
            "trade_id": "add9cd49-f5c3-4faa-b457-45029ec85909",
            "ticker": "KXHIGHDEN-25APR03-B38.5",
            "count": 50,
            "created_time": "2025-04-03T14:43:00.95816Z",
            "yes_price": 9,
            "no_price": 91,
            "taker_side": "no"
        },
        {
            "trade_id": "a3d55942-81a7-474c-a6cb-f9029e86cae3",
            "ticker": "KXHIGHDEN-25APR03-B38.5",
            "count": 299,
            "created_time": "2025-04-03T14:43:00.95816Z",
            "yes_price": 9,
            "no_price": 91,
            "taker_side": "no"
        },
        {
            "trade_id": "c9100c2e-27d3-43b9-ba59-ff830692bae8",
            "ticker": "KXHIGHDEN-25APR03-B38.5",
            "count": 29,
            "created_time": "2025-04-03T14:39:00.106653Z",
            "yes_price": 9,
            "no_price": 91,
            "taker_side": "no"
        },
        {
            "trade_id": "3d13ad37-3b0d-4656-b770-b5e2a5ca398d",
            "ticker": "KXHIGHDEN-25APR03-B38.5",
            "count": 50,
            "created_time": "2025-04-03T14:36:41.683313Z",
            "yes_price": 10,
            "no_price": 90,
            "taker_side": "no"
        },
        {
            "trade_id": "6bd8e419-ba35-48cb-886f-fb54b4380a02",
            "ticker": "KXHIGHDEN-25APR03-B38.5",
            "count": 24,
            "created_time": "2025-04-03T14:32:57.558188Z",
            "yes_price": 9,
            "no_price": 91,
            "taker_side": "no"
        },
        {
            "trade_id": "31b43490-be74-48bc-8a9d-a0e7689c32df",
            "ticker": "KXHIGHDEN-25APR03-B38.5",
            "count": 1,
            "created_time": "2025-04-03T14:32:57.558188Z",
            "yes_price": 9,
            "no_price": 91,
            "taker_side": "no"
        },
        {
            "trade_id": "b51db6c7-2c8a-4435-86a3-8c75ac4b83e6",
            "ticker": "KXHIGHDEN-25APR03-B38.5",
            "count": 50,
            "created_time": "2025-04-03T14:31:59.355703Z",
            "yes_price": 8,
            "no_price": 92,
            "taker_side": "no"
        },
        {
            "trade_id": "10d5ccd8-2276-4c53-9613-536347352845",
            "ticker": "KXHIGHDEN-25APR03-B38.5",
            "count": 31,
            "created_time": "2025-04-03T14:31:52.235899Z",
            "yes_price": 10,
            "no_price": 90,
            "taker_side": "no"
        },
        {
            "trade_id": "19104164-1151-4f10-9319-8b44a3408544",
            "ticker": "KXHIGHDEN-25APR03-B38.5",
            "count": 10,
            "created_time": "2025-04-03T14:30:56.272021Z",
            "yes_price": 13,
            "no_price": 87,
            "taker_side": "no"
        },
        {
            "trade_id": "2941f9a5-05d8-4897-ad5b-77c4ba240f01",
            "ticker": "KXHIGHDEN-25APR03-B38.5",
            "count": 15,
            "created_time": "2025-04-03T14:25:13.532832Z",
            "yes_price": 12,
            "no_price": 88,
            "taker_side": "no"
        },
        {
            "trade_id": "d2bbefe5-7a8f-4c93-9bb9-3c6c238d40a9",
            "ticker": "KXHIGHDEN-25APR03-B38.5",
            "count": 32,
            "created_time": "2025-04-03T14:21:34.06052Z",
            "yes_price": 20,
            "no_price": 80,
            "taker_side": "yes"
        },
        {
            "trade_id": "201bea93-5caf-4428-8f0e-4f5949cbb01b",
            "ticker": "KXHIGHDEN-25APR03-B38.5",
            "count": 1,
            "created_time": "2025-04-03T14:21:34.06052Z",
            "yes_price": 19,
            "no_price": 81,
            "taker_side": "yes"
        },
        {
            "trade_id": "2d93a947-5675-4502-967d-57cecf94c387",
            "ticker": "KXHIGHDEN-25APR03-B38.5",
            "count": 25,
            "created_time": "2025-04-03T14:19:11.996966Z",
            "yes_price": 12,
            "no_price": 88,
            "taker_side": "no"
        },
        {
            "trade_id": "be133ff8-e3f4-4a31-a89a-a6f81709cf68",
            "ticker": "KXHIGHDEN-25APR03-B38.5",
            "count": 50,
            "created_time": "2025-04-03T14:16:35.517914Z",
            "yes_price": 13,
            "no_price": 87,
            "taker_side": "no"
        },
        {
            "trade_id": "9d9882af-baed-4c34-bc33-f4bd96cad03b",
            "ticker": "KXHIGHDEN-25APR03-B38.5",
            "count": 100,
            "created_time": "2025-04-03T14:16:35.517914Z",
            "yes_price": 13,
            "no_price": 87,
            "taker_side": "no"
        },
        {
            "trade_id": "2a395114-2630-4397-bcc1-a3c44e604bf5",
            "ticker": "KXHIGHDEN-25APR03-B38.5",
            "count": 43,
            "created_time": "2025-04-03T14:08:10.572289Z",
            "yes_price": 14,
            "no_price": 86,
            "taker_side": "no"
        },
        {
            "trade_id": "cc22df02-109a-4761-8f5e-440833ed0415",
            "ticker": "KXHIGHDEN-25APR03-B38.5",
            "count": 18,
            "created_time": "2025-04-03T14:07:31.961075Z",
            "yes_price": 18,
            "no_price": 82,
            "taker_side": "no"
        },
        {
            "trade_id": "4129f199-3113-4b03-b70c-e694aea56562",
            "ticker": "KXHIGHDEN-25APR03-B38.5",
            "count": 25,
            "created_time": "2025-04-03T14:07:31.961075Z",
            "yes_price": 17,
            "no_price": 83,
            "taker_side": "no"
        },
        {
            "trade_id": "cac64c00-8350-45a4-8be8-81ec3b846131",
            "ticker": "KXHIGHDEN-25APR03-B38.5",
            "count": 25,
            "created_time": "2025-04-03T14:02:43.188681Z",
            "yes_price": 23,
            "no_price": 77,
            "taker_side": "yes"
        },
        {
            "trade_id": "f0a9bcf0-9872-4a25-b76d-1a111746c105",
            "ticker": "KXHIGHDEN-25APR03-B38.5",
            "count": 93,
            "created_time": "2025-04-03T13:47:24.998306Z",
            "yes_price": 17,
            "no_price": 83,
            "taker_side": "no"
        },
        {
            "trade_id": "11fde860-73b0-48fc-947a-e00a59b6165c",
            "ticker": "KXHIGHDEN-25APR03-B38.5",
            "count": 18,
            "created_time": "2025-04-03T13:47:24.998306Z",
            "yes_price": 17,
            "no_price": 83,
            "taker_side": "no"
        },
        {
            "trade_id": "bf55e48b-05ae-4c6d-8ba2-5f9819d6ca9e",
            "ticker": "KXHIGHDEN-25APR03-B38.5",
            "count": 1,
            "created_time": "2025-04-03T13:45:08.036567Z",
            "yes_price": 25,
            "no_price": 75,
            "taker_side": "no"
        },
        {
            "trade_id": "08017a09-6f7d-4299-9058-1cee14ef687d",
            "ticker": "KXHIGHDEN-25APR03-B38.5",
            "count": 17,
            "created_time": "2025-04-03T13:45:08.036567Z",
            "yes_price": 25,
            "no_price": 75,
            "taker_side": "no"
        },
        {
            "trade_id": "022adbba-5948-4748-aa62-9b960213a39f",
            "ticker": "KXHIGHDEN-25APR03-B38.5",
            "count": 100,
            "created_time": "2025-04-03T13:45:08.036567Z",
            "yes_price": 24,
            "no_price": 76,
            "taker_side": "no"
        },
        {
            "trade_id": "2c3d3a36-50c3-4506-91fa-9c5bab8f191b",
            "ticker": "KXHIGHDEN-25APR03-B38.5",
            "count": 14,
            "created_time": "2025-04-03T13:43:51.650551Z",
            "yes_price": 26,
            "no_price": 74,
            "taker_side": "no"
        },
        {
            "trade_id": "07bb8818-acbe-4549-98c6-e289a938f8d3",
            "ticker": "KXHIGHDEN-25APR03-B38.5",
            "count": 15,
            "created_time": "2025-04-03T13:37:11.85354Z",
            "yes_price": 30,
            "no_price": 70,
            "taker_side": "yes"
        },
        {
            "trade_id": "765e8120-3905-4704-95b9-e3ef1b2e13d0",
            "ticker": "KXHIGHDEN-25APR03-B38.5",
            "count": 6,
            "created_time": "2025-04-03T13:34:48.339597Z",
            "yes_price": 30,
            "no_price": 70,
            "taker_side": "yes"
        },
        {
            "trade_id": "57ac01c3-b208-4e01-9d42-aedc564c8ad9",
            "ticker": "KXHIGHDEN-25APR03-B38.5",
            "count": 75,
            "created_time": "2025-04-03T13:20:42.749134Z",
            "yes_price": 29,
            "no_price": 71,
            "taker_side": "yes"
        },
        {
            "trade_id": "c03bd560-ebd5-4a10-8ba0-723fc15df101",
            "ticker": "KXHIGHDEN-25APR03-B38.5",
            "count": 1,
            "created_time": "2025-04-03T13:19:57.488927Z",
            "yes_price": 28,
            "no_price": 72,
            "taker_side": "yes"
        },
        {
            "trade_id": "ab9984b4-347b-4799-b0c4-654794a97dc1",
            "ticker": "KXHIGHDEN-25APR03-B38.5",
            "count": 106,
            "created_time": "2025-04-03T13:13:15.000013Z",
            "yes_price": 28,
            "no_price": 72,
            "taker_side": "yes"
        },
        {
            "trade_id": "618dd70e-768d-436f-8aa5-6f1cd60d7874",
            "ticker": "KXHIGHDEN-25APR03-B38.5",
            "count": 94,
            "created_time": "2025-04-03T13:12:58.253829Z",
            "yes_price": 28,
            "no_price": 72,
            "taker_side": "yes"
        },
        {
            "trade_id": "eba3c6d0-949a-46cc-b46f-85d97cef4d85",
            "ticker": "KXHIGHDEN-25APR03-B38.5",
            "count": 40,
            "created_time": "2025-04-03T12:59:07.29676Z",
            "yes_price": 22,
            "no_price": 78,
            "taker_side": "yes"
        },
        {
            "trade_id": "d0b43f93-2bbf-4483-b87e-830cce3df27f",
            "ticker": "KXHIGHDEN-25APR03-B38.5",
            "count": 299,
            "created_time": "2025-04-03T12:59:07.29676Z",
            "yes_price": 25,
            "no_price": 75,
            "taker_side": "yes"
        },
        {
            "trade_id": "b3461713-b5f6-4871-958a-be66bde60e4e",
            "ticker": "KXHIGHDEN-25APR03-B38.5",
            "count": 150,
            "created_time": "2025-04-03T12:59:07.29676Z",
            "yes_price": 25,
            "no_price": 75,
            "taker_side": "yes"
        },
        {
            "trade_id": "11cad51c-f931-4eed-b6f2-9fea70c94bb9",
            "ticker": "KXHIGHDEN-25APR03-B38.5",
            "count": 50,
            "created_time": "2025-04-03T12:59:07.29676Z",
            "yes_price": 23,
            "no_price": 77,
            "taker_side": "yes"
        },
        {
            "trade_id": "d1c3e2cb-6608-4ebd-87e0-5b0b063f8246",
            "ticker": "KXHIGHDEN-25APR03-B38.5",
            "count": 1,
            "created_time": "2025-04-03T12:26:28.751341Z",
            "yes_price": 22,
            "no_price": 78,
            "taker_side": "no"
        },
        {
            "trade_id": "85af1bfb-7e6a-4988-9462-1581ed229ecf",
            "ticker": "KXHIGHDEN-25APR03-B38.5",
            "count": 61,
            "created_time": "2025-04-03T12:26:28.751341Z",
            "yes_price": 21,
            "no_price": 79,
            "taker_side": "no"
        },
        {
            "trade_id": "e70711fa-424f-4e69-8621-c0161a7bcd99",
            "ticker": "KXHIGHDEN-25APR03-B38.5",
            "count": 43,
            "created_time": "2025-04-03T06:49:08.865927Z",
            "yes_price": 24,
            "no_price": 76,
            "taker_side": "yes"
        },
        {
            "trade_id": "a832cb8d-36d4-4a1c-8966-56511d06fa82",
            "ticker": "KXHIGHDEN-25APR03-B38.5",
            "count": 1,
            "created_time": "2025-04-03T06:49:08.865927Z",
            "yes_price": 24,
            "no_price": 76,
            "taker_side": "yes"
        },
        {
            "trade_id": "9f2a848f-7998-4e92-b347-ee43afd72a10",
            "ticker": "KXHIGHDEN-25APR03-B38.5",
            "count": 1,
            "created_time": "2025-04-03T06:49:08.865927Z",
            "yes_price": 23,
            "no_price": 77,
            "taker_side": "yes"
        },
        {
            "trade_id": "916bd018-c28e-4b21-b946-0b8125afebdc",
            "ticker": "KXHIGHDEN-25APR03-B38.5",
            "count": 240,
            "created_time": "2025-04-03T06:49:08.865927Z",
            "yes_price": 26,
            "no_price": 74,
            "taker_side": "yes"
        },
        {
            "trade_id": "5df62a5b-0d6f-4ae0-8fc8-b2585c77f815",
            "ticker": "KXHIGHDEN-25APR03-B38.5",
            "count": 299,
            "created_time": "2025-04-03T06:49:08.865927Z",
            "yes_price": 26,
            "no_price": 74,
            "taker_side": "yes"
        },
        {
            "trade_id": "56b9fdc3-67a3-4596-8b21-0da0456cad98",
            "ticker": "KXHIGHDEN-25APR03-B38.5",
            "count": 41,
            "created_time": "2025-04-03T06:49:08.865927Z",
            "yes_price": 24,
            "no_price": 76,
            "taker_side": "yes"
        },
        {
            "trade_id": "3c13604d-05b1-4714-bb38-8f09f927bf3d",
            "ticker": "KXHIGHDEN-25APR03-B38.5",
            "count": 13,
            "created_time": "2025-04-03T06:49:08.865927Z",
            "yes_price": 24,
            "no_price": 76,
            "taker_side": "yes"
        },
        {
            "trade_id": "18200725-70c2-4183-9d94-846b526600a8",
            "ticker": "KXHIGHDEN-25APR03-B38.5",
            "count": 1,
            "created_time": "2025-04-03T06:49:08.865927Z",
            "yes_price": 22,
            "no_price": 78,
            "taker_side": "yes"
        },
        {
            "trade_id": "03cf260c-6cf2-4e9a-ba22-a670d34d66cc",
            "ticker": "KXHIGHDEN-25APR03-B38.5",
            "count": 19,
            "created_time": "2025-04-03T06:49:08.865927Z",
            "yes_price": 25,
            "no_price": 75,
            "taker_side": "yes"
        },
        {
            "trade_id": "7659bb60-759d-43f6-a887-21e14b815d89",
            "ticker": "KXHIGHDEN-25APR03-B38.5",
            "count": 32,
            "created_time": "2025-04-03T06:35:02.553867Z",
            "yes_price": 21,
            "no_price": 79,
            "taker_side": "yes"
        },
        {
            "trade_id": "2fd57faa-dd5c-40e7-859c-463199e620c8",
            "ticker": "KXHIGHDEN-25APR03-B38.5",
            "count": 119,
            "created_time": "2025-04-03T06:35:02.553867Z",
            "yes_price": 22,
            "no_price": 78,
            "taker_side": "yes"
        },
        {
            "trade_id": "23258b88-bbb1-42c5-bad5-c09d58e7e8ab",
            "ticker": "KXHIGHDEN-25APR03-B38.5",
            "count": 299,
            "created_time": "2025-04-03T06:35:02.553867Z",
            "yes_price": 25,
            "no_price": 75,
            "taker_side": "yes"
        },
        {
            "trade_id": "1a0784b7-606f-444b-9670-b50ee0d60cc3",
            "ticker": "KXHIGHDEN-25APR03-B38.5",
            "count": 240,
            "created_time": "2025-04-03T06:35:02.553867Z",
            "yes_price": 24,
            "no_price": 76,
            "taker_side": "yes"
        },
        {
            "trade_id": "1d85458e-9f1f-47ef-8bee-c4f8321fa104",
            "ticker": "KXHIGHDEN-25APR03-B38.5",
            "count": 4,
            "created_time": "2025-04-03T05:27:49.867324Z",
            "yes_price": 21,
            "no_price": 79,
            "taker_side": "yes"
        },
        {
            "trade_id": "7b7e5ca8-5307-4ac3-97cf-3e5fd637306a",
            "ticker": "KXHIGHDEN-25APR03-B38.5",
            "count": 7,
            "created_time": "2025-04-03T04:59:23.237412Z",
            "yes_price": 21,
            "no_price": 79,
            "taker_side": "yes"
        },
        {
            "trade_id": "016b3f41-8ba1-4100-8adb-bb57df1abaf1",
            "ticker": "KXHIGHDEN-25APR03-B38.5",
            "count": 31,
            "created_time": "2025-04-03T04:52:50.60584Z",
            "yes_price": 21,
            "no_price": 79,
            "taker_side": "yes"
        },
        {
            "trade_id": "abd35456-3350-4972-b479-d6f615fe66d2",
            "ticker": "KXHIGHDEN-25APR03-B38.5",
            "count": 1,
            "created_time": "2025-04-03T04:51:29.938222Z",
            "yes_price": 20,
            "no_price": 80,
            "taker_side": "yes"
        },
        {
            "trade_id": "8f431d49-1c8a-4573-946f-e57d2061704b",
            "ticker": "KXHIGHDEN-25APR03-B38.5",
            "count": 54,
            "created_time": "2025-04-03T04:51:29.938222Z",
            "yes_price": 21,
            "no_price": 79,
            "taker_side": "yes"
        },
        {
            "trade_id": "9614e7a0-9400-49f5-b715-7b108d13d284",
            "ticker": "KXHIGHDEN-25APR03-B38.5",
            "count": 229,
            "created_time": "2025-04-03T04:32:06.69925Z",
            "yes_price": 17,
            "no_price": 83,
            "taker_side": "no"
        },
        {
            "trade_id": "95667b3e-4fa5-4443-b3ce-324fcdfdeaf1",
            "ticker": "KXHIGHDEN-25APR03-B38.5",
            "count": 3,
            "created_time": "2025-04-03T04:22:17.587664Z",
            "yes_price": 17,
            "no_price": 83,
            "taker_side": "no"
        },
        {
            "trade_id": "e78f1b66-f6a3-49cc-8497-9414bf569576",
            "ticker": "KXHIGHDEN-25APR03-B38.5",
            "count": 2,
            "created_time": "2025-04-03T04:15:23.321198Z",
            "yes_price": 17,
            "no_price": 83,
            "taker_side": "no"
        },
        {
            "trade_id": "bca11760-4260-4b61-86e7-3a9a03dd05e0",
            "ticker": "KXHIGHDEN-25APR03-B38.5",
            "count": 1,
            "created_time": "2025-04-03T04:03:03.264176Z",
            "yes_price": 17,
            "no_price": 83,
            "taker_side": "yes"
        },
        {
            "trade_id": "ba6a6058-a3c5-4554-b330-055d32d3bd43",
            "ticker": "KXHIGHDEN-25APR03-B38.5",
            "count": 26,
            "created_time": "2025-04-03T04:03:03.264176Z",
            "yes_price": 17,
            "no_price": 83,
            "taker_side": "yes"
        },
        {
            "trade_id": "0292a56b-90d4-47d1-9a1d-e3f6762e5ddd",
            "ticker": "KXHIGHDEN-25APR03-B38.5",
            "count": 21,
            "created_time": "2025-04-03T03:59:18.248231Z",
            "yes_price": 17,
            "no_price": 83,
            "taker_side": "yes"
        },
        {
            "trade_id": "02763133-b17e-483c-8c33-aee585c42450",
            "ticker": "KXHIGHDEN-25APR03-B38.5",
            "count": 1,
            "created_time": "2025-04-03T03:59:18.248231Z",
            "yes_price": 18,
            "no_price": 82,
            "taker_side": "yes"
        },
        {
            "trade_id": "6aab74a4-f27e-4161-a0e6-2b35712b9eb1",
            "ticker": "KXHIGHDEN-25APR03-B38.5",
            "count": 28,
            "created_time": "2025-04-03T03:30:37.65959Z",
            "yes_price": 23,
            "no_price": 77,
            "taker_side": "no"
        },
        {
            "trade_id": "53005eb1-1fc9-4ce3-9531-ed72eb20f5d1",
            "ticker": "KXHIGHDEN-25APR03-B38.5",
            "count": 4,
            "created_time": "2025-04-03T03:30:37.65959Z",
            "yes_price": 23,
            "no_price": 77,
            "taker_side": "no"
        },
        {
            "trade_id": "587e137c-c283-4826-82dd-3cb7ee7157f3",
            "ticker": "KXHIGHDEN-25APR03-B38.5",
            "count": 1,
            "created_time": "2025-04-03T03:18:38.218659Z",
            "yes_price": 23,
            "no_price": 77,
            "taker_side": "no"
        },
        {
            "trade_id": "7de00f1a-698e-4334-8a12-8a0ef2eb11ce",
            "ticker": "KXHIGHDEN-25APR03-B38.5",
            "count": 14,
            "created_time": "2025-04-03T03:15:35.088528Z",
            "yes_price": 23,
            "no_price": 77,
            "taker_side": "no"
        },
        {
            "trade_id": "2ac95bd2-5279-4e40-a65f-91c69cb6e63d",
            "ticker": "KXHIGHDEN-25APR03-B38.5",
            "count": 1,
            "created_time": "2025-04-03T02:44:17.548741Z",
            "yes_price": 24,
            "no_price": 76,
            "taker_side": "yes"
        },
        {
            "trade_id": "cddf670f-a857-4fa9-befa-e066daf9bc93",
            "ticker": "KXHIGHDEN-25APR03-B38.5",
            "count": 38,
            "created_time": "2025-04-03T02:36:39.699758Z",
            "yes_price": 24,
            "no_price": 76,
            "taker_side": "no"
        },
        {
            "trade_id": "4ea8e3b0-2aa1-49dd-8795-aa15e1db248a",
            "ticker": "KXHIGHDEN-25APR03-B38.5",
            "count": 50,
            "created_time": "2025-04-03T02:36:39.699758Z",
            "yes_price": 24,
            "no_price": 76,
            "taker_side": "no"
        },
        {
            "trade_id": "65f64885-236c-4ef1-bdff-f32d3ad37145",
            "ticker": "KXHIGHDEN-25APR03-B38.5",
            "count": 18,
            "created_time": "2025-04-03T02:36:24.339293Z",
            "yes_price": 24,
            "no_price": 76,
            "taker_side": "no"
        },
        {
            "trade_id": "f0882023-07a1-40ff-ab07-a937bccbeb05",
            "ticker": "KXHIGHDEN-25APR03-B38.5",
            "count": 100,
            "created_time": "2025-04-03T02:36:18.482651Z",
            "yes_price": 25,
            "no_price": 75,
            "taker_side": "yes"
        },
        {
            "trade_id": "4d00b7f1-35f0-4248-8f8f-3bbb5855a47e",
            "ticker": "KXHIGHDEN-25APR03-B38.5",
            "count": 1,
            "created_time": "2025-04-03T02:34:42.170927Z",
            "yes_price": 23,
            "no_price": 77,
            "taker_side": "no"
        },
        {
            "trade_id": "bb9804b4-4446-4773-9686-532f8cfa701e",
            "ticker": "KXHIGHDEN-25APR03-B38.5",
            "count": 9,
            "created_time": "2025-04-03T02:10:08.596514Z",
            "yes_price": 19,
            "no_price": 81,
            "taker_side": "yes"
        },
        {
            "trade_id": "bc9b58de-0fd5-42f7-8c6d-cd217dd2a26b",
            "ticker": "KXHIGHDEN-25APR03-B38.5",
            "count": 119,
            "created_time": "2025-04-03T02:10:08.54293Z",
            "yes_price": 19,
            "no_price": 81,
            "taker_side": "no"
        },
        {
            "trade_id": "098c4ccf-a7a3-4314-b714-b22757e54742",
            "ticker": "KXHIGHDEN-25APR03-B38.5",
            "count": 16,
            "created_time": "2025-04-03T02:09:58.406903Z",
            "yes_price": 20,
            "no_price": 80,
            "taker_side": "no"
        },
        {
            "trade_id": "f745b73d-c66e-4f24-8bc4-155671531694",
            "ticker": "KXHIGHDEN-25APR03-B38.5",
            "count": 80,
            "created_time": "2025-04-03T02:09:07.265242Z",
            "yes_price": 19,
            "no_price": 81,
            "taker_side": "no"
        },
        {
            "trade_id": "89e2ec18-18c9-4f68-9362-c73a5a16af38",
            "ticker": "KXHIGHDEN-25APR03-B38.5",
            "count": 50,
            "created_time": "2025-04-03T02:09:07.265242Z",
            "yes_price": 19,
            "no_price": 81,
            "taker_side": "no"
        },
        {
            "trade_id": "368ff4c7-7aae-4ecb-9985-50122fc56255",
            "ticker": "KXHIGHDEN-25APR03-B38.5",
            "count": 13,
            "created_time": "2025-04-03T02:09:07.265242Z",
            "yes_price": 19,
            "no_price": 81,
            "taker_side": "no"
        },
        {
            "trade_id": "2a586ddc-ba39-47ae-9ad1-463cf6a55d44",
            "ticker": "KXHIGHDEN-25APR03-B38.5",
            "count": 1,
            "created_time": "2025-04-03T02:09:07.265242Z",
            "yes_price": 19,
            "no_price": 81,
            "taker_side": "no"
        },
        {
            "trade_id": "c0b5b3ac-e217-4ab6-8fe3-00d6dd542612",
            "ticker": "KXHIGHDEN-25APR03-B38.5",
            "count": 50,
            "created_time": "2025-04-03T02:08:47.526561Z",
            "yes_price": 22,
            "no_price": 78,
            "taker_side": "no"
        },
        {
            "trade_id": "3f7e9c23-1c1f-499c-8c07-5251f4f17986",
            "ticker": "KXHIGHDEN-25APR03-B38.5",
            "count": 13,
            "created_time": "2025-04-03T02:08:27.036163Z",
            "yes_price": 23,
            "no_price": 77,
            "taker_side": "no"
        },
        {
            "trade_id": "f447823a-534b-4d0b-9b4d-b64f26ad56ea",
            "ticker": "KXHIGHDEN-25APR03-B38.5",
            "count": 25,
            "created_time": "2025-04-03T01:54:40.72851Z",
            "yes_price": 21,
            "no_price": 79,
            "taker_side": "no"
        },
        {
            "trade_id": "fc4165a6-90e8-4434-ae55-8ed05571f2a6",
            "ticker": "KXHIGHDEN-25APR03-B38.5",
            "count": 19,
            "created_time": "2025-04-03T01:54:22.260181Z",
            "yes_price": 31,
            "no_price": 69,
            "taker_side": "yes"
        },
        {
            "trade_id": "fa7965dd-8f0d-4b98-837c-3674c94e777e",
            "ticker": "KXHIGHDEN-25APR03-B38.5",
            "count": 310,
            "created_time": "2025-04-03T01:54:22.260181Z",
            "yes_price": 35,
            "no_price": 65,
            "taker_side": "yes"
        },
        {
            "trade_id": "d536ad1e-4a63-470b-9f2b-9ddf9e26998c",
            "ticker": "KXHIGHDEN-25APR03-B38.5",
            "count": 5,
            "created_time": "2025-04-03T01:54:22.260181Z",
            "yes_price": 34,
            "no_price": 66,
            "taker_side": "yes"
        },
        {
            "trade_id": "b56a2975-8cbd-4a3a-a8d1-8eaac45f4ee3",
            "ticker": "KXHIGHDEN-25APR03-B38.5",
            "count": 3,
            "created_time": "2025-04-03T01:54:22.260181Z",
            "yes_price": 21,
            "no_price": 79,
            "taker_side": "yes"
        },
        {
            "trade_id": "b47f2c1e-3669-4c1d-8c5b-700b59fbe4f1",
            "ticker": "KXHIGHDEN-25APR03-B38.5",
            "count": 50,
            "created_time": "2025-04-03T01:54:22.260181Z",
            "yes_price": 32,
            "no_price": 68,
            "taker_side": "yes"
        },
        {
            "trade_id": "b0691d12-1573-4f08-84a8-675be141041e",
            "ticker": "KXHIGHDEN-25APR03-B38.5",
            "count": 92,
            "created_time": "2025-04-03T01:54:22.260181Z",
            "yes_price": 46,
            "no_price": 54,
            "taker_side": "yes"
        },
        {
            "trade_id": "a2ac82a1-f0a0-469e-94aa-1cafbc9fa353",
            "ticker": "KXHIGHDEN-25APR03-B38.5",
            "count": 250,
            "created_time": "2025-04-03T01:54:22.260181Z",
            "yes_price": 40,
            "no_price": 60,
            "taker_side": "yes"
        },
        {
            "trade_id": "962f28a6-04b1-4b1b-8975-86545a3f425c",
            "ticker": "KXHIGHDEN-25APR03-B38.5",
            "count": 19,
            "created_time": "2025-04-03T01:54:22.260181Z",
            "yes_price": 34,
            "no_price": 66,
            "taker_side": "yes"
        },
        {
            "trade_id": "723e84f8-5072-40ad-895f-5e2624165bef",
            "ticker": "KXHIGHDEN-25APR03-B38.5",
            "count": 299,
            "created_time": "2025-04-03T01:54:22.260181Z",
            "yes_price": 23,
            "no_price": 77,
            "taker_side": "yes"
        },
        {
            "trade_id": "6f978b79-e1de-4b7d-87d7-c98b0e3620ad",
            "ticker": "KXHIGHDEN-25APR03-B38.5",
            "count": 240,
            "created_time": "2025-04-03T01:54:22.260181Z",
            "yes_price": 23,
            "no_price": 77,
            "taker_side": "yes"
        },
        {
            "trade_id": "5fdd2cfd-bfaf-4590-987f-8b1e4935334c",
            "ticker": "KXHIGHDEN-25APR03-B38.5",
            "count": 26,
            "created_time": "2025-04-03T01:54:22.260181Z",
            "yes_price": 31,
            "no_price": 69,
            "taker_side": "yes"
        },
        {
            "trade_id": "37860743-a010-4fe2-9645-0d579ff1bf68",
            "ticker": "KXHIGHDEN-25APR03-B38.5",
            "count": 45,
            "created_time": "2025-04-03T01:54:22.260181Z",
            "yes_price": 21,
            "no_price": 79,
            "taker_side": "yes"
        },
        {
            "trade_id": "2e297210-13f9-447f-86af-f705204fa283",
            "ticker": "KXHIGHDEN-25APR03-B38.5",
            "count": 240,
            "created_time": "2025-04-03T01:54:22.260181Z",
            "yes_price": 25,
            "no_price": 75,
            "taker_side": "yes"
        },
        {
            "trade_id": "1588aa3c-de92-4c07-9684-b9c8903fca61",
            "ticker": "KXHIGHDEN-25APR03-B38.5",
            "count": 250,
            "created_time": "2025-04-03T01:54:22.260181Z",
            "yes_price": 36,
            "no_price": 64,
            "taker_side": "yes"
        },
        {
            "trade_id": "bf973ac9-1602-4789-b1cd-f4935882771a",
            "ticker": "KXHIGHDEN-25APR03-B38.5",
            "count": 4,
            "created_time": "2025-04-03T01:43:09.305201Z",
            "yes_price": 21,
            "no_price": 79,
            "taker_side": "yes"
        },
        {
            "trade_id": "2c7ee2c4-8013-4eb2-94cb-d8797a1b356d",
            "ticker": "KXHIGHDEN-25APR03-B38.5",
            "count": 23,
            "created_time": "2025-04-03T01:00:15.000653Z",
            "yes_price": 20,
            "no_price": 80,
            "taker_side": "yes"
        },
        {
            "trade_id": "c22d93e8-3bdb-4f0b-bd7c-dd8c40f535bc",
            "ticker": "KXHIGHDEN-25APR03-B38.5",
            "count": 49,
            "created_time": "2025-04-02T23:29:48.48875Z",
            "yes_price": 25,
            "no_price": 75,
            "taker_side": "yes"
        },
        {
            "trade_id": "22aed54f-df8c-4e76-a053-224b0de32e65",
            "ticker": "KXHIGHDEN-25APR03-B38.5",
            "count": 14,
            "created_time": "2025-04-02T22:36:29.705689Z",
            "yes_price": 23,
            "no_price": 77,
            "taker_side": "yes"
        },
        {
            "trade_id": "3c2e2806-2815-4619-bf6c-2cd1f329cfb3",
            "ticker": "KXHIGHDEN-25APR03-B38.5",
            "count": 94,
            "created_time": "2025-04-02T22:27:49.938324Z",
            "yes_price": 19,
            "no_price": 81,
            "taker_side": "no"
        },
        {
            "trade_id": "744ee1b5-0d54-4ef2-ae87-6dd8bd6a72f5",
            "ticker": "KXHIGHDEN-25APR03-B38.5",
            "count": 20,
            "created_time": "2025-04-02T22:11:47.144167Z",
            "yes_price": 25,
            "no_price": 75,
            "taker_side": "yes"
        },
        {
            "trade_id": "198a09aa-4db9-49c4-8500-1bf0ceb656d7",
            "ticker": "KXHIGHDEN-25APR03-B38.5",
            "count": 1,
            "created_time": "2025-04-02T21:43:59.666229Z",
            "yes_price": 25,
            "no_price": 75,
            "taker_side": "yes"
        },
        {
            "trade_id": "83f0e5eb-a445-4c36-8cc0-81bd361068d6",
            "ticker": "KXHIGHDEN-25APR03-B38.5",
            "count": 1,
            "created_time": "2025-04-02T21:43:40.248927Z",
            "yes_price": 25,
            "no_price": 75,
            "taker_side": "yes"
        },
        {
            "trade_id": "693ddf0a-f911-4fd9-8d1e-aba73005d6c1",
            "ticker": "KXHIGHDEN-25APR03-B38.5",
            "count": 5,
            "created_time": "2025-04-02T21:43:33.403706Z",
            "yes_price": 25,
            "no_price": 75,
            "taker_side": "yes"
        },
        {
            "trade_id": "ec5d077f-acf7-4d25-b4b3-706312955733",
            "ticker": "KXHIGHDEN-25APR03-B38.5",
            "count": 10,
            "created_time": "2025-04-02T21:43:13.586953Z",
            "yes_price": 25,
            "no_price": 75,
            "taker_side": "yes"
        },
        {
            "trade_id": "d75d412d-b5de-452c-9d42-ae2a368043d9",
            "ticker": "KXHIGHDEN-25APR03-B38.5",
            "count": 2,
            "created_time": "2025-04-02T21:42:56.924029Z",
            "yes_price": 25,
            "no_price": 75,
            "taker_side": "yes"
        },
        {
            "trade_id": "a0e0af9a-7d2d-4e2d-babf-ec4651bb74d8",
            "ticker": "KXHIGHDEN-25APR03-B38.5",
            "count": 34,
            "created_time": "2025-04-02T21:42:56.924029Z",
            "yes_price": 25,
            "no_price": 75,
            "taker_side": "yes"
        },
        {
            "trade_id": "63676697-02f8-4597-87a3-88a4feedbda7",
            "ticker": "KXHIGHDEN-25APR03-B38.5",
            "count": 5,
            "created_time": "2025-04-02T21:42:40.116303Z",
            "yes_price": 25,
            "no_price": 75,
            "taker_side": "yes"
        },
        {
            "trade_id": "688de17c-0c50-43fa-aceb-30bae97153a6",
            "ticker": "KXHIGHDEN-25APR03-B38.5",
            "count": 16,
            "created_time": "2025-04-02T21:42:24.149342Z",
            "yes_price": 25,
            "no_price": 75,
            "taker_side": "yes"
        },
        {
            "trade_id": "f337182e-b226-4817-b3f8-ae5633d2796d",
            "ticker": "KXHIGHDEN-25APR03-B38.5",
            "count": 46,
            "created_time": "2025-04-02T21:42:07.681736Z",
            "yes_price": 25,
            "no_price": 75,
            "taker_side": "yes"
        },
        {
            "trade_id": "034e0c32-9e77-4c9e-8334-417d4486f965",
            "ticker": "KXHIGHDEN-25APR03-B38.5",
            "count": 7,
            "created_time": "2025-04-02T20:52:38.350054Z",
            "yes_price": 26,
            "no_price": 74,
            "taker_side": "yes"
        },
        {
            "trade_id": "57c2ef4b-07a6-4a35-84b9-d09ab59cb21f",
            "ticker": "KXHIGHDEN-25APR03-B38.5",
            "count": 1,
            "created_time": "2025-04-02T20:52:22.402638Z",
            "yes_price": 26,
            "no_price": 74,
            "taker_side": "yes"
        },
        {
            "trade_id": "6f83822f-6666-483c-8a36-077638955e83",
            "ticker": "KXHIGHDEN-25APR03-B38.5",
            "count": 29,
            "created_time": "2025-04-02T20:10:02.509539Z",
            "yes_price": 26,
            "no_price": 74,
            "taker_side": "yes"
        },
        {
            "trade_id": "9d7a17fe-5bfe-4f4c-a8ae-7cff68cba4c4",
            "ticker": "KXHIGHDEN-25APR03-B38.5",
            "count": 1,
            "created_time": "2025-04-02T20:07:19.65618Z",
            "yes_price": 26,
            "no_price": 74,
            "taker_side": "yes"
        },
        {
            "trade_id": "5128b264-ab88-44af-a714-7061e0f02db0",
            "ticker": "KXHIGHDEN-25APR03-B38.5",
            "count": 12,
            "created_time": "2025-04-02T20:06:58.994612Z",
            "yes_price": 26,
            "no_price": 74,
            "taker_side": "yes"
        },
        {
            "trade_id": "b321adfc-7bc9-4a82-80b0-807827b48e49",
            "ticker": "KXHIGHDEN-25APR03-B38.5",
            "count": 1,
            "created_time": "2025-04-02T19:44:05.968571Z",
            "yes_price": 26,
            "no_price": 74,
            "taker_side": "yes"
        },
        {
            "trade_id": "b680469e-97e1-407f-b631-07aa02a903d0",
            "ticker": "KXHIGHDEN-25APR03-B38.5",
            "count": 4,
            "created_time": "2025-04-02T19:41:10.958973Z",
            "yes_price": 26,
            "no_price": 74,
            "taker_side": "yes"
        },
        {
            "trade_id": "eb5a207a-1395-41ad-b3a1-c70e95e112eb",
            "ticker": "KXHIGHDEN-25APR03-B38.5",
            "count": 2,
            "created_time": "2025-04-02T15:48:58.582573Z",
            "yes_price": 23,
            "no_price": 77,
            "taker_side": "yes"
        },
        {
            "trade_id": "3ebed2f8-cdcf-4e93-b15c-5dafb6bd2801",
            "ticker": "KXHIGHDEN-25APR03-B38.5",
            "count": 118,
            "created_time": "2025-04-02T15:47:00.056105Z",
            "yes_price": 23,
            "no_price": 77,
            "taker_side": "yes"
        },
        {
            "trade_id": "2ac5d83b-4165-46d3-8d34-e3bda1f4ab19",
            "ticker": "KXHIGHDEN-25APR03-B38.5",
            "count": 76,
            "created_time": "2025-04-02T15:46:34.49558Z",
            "yes_price": 22,
            "no_price": 78,
            "taker_side": "yes"
        }
    ],
    "KXHIGHDEN-25APR03-B40.5": [
        {
            "trade_id": "72795ca0-3ef9-4e64-9201-c451ed729b94",
            "ticker": "KXHIGHDEN-25APR03-B40.5",
            "count": 652,
            "created_time": "2025-04-04T02:58:01.689835Z",
            "yes_price": 99,
            "no_price": 1,
            "taker_side": "no"
        },
        {
            "trade_id": "2610d4ba-9fbf-4e07-af88-8797f91a983a",
            "ticker": "KXHIGHDEN-25APR03-B40.5",
            "count": 332,
            "created_time": "2025-04-04T02:58:01.689835Z",
            "yes_price": 99,
            "no_price": 1,
            "taker_side": "no"
        },
        {
            "trade_id": "cc7bc4a0-aff6-45dd-abba-e34c49818ca2",
            "ticker": "KXHIGHDEN-25APR03-B40.5",
            "count": 20,
            "created_time": "2025-04-04T00:33:09.762783Z",
            "yes_price": 99,
            "no_price": 1,
            "taker_side": "no"
        },
        {
            "trade_id": "d955bb9f-29db-46a3-8ca5-fd503edb80ef",
            "ticker": "KXHIGHDEN-25APR03-B40.5",
            "count": 5,
            "created_time": "2025-04-03T23:56:10.138251Z",
            "yes_price": 99,
            "no_price": 1,
            "taker_side": "no"
        },
        {
            "trade_id": "a14451a6-0aed-4347-8382-a2879027d00b",
            "ticker": "KXHIGHDEN-25APR03-B40.5",
            "count": 8,
            "created_time": "2025-04-03T23:34:33.401799Z",
            "yes_price": 99,
            "no_price": 1,
            "taker_side": "no"
        },
        {
            "trade_id": "d4e067ca-c02e-4288-8c11-5b08e1444e8f",
            "ticker": "KXHIGHDEN-25APR03-B40.5",
            "count": 135,
            "created_time": "2025-04-03T23:26:56.608158Z",
            "yes_price": 99,
            "no_price": 1,
            "taker_side": "no"
        },
        {
            "trade_id": "ff2101fc-64e0-4b4d-b5cb-8c80e5bb8c6c",
            "ticker": "KXHIGHDEN-25APR03-B40.5",
            "count": 200,
            "created_time": "2025-04-03T22:18:35.871779Z",
            "yes_price": 99,
            "no_price": 1,
            "taker_side": "yes"
        },
        {
            "trade_id": "dbc5a094-2c1e-41d1-ac47-f249f9bf285b",
            "ticker": "KXHIGHDEN-25APR03-B40.5",
            "count": 1419,
            "created_time": "2025-04-03T22:18:35.871779Z",
            "yes_price": 99,
            "no_price": 1,
            "taker_side": "yes"
        },
        {
            "trade_id": "32fea8c5-5abb-406d-b97e-487ef9a15712",
            "ticker": "KXHIGHDEN-25APR03-B40.5",
            "count": 100,
            "created_time": "2025-04-03T22:18:35.871779Z",
            "yes_price": 99,
            "no_price": 1,
            "taker_side": "yes"
        },
        {
            "trade_id": "129d4904-bb70-4838-a7ec-94d33d4008a3",
            "ticker": "KXHIGHDEN-25APR03-B40.5",
            "count": 20,
            "created_time": "2025-04-03T22:18:35.871779Z",
            "yes_price": 99,
            "no_price": 1,
            "taker_side": "yes"
        },
        {
            "trade_id": "386fa1a2-e4bf-47c9-8da0-f8b17ab41d1c",
            "ticker": "KXHIGHDEN-25APR03-B40.5",
            "count": 200,
            "created_time": "2025-04-03T22:18:18.269661Z",
            "yes_price": 99,
            "no_price": 1,
            "taker_side": "yes"
        },
        {
            "trade_id": "f7a592ad-597b-4ea0-a6d8-01e323759e3f",
            "ticker": "KXHIGHDEN-25APR03-B40.5",
            "count": 128,
            "created_time": "2025-04-03T21:01:01.534848Z",
            "yes_price": 98,
            "no_price": 2,
            "taker_side": "yes"
        },
        {
            "trade_id": "aac8b991-b476-444c-8e07-39cf65346bab",
            "ticker": "KXHIGHDEN-25APR03-B40.5",
            "count": 1,
            "created_time": "2025-04-03T20:37:59.781151Z",
            "yes_price": 98,
            "no_price": 2,
            "taker_side": "yes"
        },
        {
            "trade_id": "fada919a-c913-4e36-8d4e-47a891bf7a1d",
            "ticker": "KXHIGHDEN-25APR03-B40.5",
            "count": 371,
            "created_time": "2025-04-03T20:13:58.724414Z",
            "yes_price": 98,
            "no_price": 2,
            "taker_side": "yes"
        },
        {
            "trade_id": "8211252c-a8cf-4956-9fe5-9586082b559f",
            "ticker": "KXHIGHDEN-25APR03-B40.5",
            "count": 448,
            "created_time": "2025-04-03T20:13:41.448643Z",
            "yes_price": 97,
            "no_price": 3,
            "taker_side": "yes"
        },
        {
            "trade_id": "eb70c9cb-2a52-45af-8a84-20492b5c4e9b",
            "ticker": "KXHIGHDEN-25APR03-B40.5",
            "count": 18,
            "created_time": "2025-04-03T19:30:25.988847Z",
            "yes_price": 98,
            "no_price": 2,
            "taker_side": "no"
        },
        {
            "trade_id": "3e0af186-810d-405e-b195-b3e88ea92e7b",
            "ticker": "KXHIGHDEN-25APR03-B40.5",
            "count": 4,
            "created_time": "2025-04-03T19:30:24.146176Z",
            "yes_price": 98,
            "no_price": 2,
            "taker_side": "no"
        },
        {
            "trade_id": "e2f834bc-d46f-473b-a3b5-80c59f5a2e2e",
            "ticker": "KXHIGHDEN-25APR03-B40.5",
            "count": 4,
            "created_time": "2025-04-03T19:25:23.943921Z",
            "yes_price": 98,
            "no_price": 2,
            "taker_side": "no"
        },
        {
            "trade_id": "e69392e2-e6f2-464f-b583-dcb64f2a9e4a",
            "ticker": "KXHIGHDEN-25APR03-B40.5",
            "count": 10,
            "created_time": "2025-04-03T19:23:17.438788Z",
            "yes_price": 98,
            "no_price": 2,
            "taker_side": "yes"
        },
        {
            "trade_id": "beb2cbc0-f6dd-454f-a35b-1de3f7b56905",
            "ticker": "KXHIGHDEN-25APR03-B40.5",
            "count": 5,
            "created_time": "2025-04-03T19:23:17.438788Z",
            "yes_price": 98,
            "no_price": 2,
            "taker_side": "yes"
        },
        {
            "trade_id": "22e725c5-90c7-4f00-932a-71466d6e060b",
            "ticker": "KXHIGHDEN-25APR03-B40.5",
            "count": 20,
            "created_time": "2025-04-03T19:23:17.438788Z",
            "yes_price": 98,
            "no_price": 2,
            "taker_side": "yes"
        },
        {
            "trade_id": "fa4b4fd7-9a7a-4526-832c-9cb0132d40dc",
            "ticker": "KXHIGHDEN-25APR03-B40.5",
            "count": 400,
            "created_time": "2025-04-03T19:20:14.661182Z",
            "yes_price": 95,
            "no_price": 5,
            "taker_side": "no"
        },
        {
            "trade_id": "db50e012-6df1-4df0-b88f-381bcbe5461c",
            "ticker": "KXHIGHDEN-25APR03-B40.5",
            "count": 200,
            "created_time": "2025-04-03T19:20:14.661182Z",
            "yes_price": 96,
            "no_price": 4,
            "taker_side": "no"
        },
        {
            "trade_id": "be31f922-554e-40dc-a0af-6d5403f246c3",
            "ticker": "KXHIGHDEN-25APR03-B40.5",
            "count": 31,
            "created_time": "2025-04-03T19:20:14.661182Z",
            "yes_price": 85,
            "no_price": 15,
            "taker_side": "no"
        },
        {
            "trade_id": "8b0c5f71-b250-433c-90a2-e01619989278",
            "ticker": "KXHIGHDEN-25APR03-B40.5",
            "count": 25,
            "created_time": "2025-04-03T19:20:14.661182Z",
            "yes_price": 96,
            "no_price": 4,
            "taker_side": "no"
        },
        {
            "trade_id": "8aa161e4-df56-4470-a80a-cd9ffd184fb2",
            "ticker": "KXHIGHDEN-25APR03-B40.5",
            "count": 299,
            "created_time": "2025-04-03T19:20:14.661182Z",
            "yes_price": 92,
            "no_price": 8,
            "taker_side": "no"
        },
        {
            "trade_id": "56e90cea-a069-4642-9bd8-f8809d07257f",
            "ticker": "KXHIGHDEN-25APR03-B40.5",
            "count": 25,
            "created_time": "2025-04-03T19:20:14.661182Z",
            "yes_price": 94,
            "no_price": 6,
            "taker_side": "no"
        },
        {
            "trade_id": "50c5a5a0-bd81-4a1f-a17e-56168274857e",
            "ticker": "KXHIGHDEN-25APR03-B40.5",
            "count": 220,
            "created_time": "2025-04-03T19:20:14.661182Z",
            "yes_price": 94,
            "no_price": 6,
            "taker_side": "no"
        },
        {
            "trade_id": "45b3ce75-3bce-4226-95ba-0e4d1ec121e6",
            "ticker": "KXHIGHDEN-25APR03-B40.5",
            "count": 200,
            "created_time": "2025-04-03T19:20:14.661182Z",
            "yes_price": 96,
            "no_price": 4,
            "taker_side": "no"
        },
        {
            "trade_id": "6867b210-ba6e-4f21-9ae9-094d2d3aedc5",
            "ticker": "KXHIGHDEN-25APR03-B40.5",
            "count": 10,
            "created_time": "2025-04-03T18:11:45.849607Z",
            "yes_price": 96,
            "no_price": 4,
            "taker_side": "yes"
        },
        {
            "trade_id": "ae336d70-38a7-4a75-b8ff-9a78db5d9275",
            "ticker": "KXHIGHDEN-25APR03-B40.5",
            "count": 480,
            "created_time": "2025-04-03T18:10:55.135284Z",
            "yes_price": 96,
            "no_price": 4,
            "taker_side": "no"
        },
        {
            "trade_id": "1c28425d-fa16-43f3-901a-7d196b1883d9",
            "ticker": "KXHIGHDEN-25APR03-B40.5",
            "count": 36,
            "created_time": "2025-04-03T18:09:22.849283Z",
            "yes_price": 97,
            "no_price": 3,
            "taker_side": "no"
        },
        {
            "trade_id": "979f6dcf-e7ea-4bc7-95e3-0627dd95ec6a",
            "ticker": "KXHIGHDEN-25APR03-B40.5",
            "count": 12,
            "created_time": "2025-04-03T18:07:51.651753Z",
            "yes_price": 97,
            "no_price": 3,
            "taker_side": "no"
        },
        {
            "trade_id": "ed4ba722-869b-4a8b-9113-6e188a74fad5",
            "ticker": "KXHIGHDEN-25APR03-B40.5",
            "count": 12,
            "created_time": "2025-04-03T18:07:40.502604Z",
            "yes_price": 97,
            "no_price": 3,
            "taker_side": "no"
        },
        {
            "trade_id": "8a3332d2-d33e-4a34-8e11-9f6065cd7a4a",
            "ticker": "KXHIGHDEN-25APR03-B40.5",
            "count": 20,
            "created_time": "2025-04-03T18:01:39.170939Z",
            "yes_price": 96,
            "no_price": 4,
            "taker_side": "no"
        },
        {
            "trade_id": "d7dc4b4a-de26-4e7c-897a-d0cd7c30e0ca",
            "ticker": "KXHIGHDEN-25APR03-B40.5",
            "count": 20,
            "created_time": "2025-04-03T18:00:40.448508Z",
            "yes_price": 98,
            "no_price": 2,
            "taker_side": "yes"
        },
        {
            "trade_id": "8e8044e8-eecb-4db0-8755-e88ede5626b8",
            "ticker": "KXHIGHDEN-25APR03-B40.5",
            "count": 5,
            "created_time": "2025-04-03T18:00:40.448508Z",
            "yes_price": 98,
            "no_price": 2,
            "taker_side": "yes"
        },
        {
            "trade_id": "8b2fdb7a-ac0e-49f1-af99-3f32fe65a43f",
            "ticker": "KXHIGHDEN-25APR03-B40.5",
            "count": 24,
            "created_time": "2025-04-03T17:59:24.47997Z",
            "yes_price": 98,
            "no_price": 2,
            "taker_side": "yes"
        },
        {
            "trade_id": "71355b42-bfe6-4f56-85df-d24fb4aaecfb",
            "ticker": "KXHIGHDEN-25APR03-B40.5",
            "count": 297,
            "created_time": "2025-04-03T17:59:24.47997Z",
            "yes_price": 98,
            "no_price": 2,
            "taker_side": "yes"
        },
        {
            "trade_id": "e612eab5-41fb-4fe3-8668-0918da0458c1",
            "ticker": "KXHIGHDEN-25APR03-B40.5",
            "count": 100,
            "created_time": "2025-04-03T17:57:23.483119Z",
            "yes_price": 98,
            "no_price": 2,
            "taker_side": "yes"
        },
        {
            "trade_id": "82d6bb9e-c33b-4da0-bfab-e53d5dade489",
            "ticker": "KXHIGHDEN-25APR03-B40.5",
            "count": 100,
            "created_time": "2025-04-03T17:57:23.483119Z",
            "yes_price": 98,
            "no_price": 2,
            "taker_side": "yes"
        },
        {
            "trade_id": "26369f38-473c-4bbe-a57a-eff419d60944",
            "ticker": "KXHIGHDEN-25APR03-B40.5",
            "count": 4,
            "created_time": "2025-04-03T17:55:31.106657Z",
            "yes_price": 97,
            "no_price": 3,
            "taker_side": "yes"
        },
        {
            "trade_id": "1a22ce95-b464-43a4-81a3-b1c1744d2c14",
            "ticker": "KXHIGHDEN-25APR03-B40.5",
            "count": 16,
            "created_time": "2025-04-03T17:55:31.106657Z",
            "yes_price": 97,
            "no_price": 3,
            "taker_side": "yes"
        },
        {
            "trade_id": "852fe535-e9dd-42e9-a11e-0b2c0ada05e5",
            "ticker": "KXHIGHDEN-25APR03-B40.5",
            "count": 36,
            "created_time": "2025-04-03T17:54:31.835004Z",
            "yes_price": 97,
            "no_price": 3,
            "taker_side": "yes"
        },
        {
            "trade_id": "32b79f44-f3b8-46df-8a62-f1e53a8d6e83",
            "ticker": "KXHIGHDEN-25APR03-B40.5",
            "count": 16,
            "created_time": "2025-04-03T17:52:19.376694Z",
            "yes_price": 96,
            "no_price": 4,
            "taker_side": "yes"
        },
        {
            "trade_id": "eb67e0eb-ba65-4b2e-bb38-516896409d08",
            "ticker": "KXHIGHDEN-25APR03-B40.5",
            "count": 4,
            "created_time": "2025-04-03T17:43:49.611086Z",
            "yes_price": 91,
            "no_price": 9,
            "taker_side": "no"
        },
        {
            "trade_id": "2cea3495-8ef2-4c5c-b26f-45cfd430d772",
            "ticker": "KXHIGHDEN-25APR03-B40.5",
            "count": 100,
            "created_time": "2025-04-03T17:40:03.322298Z",
            "yes_price": 97,
            "no_price": 3,
            "taker_side": "yes"
        },
        {
            "trade_id": "9e89c7d0-6252-4728-8b5c-8b0334896769",
            "ticker": "KXHIGHDEN-25APR03-B40.5",
            "count": 10,
            "created_time": "2025-04-03T17:38:16.530097Z",
            "yes_price": 96,
            "no_price": 4,
            "taker_side": "yes"
        },
        {
            "trade_id": "1f0ee2f5-e314-45e1-829a-f848c4bba482",
            "ticker": "KXHIGHDEN-25APR03-B40.5",
            "count": 3,
            "created_time": "2025-04-03T17:38:16.530097Z",
            "yes_price": 95,
            "no_price": 5,
            "taker_side": "yes"
        },
        {
            "trade_id": "f1f27806-b189-4036-83c6-a3d87b79ead9",
            "ticker": "KXHIGHDEN-25APR03-B40.5",
            "count": 40,
            "created_time": "2025-04-03T17:37:59.921627Z",
            "yes_price": 95,
            "no_price": 5,
            "taker_side": "yes"
        },
        {
            "trade_id": "efcd2372-0179-49ac-83bc-6d2612ad9408",
            "ticker": "KXHIGHDEN-25APR03-B40.5",
            "count": 50,
            "created_time": "2025-04-03T17:37:59.921627Z",
            "yes_price": 95,
            "no_price": 5,
            "taker_side": "yes"
        },
        {
            "trade_id": "6cdeb362-9cce-47e1-ab7b-6abd33f9c72e",
            "ticker": "KXHIGHDEN-25APR03-B40.5",
            "count": 29,
            "created_time": "2025-04-03T17:37:59.921627Z",
            "yes_price": 95,
            "no_price": 5,
            "taker_side": "yes"
        },
        {
            "trade_id": "02ff9b91-a934-48f2-acb3-bbd25aef0f73",
            "ticker": "KXHIGHDEN-25APR03-B40.5",
            "count": 97,
            "created_time": "2025-04-03T17:37:48.148894Z",
            "yes_price": 94,
            "no_price": 6,
            "taker_side": "yes"
        },
        {
            "trade_id": "1603daae-2e6e-45f9-abbf-1f445b4dc6e8",
            "ticker": "KXHIGHDEN-25APR03-B40.5",
            "count": 22,
            "created_time": "2025-04-03T17:35:26.061645Z",
            "yes_price": 90,
            "no_price": 10,
            "taker_side": "no"
        },
        {
            "trade_id": "df0a4fc0-9eb8-44b2-8bed-fba71e34e797",
            "ticker": "KXHIGHDEN-25APR03-B40.5",
            "count": 50,
            "created_time": "2025-04-03T17:34:55.380335Z",
            "yes_price": 90,
            "no_price": 10,
            "taker_side": "yes"
        },
        {
            "trade_id": "decf838b-5af2-4b7a-b976-579637678ace",
            "ticker": "KXHIGHDEN-25APR03-B40.5",
            "count": 15,
            "created_time": "2025-04-03T17:34:55.380335Z",
            "yes_price": 89,
            "no_price": 11,
            "taker_side": "yes"
        },
        {
            "trade_id": "6ac1ca61-d81e-459a-8dcb-cf32561ed852",
            "ticker": "KXHIGHDEN-25APR03-B40.5",
            "count": 23,
            "created_time": "2025-04-03T17:34:55.380335Z",
            "yes_price": 89,
            "no_price": 11,
            "taker_side": "yes"
        },
        {
            "trade_id": "ba1edac0-2bc5-40e5-8361-112d28e0a0ef",
            "ticker": "KXHIGHDEN-25APR03-B40.5",
            "count": 5,
            "created_time": "2025-04-03T17:32:43.554465Z",
            "yes_price": 89,
            "no_price": 11,
            "taker_side": "yes"
        },
        {
            "trade_id": "ed1e60cf-a51c-4881-ab1e-1c20d0bd8c97",
            "ticker": "KXHIGHDEN-25APR03-B40.5",
            "count": 1,
            "created_time": "2025-04-03T17:22:13.448915Z",
            "yes_price": 88,
            "no_price": 12,
            "taker_side": "yes"
        },
        {
            "trade_id": "bd7a49a3-ec58-4e88-b87a-822b23dda5c2",
            "ticker": "KXHIGHDEN-25APR03-B40.5",
            "count": 20,
            "created_time": "2025-04-03T17:14:35.334131Z",
            "yes_price": 76,
            "no_price": 24,
            "taker_side": "no"
        },
        {
            "trade_id": "960ecb47-82ef-4198-a473-5cac54b2295c",
            "ticker": "KXHIGHDEN-25APR03-B40.5",
            "count": 10,
            "created_time": "2025-04-03T17:11:32.629689Z",
            "yes_price": 77,
            "no_price": 23,
            "taker_side": "no"
        },
        {
            "trade_id": "44f29c17-0b38-451f-be6c-d9cb40660b32",
            "ticker": "KXHIGHDEN-25APR03-B40.5",
            "count": 7,
            "created_time": "2025-04-03T17:00:53.851815Z",
            "yes_price": 83,
            "no_price": 17,
            "taker_side": "yes"
        },
        {
            "trade_id": "5c9fa7bf-d32e-47ac-960d-5a49c4032092",
            "ticker": "KXHIGHDEN-25APR03-B40.5",
            "count": 25,
            "created_time": "2025-04-03T16:55:50.00513Z",
            "yes_price": 83,
            "no_price": 17,
            "taker_side": "yes"
        },
        {
            "trade_id": "2745a7d9-f4f8-4133-b8ff-7d807e44e2d1",
            "ticker": "KXHIGHDEN-25APR03-B40.5",
            "count": 5,
            "created_time": "2025-04-03T16:55:50.00513Z",
            "yes_price": 82,
            "no_price": 18,
            "taker_side": "yes"
        },
        {
            "trade_id": "01bc8e20-524c-486a-81bd-aa56574cf22d",
            "ticker": "KXHIGHDEN-25APR03-B40.5",
            "count": 20,
            "created_time": "2025-04-03T16:55:50.00513Z",
            "yes_price": 83,
            "no_price": 17,
            "taker_side": "yes"
        },
        {
            "trade_id": "de0e359b-864f-49b3-91ef-ec9dbb3c56c5",
            "ticker": "KXHIGHDEN-25APR03-B40.5",
            "count": 95,
            "created_time": "2025-04-03T16:55:14.37099Z",
            "yes_price": 73,
            "no_price": 27,
            "taker_side": "no"
        },
        {
            "trade_id": "75972f54-0d24-452d-b81a-d7921ffd26a8",
            "ticker": "KXHIGHDEN-25APR03-B40.5",
            "count": 5,
            "created_time": "2025-04-03T16:55:14.37099Z",
            "yes_price": 74,
            "no_price": 26,
            "taker_side": "no"
        },
        {
            "trade_id": "d174aaf9-7121-4c1e-aca1-e18dd22cadcb",
            "ticker": "KXHIGHDEN-25APR03-B40.5",
            "count": 6,
            "created_time": "2025-04-03T16:47:54.351592Z",
            "yes_price": 81,
            "no_price": 19,
            "taker_side": "yes"
        },
        {
            "trade_id": "ce32743e-5a54-41fe-8381-d01d2f563f13",
            "ticker": "KXHIGHDEN-25APR03-B40.5",
            "count": 10,
            "created_time": "2025-04-03T16:43:24.046061Z",
            "yes_price": 81,
            "no_price": 19,
            "taker_side": "yes"
        },
        {
            "trade_id": "c15556d8-f13e-4ee8-8847-e88dbb7067a6",
            "ticker": "KXHIGHDEN-25APR03-B40.5",
            "count": 14,
            "created_time": "2025-04-03T16:35:12.695763Z",
            "yes_price": 73,
            "no_price": 27,
            "taker_side": "no"
        },
        {
            "trade_id": "c2f2aa67-ed88-4f5f-a7ca-d09ca11764dd",
            "ticker": "KXHIGHDEN-25APR03-B40.5",
            "count": 1,
            "created_time": "2025-04-03T16:27:07.524413Z",
            "yes_price": 81,
            "no_price": 19,
            "taker_side": "yes"
        },
        {
            "trade_id": "b96232a2-5e03-4ff1-afb5-586832200cb3",
            "ticker": "KXHIGHDEN-25APR03-B40.5",
            "count": 10,
            "created_time": "2025-04-03T16:24:34.419469Z",
            "yes_price": 73,
            "no_price": 27,
            "taker_side": "no"
        },
        {
            "trade_id": "6d94f2b2-9a6b-48fe-b6b4-624a15f3cdf0",
            "ticker": "KXHIGHDEN-25APR03-B40.5",
            "count": 40,
            "created_time": "2025-04-03T16:24:34.419469Z",
            "yes_price": 74,
            "no_price": 26,
            "taker_side": "no"
        },
        {
            "trade_id": "dcded34b-8271-4fa5-8029-19ec50f27c31",
            "ticker": "KXHIGHDEN-25APR03-B40.5",
            "count": 12,
            "created_time": "2025-04-03T16:20:32.078633Z",
            "yes_price": 81,
            "no_price": 19,
            "taker_side": "yes"
        },
        {
            "trade_id": "e8723461-b7d1-4783-afae-d744a9a48f9a",
            "ticker": "KXHIGHDEN-25APR03-B40.5",
            "count": 180,
            "created_time": "2025-04-03T16:13:15.993543Z",
            "yes_price": 75,
            "no_price": 25,
            "taker_side": "yes"
        },
        {
            "trade_id": "ded113d4-a5b2-4f8f-a3e3-9dacfb08944d",
            "ticker": "KXHIGHDEN-25APR03-B40.5",
            "count": 240,
            "created_time": "2025-04-03T16:05:20.325994Z",
            "yes_price": 75,
            "no_price": 25,
            "taker_side": "no"
        },
        {
            "trade_id": "2c70d5d1-c6c1-42b8-83fe-e0196a69e3fd",
            "ticker": "KXHIGHDEN-25APR03-B40.5",
            "count": 40,
            "created_time": "2025-04-03T16:05:20.325994Z",
            "yes_price": 76,
            "no_price": 24,
            "taker_side": "no"
        },
        {
            "trade_id": "49e4a695-d4ef-48ed-840c-e6e322c5f863",
            "ticker": "KXHIGHDEN-25APR03-B40.5",
            "count": 50,
            "created_time": "2025-04-03T16:04:53.58564Z",
            "yes_price": 81,
            "no_price": 19,
            "taker_side": "yes"
        },
        {
            "trade_id": "11396cf4-3b15-4ed4-8ccd-8be43fd99d6e",
            "ticker": "KXHIGHDEN-25APR03-B40.5",
            "count": 299,
            "created_time": "2025-04-03T16:04:53.58564Z",
            "yes_price": 82,
            "no_price": 18,
            "taker_side": "yes"
        },
        {
            "trade_id": "d84a9f68-76c2-4387-8323-126db49eccf4",
            "ticker": "KXHIGHDEN-25APR03-B40.5",
            "count": 31,
            "created_time": "2025-04-03T16:04:17.588667Z",
            "yes_price": 78,
            "no_price": 22,
            "taker_side": "yes"
        },
        {
            "trade_id": "98a44e65-a64a-4786-8a4b-48e6e4371051",
            "ticker": "KXHIGHDEN-25APR03-B40.5",
            "count": 26,
            "created_time": "2025-04-03T16:04:17.588667Z",
            "yes_price": 76,
            "no_price": 24,
            "taker_side": "yes"
        },
        {
            "trade_id": "35b5e190-0f68-4444-ae2e-ab0a8d7fa461",
            "ticker": "KXHIGHDEN-25APR03-B40.5",
            "count": 10,
            "created_time": "2025-04-03T16:04:07.965417Z",
            "yes_price": 75,
            "no_price": 25,
            "taker_side": "yes"
        },
        {
            "trade_id": "b0d55337-f35f-4a31-ad47-490c62e7c400",
            "ticker": "KXHIGHDEN-25APR03-B40.5",
            "count": 20,
            "created_time": "2025-04-03T16:03:21.95374Z",
            "yes_price": 72,
            "no_price": 28,
            "taker_side": "yes"
        },
        {
            "trade_id": "41b02863-8443-4373-b6a4-ea2c5a2c0fdb",
            "ticker": "KXHIGHDEN-25APR03-B40.5",
            "count": 10,
            "created_time": "2025-04-03T15:59:33.276678Z",
            "yes_price": 72,
            "no_price": 28,
            "taker_side": "yes"
        },
        {
            "trade_id": "7266947c-f425-478a-9bc5-0a3f669cd4c0",
            "ticker": "KXHIGHDEN-25APR03-B40.5",
            "count": 10,
            "created_time": "2025-04-03T15:59:04.773085Z",
            "yes_price": 72,
            "no_price": 28,
            "taker_side": "yes"
        },
        {
            "trade_id": "0b0e8aff-1623-4dd7-802e-a01ada568885",
            "ticker": "KXHIGHDEN-25APR03-B40.5",
            "count": 10,
            "created_time": "2025-04-03T15:58:39.194339Z",
            "yes_price": 72,
            "no_price": 28,
            "taker_side": "yes"
        },
        {
            "trade_id": "9bb709e9-d647-4c87-a561-2d96dc12f655",
            "ticker": "KXHIGHDEN-25APR03-B40.5",
            "count": 50,
            "created_time": "2025-04-03T15:56:07.885914Z",
            "yes_price": 69,
            "no_price": 31,
            "taker_side": "no"
        },
        {
            "trade_id": "fd27f8f3-a7da-4513-a8b1-bb73d7dd7038",
            "ticker": "KXHIGHDEN-25APR03-B40.5",
            "count": 50,
            "created_time": "2025-04-03T15:44:27.120001Z",
            "yes_price": 68,
            "no_price": 32,
            "taker_side": "yes"
        },
        {
            "trade_id": "d39a030b-f566-40c1-ad0b-5b182d0949f6",
            "ticker": "KXHIGHDEN-25APR03-B40.5",
            "count": 35,
            "created_time": "2025-04-03T15:44:27.120001Z",
            "yes_price": 69,
            "no_price": 31,
            "taker_side": "yes"
        },
        {
            "trade_id": "2027273a-6bf7-4ad2-8f90-5e13858f7d2f",
            "ticker": "KXHIGHDEN-25APR03-B40.5",
            "count": 50,
            "created_time": "2025-04-03T15:44:27.120001Z",
            "yes_price": 67,
            "no_price": 33,
            "taker_side": "yes"
        },
        {
            "trade_id": "638c43a4-c0fe-4877-8d30-5056c6bf64e8",
            "ticker": "KXHIGHDEN-25APR03-B40.5",
            "count": 50,
            "created_time": "2025-04-03T15:38:43.943469Z",
            "yes_price": 67,
            "no_price": 33,
            "taker_side": "yes"
        },
        {
            "trade_id": "cb5d7956-b56d-4970-bf8a-8c2eb8e8c4e9",
            "ticker": "KXHIGHDEN-25APR03-B40.5",
            "count": 2,
            "created_time": "2025-04-03T15:35:41.056706Z",
            "yes_price": 73,
            "no_price": 27,
            "taker_side": "yes"
        },
        {
            "trade_id": "9455f5dc-f999-48d2-80aa-235b40987b41",
            "ticker": "KXHIGHDEN-25APR03-B40.5",
            "count": 50,
            "created_time": "2025-04-03T15:34:06.451262Z",
            "yes_price": 61,
            "no_price": 39,
            "taker_side": "yes"
        },
        {
            "trade_id": "7045d223-5c0c-4086-989e-20061234cdd5",
            "ticker": "KXHIGHDEN-25APR03-B40.5",
            "count": 5,
            "created_time": "2025-04-03T15:34:06.451262Z",
            "yes_price": 61,
            "no_price": 39,
            "taker_side": "yes"
        },
        {
            "trade_id": "cfd3288f-2b1d-4b01-8c27-61d7bebe05a2",
            "ticker": "KXHIGHDEN-25APR03-B40.5",
            "count": 26,
            "created_time": "2025-04-03T15:33:30.951612Z",
            "yes_price": 58,
            "no_price": 42,
            "taker_side": "yes"
        },
        {
            "trade_id": "af098f8a-0734-4cd4-87d9-b7175bc76f58",
            "ticker": "KXHIGHDEN-25APR03-B40.5",
            "count": 48,
            "created_time": "2025-04-03T15:33:30.951612Z",
            "yes_price": 58,
            "no_price": 42,
            "taker_side": "yes"
        },
        {
            "trade_id": "757a1ccb-b20b-452a-b94c-23e792c90604",
            "ticker": "KXHIGHDEN-25APR03-B40.5",
            "count": 20,
            "created_time": "2025-04-03T15:33:30.951612Z",
            "yes_price": 59,
            "no_price": 41,
            "taker_side": "yes"
        },
        {
            "trade_id": "b36286c9-a78b-4df9-a32b-6e85bbe90686",
            "ticker": "KXHIGHDEN-25APR03-B40.5",
            "count": 6,
            "created_time": "2025-04-03T15:24:08.274176Z",
            "yes_price": 53,
            "no_price": 47,
            "taker_side": "no"
        },
        {
            "trade_id": "bcff57fa-4269-457f-b76b-f326fdd38663",
            "ticker": "KXHIGHDEN-25APR03-B40.5",
            "count": 24,
            "created_time": "2025-04-03T15:23:59.177783Z",
            "yes_price": 54,
            "no_price": 46,
            "taker_side": "no"
        },
        {
            "trade_id": "8c41aa40-4420-4170-ac84-8e6173d8e0d1",
            "ticker": "KXHIGHDEN-25APR03-B40.5",
            "count": 29,
            "created_time": "2025-04-03T15:23:09.383395Z",
            "yes_price": 54,
            "no_price": 46,
            "taker_side": "no"
        },
        {
            "trade_id": "b6f7197a-f5fc-42e5-b007-1c6102283d25",
            "ticker": "KXHIGHDEN-25APR03-B40.5",
            "count": 14,
            "created_time": "2025-04-03T15:22:26.671326Z",
            "yes_price": 57,
            "no_price": 43,
            "taker_side": "yes"
        },
        {
            "trade_id": "fd967982-37b0-4018-8d72-067f6fcd1a43",
            "ticker": "KXHIGHDEN-25APR03-B40.5",
            "count": 34,
            "created_time": "2025-04-03T15:17:06.149292Z",
            "yes_price": 54,
            "no_price": 46,
            "taker_side": "no"
        },
        {
            "trade_id": "c42902a6-cb91-4a8a-83cc-47ad9f3022d5",
            "ticker": "KXHIGHDEN-25APR03-B40.5",
            "count": 17,
            "created_time": "2025-04-03T15:12:50.721433Z",
            "yes_price": 56,
            "no_price": 44,
            "taker_side": "yes"
        },
        {
            "trade_id": "bbc124d7-0dc2-4fee-a37d-6e547951a0ee",
            "ticker": "KXHIGHDEN-25APR03-B40.5",
            "count": 5,
            "created_time": "2025-04-03T15:12:50.721433Z",
            "yes_price": 54,
            "no_price": 46,
            "taker_side": "yes"
        },
        {
            "trade_id": "b7ee143b-6473-4fb5-b5c6-378c38a645ca",
            "ticker": "KXHIGHDEN-25APR03-B40.5",
            "count": 50,
            "created_time": "2025-04-03T15:12:50.721433Z",
            "yes_price": 54,
            "no_price": 46,
            "taker_side": "yes"
        },
        {
            "trade_id": "80a90204-afb0-46e1-a09d-4b86431be808",
            "ticker": "KXHIGHDEN-25APR03-B40.5",
            "count": 18,
            "created_time": "2025-04-03T15:12:50.721433Z",
            "yes_price": 56,
            "no_price": 44,
            "taker_side": "yes"
        },
        {
            "trade_id": "d4deae9d-0f17-449e-9295-3332bde4ec22",
            "ticker": "KXHIGHDEN-25APR03-B40.5",
            "count": 25,
            "created_time": "2025-04-03T15:11:35.707521Z",
            "yes_price": 47,
            "no_price": 53,
            "taker_side": "no"
        },
        {
            "trade_id": "c2beed77-1fe0-4fc0-88c2-62709d11c206",
            "ticker": "KXHIGHDEN-25APR03-B40.5",
            "count": 4,
            "created_time": "2025-04-03T15:09:33.710036Z",
            "yes_price": 47,
            "no_price": 53,
            "taker_side": "yes"
        },
        {
            "trade_id": "db88fe7f-b3ef-4a85-8a1d-35461d71610c",
            "ticker": "KXHIGHDEN-25APR03-B40.5",
            "count": 5,
            "created_time": "2025-04-03T15:08:57.307097Z",
            "yes_price": 47,
            "no_price": 53,
            "taker_side": "no"
        },
        {
            "trade_id": "2dc4f695-795b-45de-b157-9c855e0fb494",
            "ticker": "KXHIGHDEN-25APR03-B40.5",
            "count": 22,
            "created_time": "2025-04-03T15:08:57.307097Z",
            "yes_price": 47,
            "no_price": 53,
            "taker_side": "no"
        },
        {
            "trade_id": "c4d15771-c40d-433f-9bbc-9656995d6fb9",
            "ticker": "KXHIGHDEN-25APR03-B40.5",
            "count": 34,
            "created_time": "2025-04-03T15:07:45.652558Z",
            "yes_price": 47,
            "no_price": 53,
            "taker_side": "no"
        },
        {
            "trade_id": "fb8244fe-715d-43bb-9835-f52e663ea077",
            "ticker": "KXHIGHDEN-25APR03-B40.5",
            "count": 22,
            "created_time": "2025-04-03T15:06:01.054447Z",
            "yes_price": 46,
            "no_price": 54,
            "taker_side": "no"
        },
        {
            "trade_id": "d37882be-4c10-47e4-a62a-19e205e51405",
            "ticker": "KXHIGHDEN-25APR03-B40.5",
            "count": 30,
            "created_time": "2025-04-03T15:06:01.054447Z",
            "yes_price": 49,
            "no_price": 51,
            "taker_side": "no"
        },
        {
            "trade_id": "5af17e35-d06f-4e94-867c-e0159e2222cc",
            "ticker": "KXHIGHDEN-25APR03-B40.5",
            "count": 50,
            "created_time": "2025-04-03T15:06:01.054447Z",
            "yes_price": 48,
            "no_price": 52,
            "taker_side": "no"
        },
        {
            "trade_id": "76a4d2cc-cce8-4383-9250-3f2472cb3384",
            "ticker": "KXHIGHDEN-25APR03-B40.5",
            "count": 36,
            "created_time": "2025-04-03T14:48:25.077295Z",
            "yes_price": 48,
            "no_price": 52,
            "taker_side": "no"
        },
        {
            "trade_id": "fe806686-b0bb-48e2-af68-54b886212d0d",
            "ticker": "KXHIGHDEN-25APR03-B40.5",
            "count": 20,
            "created_time": "2025-04-03T14:46:01.377008Z",
            "yes_price": 54,
            "no_price": 46,
            "taker_side": "yes"
        },
        {
            "trade_id": "d6832b39-42b0-4291-879f-812dc77666bb",
            "ticker": "KXHIGHDEN-25APR03-B40.5",
            "count": 20,
            "created_time": "2025-04-03T14:46:01.377008Z",
            "yes_price": 52,
            "no_price": 48,
            "taker_side": "yes"
        },
        {
            "trade_id": "c6d566c8-f574-4aa3-b8cc-774564a97d90",
            "ticker": "KXHIGHDEN-25APR03-B40.5",
            "count": 20,
            "created_time": "2025-04-03T14:46:01.377008Z",
            "yes_price": 50,
            "no_price": 50,
            "taker_side": "yes"
        },
        {
            "trade_id": "bf1130ac-e67d-4c32-becb-bb9025104ae0",
            "ticker": "KXHIGHDEN-25APR03-B40.5",
            "count": 299,
            "created_time": "2025-04-03T14:46:01.377008Z",
            "yes_price": 53,
            "no_price": 47,
            "taker_side": "yes"
        },
        {
            "trade_id": "a125bf2f-972d-438f-b854-665b064ff278",
            "ticker": "KXHIGHDEN-25APR03-B40.5",
            "count": 20,
            "created_time": "2025-04-03T14:46:01.377008Z",
            "yes_price": 51,
            "no_price": 49,
            "taker_side": "yes"
        },
        {
            "trade_id": "5d197bb1-de69-479e-b633-bb9faa1b4175",
            "ticker": "KXHIGHDEN-25APR03-B40.5",
            "count": 20,
            "created_time": "2025-04-03T14:46:01.377008Z",
            "yes_price": 53,
            "no_price": 47,
            "taker_side": "yes"
        },
        {
            "trade_id": "53dba0af-8307-4ffd-88b6-9c8fde8bf30a",
            "ticker": "KXHIGHDEN-25APR03-B40.5",
            "count": 11,
            "created_time": "2025-04-03T14:46:01.377008Z",
            "yes_price": 52,
            "no_price": 48,
            "taker_side": "yes"
        },
        {
            "trade_id": "52b3e57c-2e51-4e0f-85e1-66631f6b17ad",
            "ticker": "KXHIGHDEN-25APR03-B40.5",
            "count": 6,
            "created_time": "2025-04-03T14:46:01.377008Z",
            "yes_price": 52,
            "no_price": 48,
            "taker_side": "yes"
        },
        {
            "trade_id": "4241a4f9-adaa-4e7c-9f40-0702925e7e0d",
            "ticker": "KXHIGHDEN-25APR03-B40.5",
            "count": 154,
            "created_time": "2025-04-03T14:46:01.377008Z",
            "yes_price": 54,
            "no_price": 46,
            "taker_side": "yes"
        },
        {
            "trade_id": "273fff5c-134a-441f-b950-7ad4c939fed0",
            "ticker": "KXHIGHDEN-25APR03-B40.5",
            "count": 53,
            "created_time": "2025-04-03T14:46:01.377008Z",
            "yes_price": 49,
            "no_price": 51,
            "taker_side": "yes"
        },
        {
            "trade_id": "03845c31-5ffa-447d-9360-4b4dc918cd96",
            "ticker": "KXHIGHDEN-25APR03-B40.5",
            "count": 50,
            "created_time": "2025-04-03T14:46:01.377008Z",
            "yes_price": 51,
            "no_price": 49,
            "taker_side": "yes"
        },
        {
            "trade_id": "fb6c2290-a70d-457e-9357-afaf92c9acbe",
            "ticker": "KXHIGHDEN-25APR03-B40.5",
            "count": 32,
            "created_time": "2025-04-03T14:44:24.593251Z",
            "yes_price": 47,
            "no_price": 53,
            "taker_side": "no"
        },
        {
            "trade_id": "5f488c07-20e7-4066-9cb5-fd1fe9cb8841",
            "ticker": "KXHIGHDEN-25APR03-B40.5",
            "count": 54,
            "created_time": "2025-04-03T14:26:35.943495Z",
            "yes_price": 44,
            "no_price": 56,
            "taker_side": "yes"
        },
        {
            "trade_id": "1bec2c16-5e3d-4095-9fd6-fa6a751b77b5",
            "ticker": "KXHIGHDEN-25APR03-B40.5",
            "count": 50,
            "created_time": "2025-04-03T14:13:48.153369Z",
            "yes_price": 44,
            "no_price": 56,
            "taker_side": "yes"
        },
        {
            "trade_id": "9bc95490-341c-4e5a-9d5e-974e71170ffc",
            "ticker": "KXHIGHDEN-25APR03-B40.5",
            "count": 50,
            "created_time": "2025-04-03T14:08:32.853168Z",
            "yes_price": 45,
            "no_price": 55,
            "taker_side": "yes"
        },
        {
            "trade_id": "7802fa2b-bb8e-4e99-83c0-6a74b19e35ea",
            "ticker": "KXHIGHDEN-25APR03-B40.5",
            "count": 5,
            "created_time": "2025-04-03T14:08:10.109549Z",
            "yes_price": 46,
            "no_price": 54,
            "taker_side": "yes"
        },
        {
            "trade_id": "220b5d1c-cf17-452d-9c22-4198f16accd9",
            "ticker": "KXHIGHDEN-25APR03-B40.5",
            "count": 38,
            "created_time": "2025-04-03T14:07:47.480501Z",
            "yes_price": 46,
            "no_price": 54,
            "taker_side": "yes"
        },
        {
            "trade_id": "277e70f7-8d25-4bb7-8169-0e6fcc687da1",
            "ticker": "KXHIGHDEN-25APR03-B40.5",
            "count": 20,
            "created_time": "2025-04-03T14:07:30.756498Z",
            "yes_price": 44,
            "no_price": 56,
            "taker_side": "yes"
        },
        {
            "trade_id": "b9b7323c-8cdd-4f0c-81c6-f9a5b60c77f9",
            "ticker": "KXHIGHDEN-25APR03-B40.5",
            "count": 4,
            "created_time": "2025-04-03T14:03:34.462562Z",
            "yes_price": 44,
            "no_price": 56,
            "taker_side": "yes"
        },
        {
            "trade_id": "d6d2790f-3e79-4c36-9ba2-8f15026d0eee",
            "ticker": "KXHIGHDEN-25APR03-B40.5",
            "count": 50,
            "created_time": "2025-04-03T14:03:02.456156Z",
            "yes_price": 42,
            "no_price": 58,
            "taker_side": "yes"
        },
        {
            "trade_id": "6c3f9ae2-0412-435b-a108-3d1f5f307851",
            "ticker": "KXHIGHDEN-25APR03-B40.5",
            "count": 4,
            "created_time": "2025-04-03T14:01:57.308755Z",
            "yes_price": 41,
            "no_price": 59,
            "taker_side": "no"
        },
        {
            "trade_id": "65e06b6a-bab8-46a1-aa7d-fe5712787e12",
            "ticker": "KXHIGHDEN-25APR03-B40.5",
            "count": 50,
            "created_time": "2025-04-03T13:49:22.854238Z",
            "yes_price": 47,
            "no_price": 53,
            "taker_side": "yes"
        },
        {
            "trade_id": "8e389a1c-abfd-4f0d-afe7-dc2ad9e39b89",
            "ticker": "KXHIGHDEN-25APR03-B40.5",
            "count": 1,
            "created_time": "2025-04-03T13:48:43.603301Z",
            "yes_price": 41,
            "no_price": 59,
            "taker_side": "no"
        },
        {
            "trade_id": "ce92d26b-836e-41e3-a282-2aaa7434e7dc",
            "ticker": "KXHIGHDEN-25APR03-B40.5",
            "count": 50,
            "created_time": "2025-04-03T13:40:13.548455Z",
            "yes_price": 46,
            "no_price": 54,
            "taker_side": "yes"
        },
        {
            "trade_id": "7630d75b-ae39-4e71-b130-9d95a59904d1",
