{
    "KXHIGHDEN-25JAN09-T26": [
        {
            "trade_id": "2b907827-4069-404c-acfa-94031510ac6a",
            "ticker": "KXHIGHDEN-25JAN09-T26",
            "count": 439,
            "created_time": "2025-01-09T13:00:00.222056Z",
            "yes_price": 1,
            "no_price": 99,
            "taker_side": "no"
        },
        {
            "trade_id": "dc198371-44ac-4849-a190-196b3dcdf514",
            "ticker": "KXHIGHDEN-25JAN09-T26",
            "count": 55,
            "created_time": "2025-01-09T07:33:47.053543Z",
            "yes_price": 1,
            "no_price": 99,
            "taker_side": "no"
        },
        {
            "trade_id": "a8a2ce75-4f68-446c-8e02-e29666ff7bd8",
            "ticker": "KXHIGHDEN-25JAN09-T26",
            "count": 6,
            "created_time": "2025-01-09T07:33:46.235354Z",
            "yes_price": 1,
            "no_price": 99,
            "taker_side": "no"
        },
        {
            "trade_id": "1ea05ab2-c748-4777-8941-7468a755f8e6",
            "ticker": "KXHIGHDEN-25JAN09-T26",
            "count": 44,
            "created_time": "2025-01-09T04:03:49.570615Z",
            "yes_price": 5,
            "no_price": 95,
            "taker_side": "yes"
        },
        {
            "trade_id": "cb76bd7e-ad1c-4371-b4a6-804f53b96cc2",
            "ticker": "KXHIGHDEN-25JAN09-T26",
            "count": 100,
            "created_time": "2025-01-09T04:00:47.968407Z",
            "yes_price": 5,
            "no_price": 95,
            "taker_side": "yes"
        },
        {
            "trade_id": "5ffafce5-10b3-44e5-a6d2-a9c5900da45e",
            "ticker": "KXHIGHDEN-25JAN09-T26",
            "count": 102,
            "created_time": "2025-01-09T04:00:47.968407Z",
            "yes_price": 5,
            "no_price": 95,
            "taker_side": "yes"
        },
        {
            "trade_id": "353d2f43-22e1-4f6d-8efc-fdb8bee89c2c",
            "ticker": "KXHIGHDEN-25JAN09-T26",
            "count": 2,
            "created_time": "2025-01-09T04:00:47.968407Z",
            "yes_price": 5,
            "no_price": 95,
            "taker_side": "yes"
        },
        {
            "trade_id": "03beac56-647b-4f3e-aa99-1aa599743301",
            "ticker": "KXHIGHDEN-25JAN09-T26",
            "count": 27,
            "created_time": "2025-01-09T04:00:47.968407Z",
            "yes_price": 5,
            "no_price": 95,
            "taker_side": "yes"
        },
        {
            "trade_id": "9a621ffb-7189-4e88-8124-71e3d6e500ea",
            "ticker": "KXHIGHDEN-25JAN09-T26",
            "count": 50,
            "created_time": "2025-01-09T03:48:42.341994Z",
            "yes_price": 1,
            "no_price": 99,
            "taker_side": "no"
        },
        {
            "trade_id": "fea86d45-4549-4b6a-baf5-e57ce759d252",
            "ticker": "KXHIGHDEN-25JAN09-T26",
            "count": 102,
            "created_time": "2025-01-09T03:18:00.201316Z",
            "yes_price": 6,
            "no_price": 94,
            "taker_side": "yes"
        },
        {
            "trade_id": "f401aece-c8f2-467b-810d-d9e9ec6e804f",
            "ticker": "KXHIGHDEN-25JAN09-T26",
            "count": 100,
            "created_time": "2025-01-09T03:18:00.201316Z",
            "yes_price": 7,
            "no_price": 93,
            "taker_side": "yes"
        },
        {
            "trade_id": "ef5b67c4-6e77-472c-b706-285e84c36822",
            "ticker": "KXHIGHDEN-25JAN09-T26",
            "count": 100,
            "created_time": "2025-01-09T03:18:00.201316Z",
            "yes_price": 4,
            "no_price": 96,
            "taker_side": "yes"
        },
        {
            "trade_id": "a1efd111-09d5-4ea7-abaa-ebfbff222a48",
            "ticker": "KXHIGHDEN-25JAN09-T26",
            "count": 80,
            "created_time": "2025-01-09T03:18:00.201316Z",
            "yes_price": 7,
            "no_price": 93,
            "taker_side": "yes"
        },
        {
            "trade_id": "3061168a-de6b-43b3-b487-5f6426d758d9",
            "ticker": "KXHIGHDEN-25JAN09-T26",
            "count": 100,
            "created_time": "2025-01-09T03:18:00.201316Z",
            "yes_price": 6,
            "no_price": 94,
            "taker_side": "yes"
        },
        {
            "trade_id": "1519a020-399f-4875-9f03-06bcc63212fa",
            "ticker": "KXHIGHDEN-25JAN09-T26",
            "count": 180,
            "created_time": "2025-01-09T03:18:00.201316Z",
            "yes_price": 5,
            "no_price": 95,
            "taker_side": "yes"
        },
        {
            "trade_id": "0cfe96c9-43eb-4463-b39c-952db51fbacb",
            "ticker": "KXHIGHDEN-25JAN09-T26",
            "count": 80,
            "created_time": "2025-01-09T03:18:00.201316Z",
            "yes_price": 6,
            "no_price": 94,
            "taker_side": "yes"
        }
    ],
    "KXHIGHDEN-25JAN09-B26.5": [
        {
            "trade_id": "8150f27f-5e1c-4907-84c4-3174fdeb22de",
            "ticker": "KXHIGHDEN-25JAN09-B26.5",
            "count": 90,
            "created_time": "2025-01-09T14:50:16.587887Z",
            "yes_price": 1,
            "no_price": 99,
            "taker_side": "yes"
        },
        {
            "trade_id": "1da642ab-7a5c-413e-a700-f12dd9ed3b8c",
            "ticker": "KXHIGHDEN-25JAN09-B26.5",
            "count": 310,
            "created_time": "2025-01-09T14:50:16.587887Z",
            "yes_price": 1,
            "no_price": 99,
            "taker_side": "yes"
        },
        {
            "trade_id": "79566dc7-a7d7-4f34-bf10-2132f1f4e5bd",
            "ticker": "KXHIGHDEN-25JAN09-B26.5",
            "count": 25,
            "created_time": "2025-01-09T13:00:28.951612Z",
            "yes_price": 1,
            "no_price": 99,
            "taker_side": "no"
        },
        {
            "trade_id": "66391f94-a6b6-46f0-bba6-701f4cc21958",
            "ticker": "KXHIGHDEN-25JAN09-B26.5",
            "count": 25,
            "created_time": "2025-01-09T13:00:28.951612Z",
            "yes_price": 2,
            "no_price": 98,
            "taker_side": "no"
        },
        {
            "trade_id": "407c2482-1378-40ad-b1af-81bed081a6d2",
            "ticker": "KXHIGHDEN-25JAN09-B26.5",
            "count": 25,
            "created_time": "2025-01-09T13:00:28.951612Z",
            "yes_price": 3,
            "no_price": 97,
            "taker_side": "no"
        },
        {
            "trade_id": "0318256d-305f-48af-8a62-bcc6c9bfae9a",
            "ticker": "KXHIGHDEN-25JAN09-B26.5",
            "count": 385,
            "created_time": "2025-01-09T13:00:28.951612Z",
            "yes_price": 4,
            "no_price": 96,
            "taker_side": "no"
        },
        {
            "trade_id": "02d6e2a5-6ebb-409b-81f0-985919d0d242",
            "ticker": "KXHIGHDEN-25JAN09-B26.5",
            "count": 115,
            "created_time": "2025-01-09T13:00:00.394638Z",
            "yes_price": 4,
            "no_price": 96,
            "taker_side": "no"
        },
        {
            "trade_id": "967597f3-fb34-4161-a8d5-80c174f78690",
            "ticker": "KXHIGHDEN-25JAN09-B26.5",
            "count": 55,
            "created_time": "2025-01-09T07:33:47.056538Z",
            "yes_price": 9,
            "no_price": 91,
            "taker_side": "no"
        },
        {
            "trade_id": "aa4a3467-85f8-4c8d-bdea-4bc614bec3f4",
            "ticker": "KXHIGHDEN-25JAN09-B26.5",
            "count": 6,
            "created_time": "2025-01-09T07:33:45.886216Z",
            "yes_price": 9,
            "no_price": 91,
            "taker_side": "no"
        },
        {
            "trade_id": "c735cac0-c287-4b27-b6ee-db4e008bab15",
            "ticker": "KXHIGHDEN-25JAN09-B26.5",
            "count": 200,
            "created_time": "2025-01-09T06:17:44.404677Z",
            "yes_price": 4,
            "no_price": 96,
            "taker_side": "no"
        },
        {
            "trade_id": "2e487956-f36a-403b-925e-c46e8c96619f",
            "ticker": "KXHIGHDEN-25JAN09-B26.5",
            "count": 7,
            "created_time": "2025-01-09T06:17:44.404677Z",
            "yes_price": 4,
            "no_price": 96,
            "taker_side": "no"
        },
        {
            "trade_id": "ebd221fc-c77b-47ac-af3a-d2b60f257d1e",
            "ticker": "KXHIGHDEN-25JAN09-B26.5",
            "count": 23,
            "created_time": "2025-01-09T05:43:36.222791Z",
            "yes_price": 7,
            "no_price": 93,
            "taker_side": "yes"
        },
        {
            "trade_id": "6f75b260-5c1a-4a0e-93b5-d69d3f6a4790",
            "ticker": "KXHIGHDEN-25JAN09-B26.5",
            "count": 22,
            "created_time": "2025-01-09T05:41:48.747149Z",
            "yes_price": 7,
            "no_price": 93,
            "taker_side": "yes"
        },
        {
            "trade_id": "69e2994b-4d33-4e9f-99d1-bd099d5016ea",
            "ticker": "KXHIGHDEN-25JAN09-B26.5",
            "count": 31,
            "created_time": "2025-01-09T05:41:48.747149Z",
            "yes_price": 7,
            "no_price": 93,
            "taker_side": "yes"
        },
        {
            "trade_id": "492666aa-3fc6-4d81-a3ad-e723ed7da269",
            "ticker": "KXHIGHDEN-25JAN09-B26.5",
            "count": 1,
            "created_time": "2025-01-09T05:41:48.747149Z",
            "yes_price": 7,
            "no_price": 93,
            "taker_side": "yes"
        },
        {
            "trade_id": "a70f62ab-bb39-4cc5-a47a-a9e75062ae05",
            "ticker": "KXHIGHDEN-25JAN09-B26.5",
            "count": 100,
            "created_time": "2025-01-09T04:00:35.173874Z",
            "yes_price": 8,
            "no_price": 92,
            "taker_side": "yes"
        },
        {
            "trade_id": "5772c80a-0f7e-47c7-b15f-6bc094563025",
            "ticker": "KXHIGHDEN-25JAN09-B26.5",
            "count": 101,
            "created_time": "2025-01-09T04:00:35.173874Z",
            "yes_price": 8,
            "no_price": 92,
            "taker_side": "yes"
        },
        {
            "trade_id": "49a5db70-1e72-4700-961c-20dbff7ae030",
            "ticker": "KXHIGHDEN-25JAN09-B26.5",
            "count": 56,
            "created_time": "2025-01-09T04:00:35.173874Z",
            "yes_price": 8,
            "no_price": 92,
            "taker_side": "yes"
        },
        {
            "trade_id": "28b3e2da-97f8-499e-a140-72dc960adf36",
            "ticker": "KXHIGHDEN-25JAN09-B26.5",
            "count": 12,
            "created_time": "2025-01-09T04:00:35.173874Z",
            "yes_price": 8,
            "no_price": 92,
            "taker_side": "yes"
        },
        {
            "trade_id": "fbe61262-098e-4e95-b4d6-918e03125729",
            "ticker": "KXHIGHDEN-25JAN09-B26.5",
            "count": 102,
            "created_time": "2025-01-09T03:57:49.724373Z",
            "yes_price": 7,
            "no_price": 93,
            "taker_side": "yes"
        },
        {
            "trade_id": "8e01212d-7e18-42c0-8398-239791fea0b8",
            "ticker": "KXHIGHDEN-25JAN09-B26.5",
            "count": 90,
            "created_time": "2025-01-09T02:39:20.128155Z",
            "yes_price": 10,
            "no_price": 90,
            "taker_side": "yes"
        },
        {
            "trade_id": "729b6545-9362-42ad-b0a2-4568b836549f",
            "ticker": "KXHIGHDEN-25JAN09-B26.5",
            "count": 14,
            "created_time": "2025-01-09T00:31:44.370123Z",
            "yes_price": 13,
            "no_price": 87,
            "taker_side": "yes"
        },
        {
            "trade_id": "82985392-092a-494d-b487-ef24532704bb",
            "ticker": "KXHIGHDEN-25JAN09-B26.5",
            "count": 94,
            "created_time": "2025-01-08T23:54:19.518262Z",
            "yes_price": 11,
            "no_price": 89,
            "taker_side": "yes"
        },
        {
            "trade_id": "23b16804-16a8-48d4-a0d0-f38f08a82b0d",
            "ticker": "KXHIGHDEN-25JAN09-B26.5",
            "count": 69,
            "created_time": "2025-01-08T23:14:16.834278Z",
            "yes_price": 11,
            "no_price": 89,
            "taker_side": "yes"
        },
        {
            "trade_id": "fc96a48f-2401-4e15-9260-f4211d0fdf0b",
            "ticker": "KXHIGHDEN-25JAN09-B26.5",
            "count": 100,
            "created_time": "2025-01-08T23:13:18.00141Z",
            "yes_price": 10,
            "no_price": 90,
            "taker_side": "yes"
        },
        {
            "trade_id": "f6a43dd5-305c-414c-ad16-03ad0057ff07",
            "ticker": "KXHIGHDEN-25JAN09-B26.5",
            "count": 40,
            "created_time": "2025-01-08T23:13:18.00141Z",
            "yes_price": 10,
            "no_price": 90,
            "taker_side": "yes"
        },
        {
            "trade_id": "6bc585a3-d3da-415a-8ac4-cdbbdcf4971c",
            "ticker": "KXHIGHDEN-25JAN09-B26.5",
            "count": 100,
            "created_time": "2025-01-08T23:13:18.00141Z",
            "yes_price": 9,
            "no_price": 91,
            "taker_side": "yes"
        },
        {
            "trade_id": "609f7b98-8ab6-48e9-8a06-1a89663cc251",
            "ticker": "KXHIGHDEN-25JAN09-B26.5",
            "count": 100,
            "created_time": "2025-01-08T23:13:18.00141Z",
            "yes_price": 9,
            "no_price": 91,
            "taker_side": "yes"
        },
        {
            "trade_id": "58245300-3c1f-4088-93be-a0aae9c81f0b",
            "ticker": "KXHIGHDEN-25JAN09-B26.5",
            "count": 100,
            "created_time": "2025-01-08T23:13:18.00141Z",
            "yes_price": 10,
            "no_price": 90,
            "taker_side": "yes"
        },
        {
            "trade_id": "c32e78a1-53a0-42b8-b3ab-16d58d61af0d",
            "ticker": "KXHIGHDEN-25JAN09-B26.5",
            "count": 1,
            "created_time": "2025-01-08T22:06:23.593564Z",
            "yes_price": 9,
            "no_price": 91,
            "taker_side": "yes"
        }
    ],
    "KXHIGHDEN-25JAN09-B28.5": [
        {
            "trade_id": "d5a2f8e7-cd7e-4091-81d1-2d4f8f89b7e2",
            "ticker": "KXHIGHDEN-25JAN09-B28.5",
            "count": 142,
            "created_time": "2025-01-09T20:59:04.542212Z",
            "yes_price": 1,
            "no_price": 99,
            "taker_side": "yes"
        },
        {
            "trade_id": "7e1af2b5-3b7b-4c7a-b4ed-03d60afbda85",
            "ticker": "KXHIGHDEN-25JAN09-B28.5",
            "count": 93,
            "created_time": "2025-01-09T19:43:30.122376Z",
            "yes_price": 1,
            "no_price": 99,
            "taker_side": "yes"
        },
        {
            "trade_id": "25d94419-dec1-4e98-8f20-c866a9c94ab9",
            "ticker": "KXHIGHDEN-25JAN09-B28.5",
            "count": 187,
            "created_time": "2025-01-09T18:14:30.192151Z",
            "yes_price": 1,
            "no_price": 99,
            "taker_side": "yes"
        },
        {
            "trade_id": "28522360-f27d-455d-ba57-c96dde71bff8",
            "ticker": "KXHIGHDEN-25JAN09-B28.5",
            "count": 374,
            "created_time": "2025-01-09T17:10:28.076006Z",
            "yes_price": 1,
            "no_price": 99,
            "taker_side": "yes"
        },
        {
            "trade_id": "92898779-8ea7-45ab-80f9-dbe2aecff213",
            "ticker": "KXHIGHDEN-25JAN09-B28.5",
            "count": 467,
            "created_time": "2025-01-09T17:03:36.628927Z",
            "yes_price": 1,
            "no_price": 99,
            "taker_side": "yes"
        },
        {
            "trade_id": "9ebaf398-35de-4af8-abf4-95a1840e4471",
            "ticker": "KXHIGHDEN-25JAN09-B28.5",
            "count": 4675,
            "created_time": "2025-01-09T16:22:09.714723Z",
            "yes_price": 1,
            "no_price": 99,
            "taker_side": "yes"
        },
        {
            "trade_id": "b5ba42fb-41b2-451f-ada8-1cf8fa8570a9",
            "ticker": "KXHIGHDEN-25JAN09-B28.5",
            "count": 37,
            "created_time": "2025-01-09T16:03:46.25128Z",
            "yes_price": 1,
            "no_price": 99,
            "taker_side": "yes"
        },
        {
            "trade_id": "b0848a22-2a94-4b9d-8a31-f9fcc487d80a",
            "ticker": "KXHIGHDEN-25JAN09-B28.5",
            "count": 28,
            "created_time": "2025-01-09T16:03:46.25128Z",
            "yes_price": 1,
            "no_price": 99,
            "taker_side": "yes"
        },
        {
            "trade_id": "3796b6b5-6b7f-41d0-b463-0a9ff9eb0ec4",
            "ticker": "KXHIGHDEN-25JAN09-B28.5",
            "count": 28,
            "created_time": "2025-01-09T16:03:46.25128Z",
            "yes_price": 1,
            "no_price": 99,
            "taker_side": "yes"
        },
        {
            "trade_id": "69e55b52-ad43-4e81-8a62-f23e4d0ba252",
            "ticker": "KXHIGHDEN-25JAN09-B28.5",
            "count": 100,
            "created_time": "2025-01-09T14:50:07.123476Z",
            "yes_price": 5,
            "no_price": 95,
            "taker_side": "yes"
        },
        {
            "trade_id": "c4b573bd-339a-4a60-a806-eaa411f2d4ea",
            "ticker": "KXHIGHDEN-25JAN09-B28.5",
            "count": 30,
            "created_time": "2025-01-09T14:28:35.195305Z",
            "yes_price": 1,
            "no_price": 99,
            "taker_side": "no"
        },
        {
            "trade_id": "90c840ce-53a3-4b43-8e82-28c3830960f6",
            "ticker": "KXHIGHDEN-25JAN09-B28.5",
            "count": 30,
            "created_time": "2025-01-09T14:28:35.195305Z",
            "yes_price": 1,
            "no_price": 99,
            "taker_side": "no"
        },
        {
            "trade_id": "85262b1d-e46b-41f6-8c5e-c9726b603406",
            "ticker": "KXHIGHDEN-25JAN09-B28.5",
            "count": 18,
            "created_time": "2025-01-09T14:20:23.389632Z",
            "yes_price": 1,
            "no_price": 99,
            "taker_side": "yes"
        },
        {
            "trade_id": "6f0b0e79-8c1b-4ca3-8372-5136e2ce84a2",
            "ticker": "KXHIGHDEN-25JAN09-B28.5",
            "count": 18,
            "created_time": "2025-01-09T14:20:23.389632Z",
            "yes_price": 1,
            "no_price": 99,
            "taker_side": "yes"
        },
        {
            "trade_id": "148a46ca-7b32-43f4-8610-b2fdc8c7e5ef",
            "ticker": "KXHIGHDEN-25JAN09-B28.5",
            "count": 54,
            "created_time": "2025-01-09T14:20:23.389632Z",
            "yes_price": 8,
            "no_price": 92,
            "taker_side": "yes"
        },
        {
            "trade_id": "4317702c-50fe-4e08-80e9-4434e6c54579",
            "ticker": "KXHIGHDEN-25JAN09-B28.5",
            "count": 32,
            "created_time": "2025-01-09T13:25:48.849804Z",
            "yes_price": 1,
            "no_price": 99,
            "taker_side": "yes"
        },
        {
            "trade_id": "281b5389-b891-4f5d-aae9-3679dd582c5e",
            "ticker": "KXHIGHDEN-25JAN09-B28.5",
            "count": 9,
            "created_time": "2025-01-09T13:25:48.849804Z",
            "yes_price": 1,
            "no_price": 99,
            "taker_side": "yes"
        },
        {
            "trade_id": "0a0b26c8-048c-4033-9099-15e455e6452f",
            "ticker": "KXHIGHDEN-25JAN09-B28.5",
            "count": 9,
            "created_time": "2025-01-09T13:25:48.849804Z",
            "yes_price": 1,
            "no_price": 99,
            "taker_side": "yes"
        },
        {
            "trade_id": "30cb7766-1fd1-46ab-95f6-8fc5098ae47f",
            "ticker": "KXHIGHDEN-25JAN09-B28.5",
            "count": 40,
            "created_time": "2025-01-09T13:00:43.167477Z",
            "yes_price": 1,
            "no_price": 99,
            "taker_side": "no"
        },
        {
            "trade_id": "fae58165-57bc-4f6b-91cc-9c1d577b572c",
            "ticker": "KXHIGHDEN-25JAN09-B28.5",
            "count": 100,
            "created_time": "2025-01-09T13:00:20.51288Z",
            "yes_price": 12,
            "no_price": 88,
            "taker_side": "no"
        },
        {
            "trade_id": "f4e5f44e-d6e3-4b1c-9b52-74cf3e19a8a7",
            "ticker": "KXHIGHDEN-25JAN09-B28.5",
            "count": 20,
            "created_time": "2025-01-09T13:00:20.51288Z",
            "yes_price": 16,
            "no_price": 84,
            "taker_side": "no"
        },
        {
            "trade_id": "df7a4f90-9a02-493d-86c0-d8af30634519",
            "ticker": "KXHIGHDEN-25JAN09-B28.5",
            "count": 4,
            "created_time": "2025-01-09T13:00:20.51288Z",
            "yes_price": 24,
            "no_price": 76,
            "taker_side": "no"
        },
        {
            "trade_id": "ebd9bbff-858d-4fd5-ac7b-982a63bd4970",
            "ticker": "KXHIGHDEN-25JAN09-B28.5",
            "count": 55,
            "created_time": "2025-01-09T07:33:46.88245Z",
            "yes_price": 41,
            "no_price": 59,
            "taker_side": "no"
        },
        {
            "trade_id": "8ea953c6-1ffd-4d21-bd39-7ac4b8c530df",
            "ticker": "KXHIGHDEN-25JAN09-B28.5",
            "count": 6,
            "created_time": "2025-01-09T07:33:46.079932Z",
            "yes_price": 41,
            "no_price": 59,
            "taker_side": "no"
        },
        {
            "trade_id": "b0b7610f-2e78-4c20-80a6-05defde60828",
            "ticker": "KXHIGHDEN-25JAN09-B28.5",
            "count": 12,
            "created_time": "2025-01-09T07:16:43.392486Z",
            "yes_price": 37,
            "no_price": 63,
            "taker_side": "yes"
        },
        {
            "trade_id": "56c27106-fc6a-4b59-a433-333f1d59f098",
            "ticker": "KXHIGHDEN-25JAN09-B28.5",
            "count": 58,
            "created_time": "2025-01-09T06:33:49.024279Z",
            "yes_price": 32,
            "no_price": 68,
            "taker_side": "yes"
        },
        {
            "trade_id": "3fe56043-9b6f-442e-b325-77d7a956f321",
            "ticker": "KXHIGHDEN-25JAN09-B28.5",
            "count": 30,
            "created_time": "2025-01-09T06:33:49.024279Z",
            "yes_price": 33,
            "no_price": 67,
            "taker_side": "yes"
        },
        {
            "trade_id": "950e9e92-cb0f-4566-aacf-4ed9b1624bd5",
            "ticker": "KXHIGHDEN-25JAN09-B28.5",
            "count": 26,
            "created_time": "2025-01-09T04:31:13.812924Z",
            "yes_price": 33,
            "no_price": 67,
            "taker_side": "yes"
        },
        {
            "trade_id": "93c6e8e3-f823-4a2a-a794-e2d4ce4074b4",
            "ticker": "KXHIGHDEN-25JAN09-B28.5",
            "count": 100,
            "created_time": "2025-01-09T04:21:37.663217Z",
            "yes_price": 31,
            "no_price": 69,
            "taker_side": "yes"
        },
        {
            "trade_id": "f2e506a1-d62a-47c1-a1d8-c225cd468346",
            "ticker": "KXHIGHDEN-25JAN09-B28.5",
            "count": 75,
            "created_time": "2025-01-09T04:20:38.583555Z",
            "yes_price": 30,
            "no_price": 70,
            "taker_side": "yes"
        },
        {
            "trade_id": "1ebec506-a00d-47d4-ae92-7cc641c1476f",
            "ticker": "KXHIGHDEN-25JAN09-B28.5",
            "count": 51,
            "created_time": "2025-01-09T04:12:50.200545Z",
            "yes_price": 29,
            "no_price": 71,
            "taker_side": "no"
        },
        {
            "trade_id": "4033ea57-4c5a-4ccf-8634-5ae580dffb32",
            "ticker": "KXHIGHDEN-25JAN09-B28.5",
            "count": 30,
            "created_time": "2025-01-09T03:36:52.814561Z",
            "yes_price": 31,
            "no_price": 69,
            "taker_side": "yes"
        },
        {
            "trade_id": "9d2598e6-e4c5-4936-8264-f51864f48c05",
            "ticker": "KXHIGHDEN-25JAN09-B28.5",
            "count": 15,
            "created_time": "2025-01-09T03:34:56.63173Z",
            "yes_price": 31,
            "no_price": 69,
            "taker_side": "yes"
        },
        {
            "trade_id": "33fc5877-a4d2-45ed-8998-5aaf756fcfda",
            "ticker": "KXHIGHDEN-25JAN09-B28.5",
            "count": 21,
            "created_time": "2025-01-09T03:17:44.779397Z",
            "yes_price": 31,
            "no_price": 69,
            "taker_side": "yes"
        },
        {
            "trade_id": "ed8ec1c5-caaf-4ce8-bfa6-b5982ae9fa69",
            "ticker": "KXHIGHDEN-25JAN09-B28.5",
            "count": 35,
            "created_time": "2025-01-09T03:15:51.089379Z",
            "yes_price": 44,
            "no_price": 56,
            "taker_side": "yes"
        },
        {
            "trade_id": "a7ac019b-51fd-4290-b054-76b63df1ec97",
            "ticker": "KXHIGHDEN-25JAN09-B28.5",
            "count": 100,
            "created_time": "2025-01-09T03:15:51.089379Z",
            "yes_price": 31,
            "no_price": 69,
            "taker_side": "yes"
        },
        {
            "trade_id": "9aeebb92-afb7-4389-b359-a3c6954a9f12",
            "ticker": "KXHIGHDEN-25JAN09-B28.5",
            "count": 10,
            "created_time": "2025-01-09T03:15:51.089379Z",
            "yes_price": 43,
            "no_price": 57,
            "taker_side": "yes"
        },
        {
            "trade_id": "85d8a3c9-bd1e-4d20-88a6-d6d0adf8577f",
            "ticker": "KXHIGHDEN-25JAN09-B28.5",
            "count": 100,
            "created_time": "2025-01-09T03:15:51.089379Z",
            "yes_price": 32,
            "no_price": 68,
            "taker_side": "yes"
        },
        {
            "trade_id": "77780ec7-9cda-4d7a-b664-18e5206806ae",
            "ticker": "KXHIGHDEN-25JAN09-B28.5",
            "count": 80,
            "created_time": "2025-01-09T03:15:51.089379Z",
            "yes_price": 31,
            "no_price": 69,
            "taker_side": "yes"
        },
        {
            "trade_id": "5b8df6b7-90ab-414d-962f-7ccde27dd120",
            "ticker": "KXHIGHDEN-25JAN09-B28.5",
            "count": 107,
            "created_time": "2025-01-09T03:15:51.089379Z",
            "yes_price": 30,
            "no_price": 70,
            "taker_side": "yes"
        },
        {
            "trade_id": "37387e17-b09d-4c5e-854a-3aab6b6c3b3f",
            "ticker": "KXHIGHDEN-25JAN09-B28.5",
            "count": 100,
            "created_time": "2025-01-09T03:15:51.089379Z",
            "yes_price": 33,
            "no_price": 67,
            "taker_side": "yes"
        },
        {
            "trade_id": "312f2bf6-a9a8-473c-9fd9-9d5cf362715f",
            "ticker": "KXHIGHDEN-25JAN09-B28.5",
            "count": 26,
            "created_time": "2025-01-09T03:15:51.089379Z",
            "yes_price": 43,
            "no_price": 57,
            "taker_side": "yes"
        },
        {
            "trade_id": "2d80e0b4-6cb4-4965-8d44-521a5f471d53",
            "ticker": "KXHIGHDEN-25JAN09-B28.5",
            "count": 19,
            "created_time": "2025-01-09T03:15:51.089379Z",
            "yes_price": 37,
            "no_price": 63,
            "taker_side": "yes"
        },
        {
            "trade_id": "2ce89d58-f38a-4d19-bc08-625c4c61bcc1",
            "ticker": "KXHIGHDEN-25JAN09-B28.5",
            "count": 75,
            "created_time": "2025-01-09T03:15:51.089379Z",
            "yes_price": 33,
            "no_price": 67,
            "taker_side": "yes"
        },
        {
            "trade_id": "1da0450b-43a6-44f7-8c5a-fcaef3a027aa",
            "ticker": "KXHIGHDEN-25JAN09-B28.5",
            "count": 6,
            "created_time": "2025-01-09T03:15:51.089379Z",
            "yes_price": 39,
            "no_price": 61,
            "taker_side": "yes"
        },
        {
            "trade_id": "0ef52f2a-7854-4f35-8d2a-4d6c0ebe2063",
            "ticker": "KXHIGHDEN-25JAN09-B28.5",
            "count": 4,
            "created_time": "2025-01-09T03:15:51.089379Z",
            "yes_price": 38,
            "no_price": 62,
            "taker_side": "yes"
        },
        {
            "trade_id": "56d94973-4d19-4092-bc0f-6a035f2830e8",
            "ticker": "KXHIGHDEN-25JAN09-B28.5",
            "count": 50,
            "created_time": "2025-01-09T02:43:50.489946Z",
            "yes_price": 28,
            "no_price": 72,
            "taker_side": "yes"
        },
        {
            "trade_id": "ce985f90-8500-4ef2-be75-ba68ef62933a",
            "ticker": "KXHIGHDEN-25JAN09-B28.5",
            "count": 9,
            "created_time": "2025-01-09T02:09:49.021557Z",
            "yes_price": 29,
            "no_price": 71,
            "taker_side": "yes"
        },
        {
            "trade_id": "4b202568-26ff-4c21-8cfa-440f842580a3",
            "ticker": "KXHIGHDEN-25JAN09-B28.5",
            "count": 96,
            "created_time": "2025-01-09T01:43:04.474546Z",
            "yes_price": 28,
            "no_price": 72,
            "taker_side": "yes"
        },
        {
            "trade_id": "296f944e-23b8-4901-ab42-9306a098ec06",
            "ticker": "KXHIGHDEN-25JAN09-B28.5",
            "count": 4,
            "created_time": "2025-01-09T01:43:04.474546Z",
            "yes_price": 28,
            "no_price": 72,
            "taker_side": "yes"
        },
        {
            "trade_id": "86d56117-e934-43dd-a804-4af906bf7939",
            "ticker": "KXHIGHDEN-25JAN09-B28.5",
            "count": 4,
            "created_time": "2025-01-09T01:37:14.169487Z",
            "yes_price": 28,
            "no_price": 72,
            "taker_side": "yes"
        },
        {
            "trade_id": "4a14a89b-9965-4983-b593-b324b6778ce5",
            "ticker": "KXHIGHDEN-25JAN09-B28.5",
            "count": 42,
            "created_time": "2025-01-09T01:27:00.470086Z",
            "yes_price": 28,
            "no_price": 72,
            "taker_side": "yes"
        },
        {
            "trade_id": "2f5458b9-c2a9-47c1-ad02-449a466044fd",
            "ticker": "KXHIGHDEN-25JAN09-B28.5",
            "count": 100,
            "created_time": "2025-01-09T01:26:47.824906Z",
            "yes_price": 28,
            "no_price": 72,
            "taker_side": "no"
        },
        {
            "trade_id": "d1cc21e2-1efc-4c6b-8606-8a17ff52a39a",
            "ticker": "KXHIGHDEN-25JAN09-B28.5",
            "count": 100,
            "created_time": "2025-01-09T01:18:06.923157Z",
            "yes_price": 33,
            "no_price": 67,
            "taker_side": "yes"
        },
        {
            "trade_id": "4356ac0a-2c6c-4577-85a9-d5fed165e697",
            "ticker": "KXHIGHDEN-25JAN09-B28.5",
            "count": 100,
            "created_time": "2025-01-09T01:18:06.923157Z",
            "yes_price": 31,
            "no_price": 69,
            "taker_side": "yes"
        },
        {
            "trade_id": "2479b6d3-fb1c-4157-a8c7-6d0c57814ade",
            "ticker": "KXHIGHDEN-25JAN09-B28.5",
            "count": 100,
            "created_time": "2025-01-09T01:18:06.923157Z",
            "yes_price": 32,
            "no_price": 68,
            "taker_side": "yes"
        },
        {
            "trade_id": "b13ec7c3-d94b-4bd1-85c3-6229f7817ae3",
            "ticker": "KXHIGHDEN-25JAN09-B28.5",
            "count": 100,
            "created_time": "2025-01-09T01:03:46.052115Z",
            "yes_price": 29,
            "no_price": 71,
            "taker_side": "yes"
        },
        {
            "trade_id": "7dac9e1b-ebeb-422f-99d9-bfbd5a02d13f",
            "ticker": "KXHIGHDEN-25JAN09-B28.5",
            "count": 62,
            "created_time": "2025-01-09T01:03:46.052115Z",
            "yes_price": 30,
            "no_price": 70,
            "taker_side": "yes"
        },
        {
            "trade_id": "5a80829e-27df-4f99-b663-47e3cfaa1828",
            "ticker": "KXHIGHDEN-25JAN09-B28.5",
            "count": 3,
            "created_time": "2025-01-09T00:34:02.395684Z",
            "yes_price": 28,
            "no_price": 72,
            "taker_side": "yes"
        },
        {
            "trade_id": "ccf38b1b-0fb5-4782-9edf-efe32d87bb48",
            "ticker": "KXHIGHDEN-25JAN09-B28.5",
            "count": 17,
            "created_time": "2025-01-09T00:31:20.500199Z",
            "yes_price": 28,
            "no_price": 72,
            "taker_side": "yes"
        },
        {
            "trade_id": "d0392941-6e77-4ea9-8a40-19175f196285",
            "ticker": "KXHIGHDEN-25JAN09-B28.5",
            "count": 3,
            "created_time": "2025-01-09T00:14:14.507935Z",
            "yes_price": 21,
            "no_price": 79,
            "taker_side": "no"
        },
        {
            "trade_id": "6138a9ca-e79c-41c1-b98b-237f1eb645c5",
            "ticker": "KXHIGHDEN-25JAN09-B28.5",
            "count": 88,
            "created_time": "2025-01-09T00:06:58.650323Z",
            "yes_price": 25,
            "no_price": 75,
            "taker_side": "yes"
        },
        {
            "trade_id": "3fc90795-64cb-45b5-aebe-df18944e4149",
            "ticker": "KXHIGHDEN-25JAN09-B28.5",
            "count": 94,
            "created_time": "2025-01-08T23:54:23.713636Z",
            "yes_price": 24,
            "no_price": 76,
            "taker_side": "yes"
        },
        {
            "trade_id": "5d71a6e5-c485-4dc0-8d51-ec5e79faf1f9",
            "ticker": "KXHIGHDEN-25JAN09-B28.5",
            "count": 86,
            "created_time": "2025-01-08T23:27:23.106961Z",
            "yes_price": 22,
            "no_price": 78,
            "taker_side": "yes"
        },
        {
            "trade_id": "1fda67ff-eb13-4f3d-9fc8-8f0e200f9170",
            "ticker": "KXHIGHDEN-25JAN09-B28.5",
            "count": 4,
            "created_time": "2025-01-08T22:04:49.585662Z",
            "yes_price": 21,
            "no_price": 79,
            "taker_side": "yes"
        }
    ],
    "KXHIGHDEN-25JAN09-B30.5": [
        {
            "trade_id": "b2c041c9-701e-470f-8c1d-e401290120c2",
            "ticker": "KXHIGHDEN-25JAN09-B30.5",
            "count": 26,
            "created_time": "2025-01-10T04:48:15.794709Z",
            "yes_price": 99,
            "no_price": 1,
            "taker_side": "no"
        },
        {
            "trade_id": "71fce454-c515-4f04-b675-482390796d06",
            "ticker": "KXHIGHDEN-25JAN09-B30.5",
            "count": 7,
            "created_time": "2025-01-10T03:26:50.039324Z",
            "yes_price": 99,
            "no_price": 1,
            "taker_side": "no"
        },
        {
            "trade_id": "df9eab1c-8ec2-4ee8-9e1a-43e874318d8b",
            "ticker": "KXHIGHDEN-25JAN09-B30.5",
            "count": 72,
            "created_time": "2025-01-10T02:35:45.928483Z",
            "yes_price": 99,
            "no_price": 1,
            "taker_side": "no"
        },
        {
            "trade_id": "54ede7e6-0db1-4434-a36b-04e8fb45933a",
            "ticker": "KXHIGHDEN-25JAN09-B30.5",
            "count": 935,
            "created_time": "2025-01-10T01:51:16.433636Z",
            "yes_price": 99,
            "no_price": 1,
            "taker_side": "no"
        },
        {
            "trade_id": "00fa070a-cb3f-43f3-9a99-f9c837dc9eb9",
            "ticker": "KXHIGHDEN-25JAN09-B30.5",
            "count": 489,
            "created_time": "2025-01-10T01:22:11.651809Z",
            "yes_price": 99,
            "no_price": 1,
            "taker_side": "no"
        },
        {
            "trade_id": "da1972e1-df2b-49d8-9bba-06187844b103",
            "ticker": "KXHIGHDEN-25JAN09-B30.5",
            "count": 379,
            "created_time": "2025-01-10T01:01:26.214227Z",
            "yes_price": 99,
            "no_price": 1,
            "taker_side": "no"
        },
        {
            "trade_id": "7e222de3-371b-4c6c-b7dc-88808f1be0c8",
            "ticker": "KXHIGHDEN-25JAN09-B30.5",
            "count": 26,
            "created_time": "2025-01-10T00:47:47.360452Z",
            "yes_price": 99,
            "no_price": 1,
            "taker_side": "no"
        },
        {
            "trade_id": "e9010a46-d742-40d2-86f2-b1ca90a3e4a4",
            "ticker": "KXHIGHDEN-25JAN09-B30.5",
            "count": 116,
            "created_time": "2025-01-09T22:57:11.335155Z",
            "yes_price": 99,
            "no_price": 1,
            "taker_side": "no"
        },
        {
            "trade_id": "9429ab75-8664-48e0-90f1-1719c06dcaf7",
            "ticker": "KXHIGHDEN-25JAN09-B30.5",
            "count": 50,
            "created_time": "2025-01-09T22:53:22.81733Z",
            "yes_price": 99,
            "no_price": 1,
            "taker_side": "no"
        },
        {
            "trade_id": "e9e1a91e-a2ec-4d4e-b8e8-88a308e225ce",
            "ticker": "KXHIGHDEN-25JAN09-B30.5",
            "count": 32,
            "created_time": "2025-01-09T22:40:24.059548Z",
            "yes_price": 99,
            "no_price": 1,
            "taker_side": "no"
        },
        {
            "trade_id": "c44e1f87-e656-4eb5-9118-61bb35468729",
            "ticker": "KXHIGHDEN-25JAN09-B30.5",
            "count": 40,
            "created_time": "2025-01-09T22:40:23.047519Z",
            "yes_price": 99,
            "no_price": 1,
            "taker_side": "no"
        },
        {
            "trade_id": "ddb92fb3-4cf5-4304-abb2-b70491067cfe",
            "ticker": "KXHIGHDEN-25JAN09-B30.5",
            "count": 40,
            "created_time": "2025-01-09T22:40:22.052151Z",
            "yes_price": 99,
            "no_price": 1,
            "taker_side": "no"
        },
        {
            "trade_id": "ceb6ea14-ee5d-4b23-96af-3c9f7b4d4321",
            "ticker": "KXHIGHDEN-25JAN09-B30.5",
            "count": 80,
            "created_time": "2025-01-09T22:35:51.326286Z",
            "yes_price": 99,
            "no_price": 1,
            "taker_side": "yes"
        },
        {
            "trade_id": "4473f361-427d-4b19-bac3-082379cf70a0",
            "ticker": "KXHIGHDEN-25JAN09-B30.5",
            "count": 611,
            "created_time": "2025-01-09T22:35:51.326286Z",
            "yes_price": 99,
            "no_price": 1,
            "taker_side": "yes"
        },
        {
            "trade_id": "1a9b785d-a685-4c21-80e7-c0c4266126b9",
            "ticker": "KXHIGHDEN-25JAN09-B30.5",
            "count": 40,
            "created_time": "2025-01-09T22:35:51.326286Z",
            "yes_price": 99,
            "no_price": 1,
            "taker_side": "yes"
        },
        {
            "trade_id": "0c86e24b-3550-48d0-81ac-90f863e878cc",
            "ticker": "KXHIGHDEN-25JAN09-B30.5",
            "count": 237,
            "created_time": "2025-01-09T22:35:51.326286Z",
            "yes_price": 99,
            "no_price": 1,
            "taker_side": "yes"
        },
        {
            "trade_id": "0041f205-a67d-4fd2-948b-25155619dc9b",
            "ticker": "KXHIGHDEN-25JAN09-B30.5",
            "count": 1749,
            "created_time": "2025-01-09T22:35:51.326286Z",
            "yes_price": 99,
            "no_price": 1,
            "taker_side": "yes"
        },
        {
            "trade_id": "54fe957d-bd3b-44ca-860e-a45bd0efd316",
            "ticker": "KXHIGHDEN-25JAN09-B30.5",
            "count": 13,
            "created_time": "2025-01-09T22:25:33.356739Z",
            "yes_price": 98,
            "no_price": 2,
            "taker_side": "yes"
        },
        {
            "trade_id": "bdabc88f-e883-4ab9-8584-cac128aa30bf",
            "ticker": "KXHIGHDEN-25JAN09-B30.5",
            "count": 19,
            "created_time": "2025-01-09T22:23:49.820727Z",
            "yes_price": 97,
            "no_price": 3,
            "taker_side": "no"
        },
        {
            "trade_id": "fc81110a-66b6-42c6-8964-d6b7c7c37eb0",
            "ticker": "KXHIGHDEN-25JAN09-B30.5",
            "count": 40,
            "created_time": "2025-01-09T22:13:53.720659Z",
            "yes_price": 98,
            "no_price": 2,
            "taker_side": "yes"
        },
        {
            "trade_id": "f0c9317a-33e2-44ce-9ef4-e3ee1fdcbcfe",
            "ticker": "KXHIGHDEN-25JAN09-B30.5",
            "count": 100,
            "created_time": "2025-01-09T22:13:53.720659Z",
            "yes_price": 98,
            "no_price": 2,
            "taker_side": "yes"
        },
        {
            "trade_id": "ce71f61c-729c-4c51-9ce8-6f57ede776ce",
            "ticker": "KXHIGHDEN-25JAN09-B30.5",
            "count": 263,
            "created_time": "2025-01-09T22:13:53.720659Z",
            "yes_price": 99,
            "no_price": 1,
            "taker_side": "yes"
        },
        {
            "trade_id": "c087736a-816c-46bf-b413-73e9a3560e11",
            "ticker": "KXHIGHDEN-25JAN09-B30.5",
            "count": 23,
            "created_time": "2025-01-09T22:13:53.720659Z",
            "yes_price": 98,
            "no_price": 2,
            "taker_side": "yes"
        },
        {
            "trade_id": "1a92b8d2-0f72-49bb-b852-1600588231fd",
            "ticker": "KXHIGHDEN-25JAN09-B30.5",
            "count": 50,
            "created_time": "2025-01-09T22:13:53.720659Z",
            "yes_price": 98,
            "no_price": 2,
            "taker_side": "yes"
        },
        {
            "trade_id": "0b268c19-9c75-47e9-ba66-dbc8820f14df",
            "ticker": "KXHIGHDEN-25JAN09-B30.5",
            "count": 30,
            "created_time": "2025-01-09T22:13:53.720659Z",
            "yes_price": 98,
            "no_price": 2,
            "taker_side": "yes"
        },
        {
            "trade_id": "ec867037-6ab6-4d64-9b98-b42563ade304",
            "ticker": "KXHIGHDEN-25JAN09-B30.5",
            "count": 200,
            "created_time": "2025-01-09T22:05:06.575148Z",
            "yes_price": 96,
            "no_price": 4,
            "taker_side": "no"
        },
        {
            "trade_id": "e41d7b83-cef7-4ba9-b741-811d95b3e4e5",
            "ticker": "KXHIGHDEN-25JAN09-B30.5",
            "count": 50,
            "created_time": "2025-01-09T21:46:29.493816Z",
            "yes_price": 96,
            "no_price": 4,
            "taker_side": "no"
        },
        {
            "trade_id": "4653db97-6dec-479b-9374-3473c76c9e04",
            "ticker": "KXHIGHDEN-25JAN09-B30.5",
            "count": 2,
            "created_time": "2025-01-09T21:26:35.947771Z",
            "yes_price": 96,
            "no_price": 4,
            "taker_side": "no"
        },
        {
            "trade_id": "fa922627-cb44-4d80-987c-17b4285856e8",
            "ticker": "KXHIGHDEN-25JAN09-B30.5",
            "count": 514,
            "created_time": "2025-01-09T21:19:08.47018Z",
            "yes_price": 97,
            "no_price": 3,
            "taker_side": "yes"
        },
        {
            "trade_id": "f23f6240-bbf1-4bb9-b885-9bbf5011b703",
            "ticker": "KXHIGHDEN-25JAN09-B30.5",
            "count": 15,
            "created_time": "2025-01-09T21:15:19.193638Z",
            "yes_price": 96,
            "no_price": 4,
            "taker_side": "no"
        },
        {
            "trade_id": "4fa73107-9240-4e2e-b157-10fb68c8077b",
            "ticker": "KXHIGHDEN-25JAN09-B30.5",
            "count": 16,
            "created_time": "2025-01-09T21:10:15.524207Z",
            "yes_price": 96,
            "no_price": 4,
            "taker_side": "no"
        },
        {
            "trade_id": "71fd0e34-1e2c-46a2-8a40-760a7696ed7c",
            "ticker": "KXHIGHDEN-25JAN09-B30.5",
            "count": 17,
            "created_time": "2025-01-09T21:05:21.582625Z",
            "yes_price": 96,
            "no_price": 4,
            "taker_side": "no"
        },
        {
            "trade_id": "112f4dc6-7e14-4c4f-9693-c8c14a0eecaa",
            "ticker": "KXHIGHDEN-25JAN09-B30.5",
            "count": 17,
            "created_time": "2025-01-09T21:00:17.980042Z",
            "yes_price": 96,
            "no_price": 4,
            "taker_side": "no"
        },
        {
            "trade_id": "d467d495-4131-4c3f-812a-b633ba290b1a",
            "ticker": "KXHIGHDEN-25JAN09-B30.5",
            "count": 19,
            "created_time": "2025-01-09T20:59:24.144408Z",
            "yes_price": 96,
            "no_price": 4,
            "taker_side": "yes"
        },
        {
            "trade_id": "7532fbe2-98e0-4fb7-bfac-daaaece535e4",
            "ticker": "KXHIGHDEN-25JAN09-B30.5",
            "count": 28,
            "created_time": "2025-01-09T20:55:01.006069Z",
            "yes_price": 95,
            "no_price": 5,
            "taker_side": "no"
        },
        {
            "trade_id": "7fb5ed1c-df11-4ba1-ba40-c131f1b2a5ee",
            "ticker": "KXHIGHDEN-25JAN09-B30.5",
            "count": 15,
            "created_time": "2025-01-09T20:51:59.617743Z",
            "yes_price": 96,
            "no_price": 4,
            "taker_side": "yes"
        },
        {
            "trade_id": "721a76dd-e2bd-4a7d-b46f-0d201d8dc391",
            "ticker": "KXHIGHDEN-25JAN09-B30.5",
            "count": 133,
            "created_time": "2025-01-09T20:51:59.617743Z",
            "yes_price": 97,
            "no_price": 3,
            "taker_side": "yes"
        },
        {
            "trade_id": "322d0a28-978a-4f8b-994a-759e40cf698b",
            "ticker": "KXHIGHDEN-25JAN09-B30.5",
            "count": 57,
            "created_time": "2025-01-09T20:51:59.617743Z",
            "yes_price": 97,
            "no_price": 3,
            "taker_side": "yes"
        },
        {
            "trade_id": "13b64018-5009-4072-9b75-ae4ee2f0d7b6",
            "ticker": "KXHIGHDEN-25JAN09-B30.5",
            "count": 8,
            "created_time": "2025-01-09T20:51:24.530111Z",
            "yes_price": 96,
            "no_price": 4,
            "taker_side": "yes"
        },
        {
            "trade_id": "fee55f2b-adb7-4002-a8f1-7d4c071dac88",
            "ticker": "KXHIGHDEN-25JAN09-B30.5",
            "count": 10,
            "created_time": "2025-01-09T20:45:41.3727Z",
            "yes_price": 97,
            "no_price": 3,
            "taker_side": "yes"
        },
        {
            "trade_id": "682b0337-d87b-4465-baa9-24d1d14dcfee",
            "ticker": "KXHIGHDEN-25JAN09-B30.5",
            "count": 30,
            "created_time": "2025-01-09T20:45:41.3727Z",
            "yes_price": 96,
            "no_price": 4,
            "taker_side": "yes"
        },
        {
            "trade_id": "120de9c2-bdc8-4256-aa08-25df782277da",
            "ticker": "KXHIGHDEN-25JAN09-B30.5",
            "count": 63,
            "created_time": "2025-01-09T20:45:41.3727Z",
            "yes_price": 97,
            "no_price": 3,
            "taker_side": "yes"
        },
        {
            "trade_id": "95f11dd3-60f4-4ddb-87a1-4bec4e994282",
            "ticker": "KXHIGHDEN-25JAN09-B30.5",
            "count": 30,
            "created_time": "2025-01-09T20:42:11.832425Z",
            "yes_price": 97,
            "no_price": 3,
            "taker_side": "yes"
        },
        {
            "trade_id": "0d2a586c-0183-4280-8f9d-dd849f1ab759",
            "ticker": "KXHIGHDEN-25JAN09-B30.5",
            "count": 300,
            "created_time": "2025-01-09T20:37:33.933373Z",
            "yes_price": 95,
            "no_price": 5,
            "taker_side": "no"
        },
        {
            "trade_id": "f316d56c-d5a0-41b7-ad6e-bb4197b1b1a3",
            "ticker": "KXHIGHDEN-25JAN09-B30.5",
            "count": 50,
            "created_time": "2025-01-09T20:34:29.265688Z",
            "yes_price": 97,
            "no_price": 3,
            "taker_side": "yes"
        },
        {
            "trade_id": "ae46f430-1350-47fc-9436-f7bd312ef551",
            "ticker": "KXHIGHDEN-25JAN09-B30.5",
            "count": 70,
            "created_time": "2025-01-09T20:31:08.54105Z",
            "yes_price": 85,
            "no_price": 15,
            "taker_side": "yes"
        },
        {
            "trade_id": "e6517168-62f2-49e6-aebd-1a6cca6edfca",
            "ticker": "KXHIGHDEN-25JAN09-B30.5",
            "count": 144,
            "created_time": "2025-01-09T20:26:14.379636Z",
            "yes_price": 96,
            "no_price": 4,
            "taker_side": "yes"
        },
        {
            "trade_id": "df50d93b-5b20-4cf4-b197-6ec199c33453",
            "ticker": "KXHIGHDEN-25JAN09-B30.5",
            "count": 34,
            "created_time": "2025-01-09T20:26:06.40581Z",
            "yes_price": 94,
            "no_price": 6,
            "taker_side": "yes"
        },
        {
            "trade_id": "caba3d12-f7bf-4b99-8bad-a997ef1ab1e2",
            "ticker": "KXHIGHDEN-25JAN09-B30.5",
            "count": 271,
            "created_time": "2025-01-09T20:26:06.40581Z",
            "yes_price": 95,
            "no_price": 5,
            "taker_side": "yes"
        },
        {
            "trade_id": "bb92d805-5bdd-42bb-b287-dff87e5ea09f",
            "ticker": "KXHIGHDEN-25JAN09-B30.5",
            "count": 100,
            "created_time": "2025-01-09T20:21:18.271802Z",
            "yes_price": 95,
            "no_price": 5,
            "taker_side": "yes"
        },
        {
            "trade_id": "ad4fc577-1230-4dd2-ba05-3839f575dc41",
            "ticker": "KXHIGHDEN-25JAN09-B30.5",
            "count": 40,
            "created_time": "2025-01-09T20:21:18.271802Z",
            "yes_price": 95,
            "no_price": 5,
            "taker_side": "yes"
        },
        {
            "trade_id": "158bebf2-9a90-4b4a-8ea0-5f85a4d8eb4d",
            "ticker": "KXHIGHDEN-25JAN09-B30.5",
            "count": 100,
            "created_time": "2025-01-09T20:21:18.271802Z",
            "yes_price": 94,
            "no_price": 6,
            "taker_side": "yes"
        },
        {
            "trade_id": "6a65353c-19e9-4491-b28f-17738d0bc032",
            "ticker": "KXHIGHDEN-25JAN09-B30.5",
            "count": 33,
            "created_time": "2025-01-09T20:20:32.246531Z",
            "yes_price": 91,
            "no_price": 9,
            "taker_side": "yes"
        },
        {
            "trade_id": "bb769615-23e9-415a-92e1-215666706783",
            "ticker": "KXHIGHDEN-25JAN09-B30.5",
            "count": 3,
            "created_time": "2025-01-09T20:20:25.55966Z",
            "yes_price": 93,
            "no_price": 7,
            "taker_side": "no"
        },
        {
            "trade_id": "f61c17f5-7693-488f-b625-09fc54faaabc",
            "ticker": "KXHIGHDEN-25JAN09-B30.5",
            "count": 100,
            "created_time": "2025-01-09T20:20:13.601727Z",
            "yes_price": 93,
            "no_price": 7,
            "taker_side": "yes"
        },
        {
            "trade_id": "97d5d07a-91b1-4d42-bc5a-d76fe5395b20",
            "ticker": "KXHIGHDEN-25JAN09-B30.5",
            "count": 100,
            "created_time": "2025-01-09T20:20:13.601727Z",
            "yes_price": 92,
            "no_price": 8,
            "taker_side": "yes"
        },
        {
            "trade_id": "02a6e24b-6c43-417a-bfd7-6fd874592c82",
            "ticker": "KXHIGHDEN-25JAN09-B30.5",
            "count": 100,
            "created_time": "2025-01-09T20:20:13.601727Z",
            "yes_price": 92,
            "no_price": 8,
            "taker_side": "yes"
        },
        {
            "trade_id": "7fdbc526-c910-4311-9da7-01bbe44e5ded",
            "ticker": "KXHIGHDEN-25JAN09-B30.5",
            "count": 204,
            "created_time": "2025-01-09T20:20:09.446254Z",
            "yes_price": 91,
            "no_price": 9,
            "taker_side": "yes"
        },
        {
            "trade_id": "cc6aae48-84c5-4cda-9cb2-52de9d3c1ced",
            "ticker": "KXHIGHDEN-25JAN09-B30.5",
            "count": 34,
            "created_time": "2025-01-09T20:15:58.395869Z",
            "yes_price": 90,
            "no_price": 10,
            "taker_side": "yes"
        },
        {
            "trade_id": "0122eb68-3517-40cb-8310-76a4ea920d08",
            "ticker": "KXHIGHDEN-25JAN09-B30.5",
            "count": 64,
            "created_time": "2025-01-09T20:15:58.395869Z",
            "yes_price": 91,
            "no_price": 9,
            "taker_side": "yes"
        },
        {
            "trade_id": "fa82b6ff-9c2e-4860-bdaa-a868e757c9a0",
            "ticker": "KXHIGHDEN-25JAN09-B30.5",
            "count": 5,
            "created_time": "2025-01-09T20:06:30.416722Z",
            "yes_price": 84,
            "no_price": 16,
            "taker_side": "no"
        },
        {
            "trade_id": "0a1f4b4c-4fd5-47c3-8f85-1109c0a2336c",
            "ticker": "KXHIGHDEN-25JAN09-B30.5",
            "count": 8,
            "created_time": "2025-01-09T20:06:27.74172Z",
            "yes_price": 91,
            "no_price": 9,
            "taker_side": "yes"
        },
        {
            "trade_id": "e915fb1e-3ac1-4912-bf49-8fd39c1d408b",
            "ticker": "KXHIGHDEN-25JAN09-B30.5",
            "count": 180,
            "created_time": "2025-01-09T20:01:17.312532Z",
            "yes_price": 85,
            "no_price": 15,
            "taker_side": "yes"
        },
        {
            "trade_id": "1971036a-71e3-46ed-bf47-495b9ad494b4",
            "ticker": "KXHIGHDEN-25JAN09-B30.5",
            "count": 50,
            "created_time": "2025-01-09T20:01:16.551904Z",
            "yes_price": 85,
            "no_price": 15,
            "taker_side": "yes"
        },
        {
            "trade_id": "ebb63a7b-1345-4f23-bab1-c38a4eeebf1a",
            "ticker": "KXHIGHDEN-25JAN09-B30.5",
            "count": 50,
            "created_time": "2025-01-09T20:01:16.398701Z",
            "yes_price": 85,
            "no_price": 15,
            "taker_side": "yes"
        },
        {
            "trade_id": "e4f99e6b-128e-4fd2-a230-d007f61d7998",
            "ticker": "KXHIGHDEN-25JAN09-B30.5",
            "count": 102,
            "created_time": "2025-01-09T20:01:15.896711Z",
            "yes_price": 85,
            "no_price": 15,
            "taker_side": "no"
        },
        {
            "trade_id": "d5ef9dab-1571-4849-bd9a-58c26f8dceac",
            "ticker": "KXHIGHDEN-25JAN09-B30.5",
            "count": 18,
            "created_time": "2025-01-09T20:01:15.896711Z",
            "yes_price": 89,
            "no_price": 11,
            "taker_side": "no"
        },
        {
            "trade_id": "a13ed182-4897-4395-8b32-8cf1d5973adc",
            "ticker": "KXHIGHDEN-25JAN09-B30.5",
            "count": 100,
            "created_time": "2025-01-09T20:01:15.896711Z",
            "yes_price": 88,
            "no_price": 12,
            "taker_side": "no"
        },
        {
            "trade_id": "b5cc0037-1454-4677-b40b-6a48bb3be212",
            "ticker": "KXHIGHDEN-25JAN09-B30.5",
            "count": 1,
            "created_time": "2025-01-09T20:01:12.104638Z",
            "yes_price": 92,
            "no_price": 8,
            "taker_side": "yes"
        },
        {
            "trade_id": "5646a574-a113-4308-a7bc-8817c287d854",
            "ticker": "KXHIGHDEN-25JAN09-B30.5",
            "count": 182,
            "created_time": "2025-01-09T20:00:54.61905Z",
            "yes_price": 89,
            "no_price": 11,
            "taker_side": "no"
        },
        {
            "trade_id": "2dc2ec8a-0813-469c-b9fc-941e4e6f6f53",
            "ticker": "KXHIGHDEN-25JAN09-B30.5",
            "count": 47,
            "created_time": "2025-01-09T20:00:54.61905Z",
            "yes_price": 90,
            "no_price": 10,
            "taker_side": "no"
        },
        {
            "trade_id": "144fe246-3b35-4696-a2e1-bfa360fb70dc",
            "ticker": "KXHIGHDEN-25JAN09-B30.5",
            "count": 170,
            "created_time": "2025-01-09T20:00:07.826309Z",
            "yes_price": 90,
            "no_price": 10,
            "taker_side": "no"
        },
        {
            "trade_id": "02f70d52-f6f5-47cc-addf-858eec0b626f",
            "ticker": "KXHIGHDEN-25JAN09-B30.5",
            "count": 155,
            "created_time": "2025-01-09T20:00:07.826309Z",
            "yes_price": 90,
            "no_price": 10,
            "taker_side": "no"
        },
        {
            "trade_id": "273c0583-0b21-4f8b-8260-c654833dece1",
            "ticker": "KXHIGHDEN-25JAN09-B30.5",
            "count": 21,
            "created_time": "2025-01-09T19:58:41.967594Z",
            "yes_price": 93,
            "no_price": 7,
            "taker_side": "yes"
        },
        {
            "trade_id": "3d1d48c1-a4cb-4eab-aa4d-43d4cfc33fca",
            "ticker": "KXHIGHDEN-25JAN09-B30.5",
            "count": 6,
            "created_time": "2025-01-09T19:57:04.600474Z",
            "yes_price": 93,
            "no_price": 7,
            "taker_side": "yes"
        },
        {
            "trade_id": "d93d63b4-9241-427a-a5ef-57f9e25943d2",
            "ticker": "KXHIGHDEN-25JAN09-B30.5",
            "count": 30,
            "created_time": "2025-01-09T19:56:15.932399Z",
            "yes_price": 90,
            "no_price": 10,
            "taker_side": "no"
        },
        {
            "trade_id": "de6526f0-e3a3-482f-bbe3-6efa20731c73",
            "ticker": "KXHIGHDEN-25JAN09-B30.5",
            "count": 100,
            "created_time": "2025-01-09T19:54:46.705602Z",
            "yes_price": 91,
            "no_price": 9,
            "taker_side": "no"
        },
        {
            "trade_id": "c9e3cec5-032a-425d-9850-5a4ade2726bb",
            "ticker": "KXHIGHDEN-25JAN09-B30.5",
            "count": 40,
            "created_time": "2025-01-09T19:54:46.705602Z",
            "yes_price": 92,
            "no_price": 8,
            "taker_side": "no"
        },
        {
            "trade_id": "967c7371-9642-4c57-b03e-9637a25bb1d9",
            "ticker": "KXHIGHDEN-25JAN09-B30.5",
            "count": 46,
            "created_time": "2025-01-09T19:54:46.705602Z",
            "yes_price": 90,
            "no_price": 10,
            "taker_side": "no"
        },
        {
            "trade_id": "ba6f8b96-e981-4228-be0d-4dc285227a0d",
            "ticker": "KXHIGHDEN-25JAN09-B30.5",
            "count": 107,
            "created_time": "2025-01-09T19:53:43.007329Z",
            "yes_price": 93,
            "no_price": 7,
            "taker_side": "yes"
        },
        {
            "trade_id": "9b762539-2009-4925-833c-c4306ac48627",
            "ticker": "KXHIGHDEN-25JAN09-B30.5",
            "count": 6,
            "created_time": "2025-01-09T19:53:23.773368Z",
            "yes_price": 93,
            "no_price": 7,
            "taker_side": "yes"
        },
        {
            "trade_id": "005d94f0-9ade-4843-b2e3-74dc558ac2e7",
            "ticker": "KXHIGHDEN-25JAN09-B30.5",
            "count": 100,
            "created_time": "2025-01-09T19:53:09.765953Z",
            "yes_price": 93,
            "no_price": 7,
            "taker_side": "yes"
        },
        {
            "trade_id": "65ab30e7-ffe3-4832-97fb-3effc9fd7d4e",
            "ticker": "KXHIGHDEN-25JAN09-B30.5",
            "count": 37,
            "created_time": "2025-01-09T19:52:11.617001Z",
            "yes_price": 90,
            "no_price": 10,
            "taker_side": "yes"
        },
        {
            "trade_id": "26d19331-1ac5-400b-b0f4-b47459e23ee7",
            "ticker": "KXHIGHDEN-25JAN09-B30.5",
            "count": 225,
            "created_time": "2025-01-09T19:52:11.617001Z",
            "yes_price": 90,
            "no_price": 10,
            "taker_side": "yes"
        },
        {
            "trade_id": "3b7a6243-91a1-4db4-8b83-c2ec601b725f",
            "ticker": "KXHIGHDEN-25JAN09-B30.5",
            "count": 25,
            "created_time": "2025-01-09T19:50:06.619017Z",
            "yes_price": 90,
            "no_price": 10,
            "taker_side": "yes"
        },
        {
            "trade_id": "7b6e9339-8fe5-4120-8d08-3546f782a8cc",
            "ticker": "KXHIGHDEN-25JAN09-B30.5",
            "count": 48,
            "created_time": "2025-01-09T19:47:37.994794Z",
            "yes_price": 90,
            "no_price": 10,
            "taker_side": "yes"
        },
        {
            "trade_id": "26de90e3-3e8a-49e3-9dc7-6f6073c96f44",
            "ticker": "KXHIGHDEN-25JAN09-B30.5",
            "count": 40,
            "created_time": "2025-01-09T19:47:37.994794Z",
            "yes_price": 89,
            "no_price": 11,
            "taker_side": "yes"
        },
        {
            "trade_id": "9d71aacb-f404-4b21-99ed-97896c8535b7",
            "ticker": "KXHIGHDEN-25JAN09-B30.5",
            "count": 25,
            "created_time": "2025-01-09T19:46:31.227981Z",
            "yes_price": 85,
            "no_price": 15,
            "taker_side": "no"
        },
        {
            "trade_id": "9d8b1462-d4b6-4d3a-b869-23ff31e28746",
            "ticker": "KXHIGHDEN-25JAN09-B30.5",
            "count": 12,
            "created_time": "2025-01-09T19:40:43.947495Z",
            "yes_price": 90,
            "no_price": 10,
            "taker_side": "yes"
        },
        {
            "trade_id": "fbc756d0-afe2-4f69-a9ce-34590e9c168a",
            "ticker": "KXHIGHDEN-25JAN09-B30.5",
            "count": 458,
            "created_time": "2025-01-09T19:34:53.424158Z",
            "yes_price": 90,
            "no_price": 10,
            "taker_side": "yes"
        },
        {
            "trade_id": "af6906d6-5664-4b06-835c-430b8ca4c0c9",
            "ticker": "KXHIGHDEN-25JAN09-B30.5",
            "count": 14,
            "created_time": "2025-01-09T19:34:53.424158Z",
            "yes_price": 91,
            "no_price": 9,
            "taker_side": "yes"
        },
        {
            "trade_id": "3af8dba4-c491-4e8e-91a1-8255621d51d4",
            "ticker": "KXHIGHDEN-25JAN09-B30.5",
            "count": 40,
            "created_time": "2025-01-09T19:34:53.424158Z",
            "yes_price": 89,
            "no_price": 11,
            "taker_side": "yes"
        },
        {
            "trade_id": "146acb81-5866-498c-8a91-92ec4d13478c",
            "ticker": "KXHIGHDEN-25JAN09-B30.5",
            "count": 40,
            "created_time": "2025-01-09T19:34:53.424158Z",
            "yes_price": 88,
            "no_price": 12,
            "taker_side": "yes"
        },
        {
            "trade_id": "f49cbd5b-126a-417f-899b-f3d1228c3a7a",
            "ticker": "KXHIGHDEN-25JAN09-B30.5",
            "count": 29,
            "created_time": "2025-01-09T19:27:35.65318Z",
            "yes_price": 89,
            "no_price": 11,
            "taker_side": "yes"
        },
        {
            "trade_id": "4ed5eb2a-f655-4b4d-9e21-fce96891713a",
            "ticker": "KXHIGHDEN-25JAN09-B30.5",
            "count": 40,
            "created_time": "2025-01-09T19:27:35.65318Z",
            "yes_price": 87,
            "no_price": 13,
            "taker_side": "yes"
        },
        {
            "trade_id": "3c3f9d1f-5aeb-41af-8baa-31513e0a15de",
            "ticker": "KXHIGHDEN-25JAN09-B30.5",
            "count": 42,
            "created_time": "2025-01-09T19:27:35.65318Z",
            "yes_price": 90,
            "no_price": 10,
            "taker_side": "yes"
        },
        {
            "trade_id": "b774cfbc-561f-4b42-9cfa-bd292667604c",
            "ticker": "KXHIGHDEN-25JAN09-B30.5",
            "count": 7,
            "created_time": "2025-01-09T19:23:02.452198Z",
            "yes_price": 89,
            "no_price": 11,
            "taker_side": "yes"
        },
        {
            "trade_id": "ec26828d-d279-4eb1-828b-e3f785e1b3f9",
            "ticker": "KXHIGHDEN-25JAN09-B30.5",
            "count": 40,
            "created_time": "2025-01-09T19:22:51.631452Z",
            "yes_price": 87,
            "no_price": 13,
            "taker_side": "yes"
        },
        {
            "trade_id": "e0c6c30a-b9b9-4dbf-8019-952d17782b2f",
            "ticker": "KXHIGHDEN-25JAN09-B30.5",
            "count": 26,
            "created_time": "2025-01-09T19:22:51.631452Z",
            "yes_price": 85,
            "no_price": 15,
            "taker_side": "yes"
        },
        {
            "trade_id": "344b1a66-ee2f-4f44-84ab-19bba935ebec",
            "ticker": "KXHIGHDEN-25JAN09-B30.5",
            "count": 40,
            "created_time": "2025-01-09T19:22:51.631452Z",
            "yes_price": 86,
            "no_price": 14,
            "taker_side": "yes"
        },
        {
            "trade_id": "1d758c3d-3754-4884-a15a-90cca9bd1280",
            "ticker": "KXHIGHDEN-25JAN09-B30.5",
            "count": 4,
            "created_time": "2025-01-09T19:22:51.631452Z",
            "yes_price": 89,
            "no_price": 11,
            "taker_side": "yes"
        },
        {
            "trade_id": "106d2196-4bf3-438b-a00c-7b1ef27a201d",
            "ticker": "KXHIGHDEN-25JAN09-B30.5",
            "count": 30,
            "created_time": "2025-01-09T19:18:46.502109Z",
            "yes_price": 84,
            "no_price": 16,
            "taker_side": "yes"
        },
        {
            "trade_id": "d881dc4e-4ff0-4a20-ba8b-612a7a07d5bb",
            "ticker": "KXHIGHDEN-25JAN09-B30.5",
            "count": 199,
            "created_time": "2025-01-09T19:14:38.316641Z",
            "yes_price": 80,
            "no_price": 20,
            "taker_side": "yes"
        },
        {
            "trade_id": "bcba6e9c-9040-4be2-ab26-e4b831300c0b",
            "ticker": "KXHIGHDEN-25JAN09-B30.5",
            "count": 51,
            "created_time": "2025-01-09T19:14:38.316641Z",
            "yes_price": 80,
            "no_price": 20,
            "taker_side": "yes"
        },
        {
            "trade_id": "a42efb4c-a94c-4200-932a-24dbb03b2607",
            "ticker": "KXHIGHDEN-25JAN09-B30.5",
            "count": 22,
            "created_time": "2025-01-09T19:09:56.047845Z",
            "yes_price": 80,
            "no_price": 20,
            "taker_side": "yes"
        },
        {
            "trade_id": "768c5760-2b41-4f51-810a-124307097b44",
            "ticker": "KXHIGHDEN-25JAN09-B30.5",
            "count": 40,
            "created_time": "2025-01-09T19:09:56.047845Z",
            "yes_price": 79,
            "no_price": 21,
            "taker_side": "yes"
        },
        {
            "trade_id": "6e56e0ec-e7de-40c4-95ef-d22fd7d0ad1b",
            "ticker": "KXHIGHDEN-25JAN09-B30.5",
            "count": 200,
            "created_time": "2025-01-09T19:09:56.047845Z",
            "yes_price": 79,
            "no_price": 21,
            "taker_side": "yes"
        },
        {
            "trade_id": "373bd5e8-525d-40ae-bdd5-839a2d2f47e9",
            "ticker": "KXHIGHDEN-25JAN09-B30.5",
            "count": 338,
            "created_time": "2025-01-09T19:09:56.047845Z",
            "yes_price": 80,
            "no_price": 20,
            "taker_side": "yes"
        },
        {
            "trade_id": "e853d3db-7889-4fd7-ab0d-30d348f2d31c",
            "ticker": "KXHIGHDEN-25JAN09-B30.5",
            "count": 5,
            "created_time": "2025-01-09T19:03:44.247305Z",
            "yes_price": 80,
            "no_price": 20,
            "taker_side": "yes"
        },
        {
            "trade_id": "c434ddd3-fc4f-49de-9bd6-c9c1523ff5fe",
            "ticker": "KXHIGHDEN-25JAN09-B30.5",
            "count": 30,
            "created_time": "2025-01-09T18:59:31.55381Z",
            "yes_price": 80,
            "no_price": 20,
            "taker_side": "yes"
        },
        {
            "trade_id": "9efab5c5-2347-4903-89a4-7ad18cbb05c2",
            "ticker": "KXHIGHDEN-25JAN09-B30.5",
            "count": 101,
            "created_time": "2025-01-09T18:59:00.010194Z",
            "yes_price": 79,
            "no_price": 21,
            "taker_side": "yes"
        },
        {
            "trade_id": "8cc940f7-0d62-417d-958d-d42098eac707",
            "ticker": "KXHIGHDEN-25JAN09-B30.5",
            "count": 40,
            "created_time": "2025-01-09T18:59:00.010194Z",
            "yes_price": 79,
            "no_price": 21,
            "taker_side": "yes"
        },
        {
            "trade_id": "2d665a8f-dfdc-4a85-b34b-c58b79f701bd",
            "ticker": "KXHIGHDEN-25JAN09-B30.5",
            "count": 106,
            "created_time": "2025-01-09T18:59:00.010194Z",
            "yes_price": 80,
            "no_price": 20,
            "taker_side": "yes"
        },
        {
            "trade_id": "d79f82e3-7303-4081-9afe-e83e11fabc4f",
            "ticker": "KXHIGHDEN-25JAN09-B30.5",
            "count": 40,
            "created_time": "2025-01-09T18:47:04.988112Z",
            "yes_price": 76,
            "no_price": 24,
            "taker_side": "yes"
        },
        {
            "trade_id": "504554a7-4b31-495f-92b1-81eaaedf0e56",
            "ticker": "KXHIGHDEN-25JAN09-B30.5",
            "count": 101,
            "created_time": "2025-01-09T18:47:04.988112Z",
            "yes_price": 77,
            "no_price": 23,
            "taker_side": "yes"
        },
        {
            "trade_id": "364f69d8-e55d-4d4f-8b5e-3e2a488e339f",
            "ticker": "KXHIGHDEN-25JAN09-B30.5",
            "count": 50,
            "created_time": "2025-01-09T18:47:04.988112Z",
            "yes_price": 79,
            "no_price": 21,
            "taker_side": "yes"
        },
        {
            "trade_id": "2acb5cdf-54a2-4401-85e7-200bf737f68f",
            "ticker": "KXHIGHDEN-25JAN09-B30.5",
            "count": 200,
            "created_time": "2025-01-09T18:47:04.988112Z",
            "yes_price": 77,
            "no_price": 23,
            "taker_side": "yes"
        },
        {
            "trade_id": "27cd2385-3887-4ae4-b6b4-f4f767e4c090",
            "ticker": "KXHIGHDEN-25JAN09-B30.5",
            "count": 188,
            "created_time": "2025-01-09T18:47:04.988112Z",
            "yes_price": 78,
            "no_price": 22,
            "taker_side": "yes"
        },
        {
            "trade_id": "091603a7-a450-451d-997f-e866e500dc9f",
            "ticker": "KXHIGHDEN-25JAN09-B30.5",
            "count": 21,
            "created_time": "2025-01-09T18:47:04.988112Z",
            "yes_price": 80,
            "no_price": 20,
            "taker_side": "yes"
        },
        {
            "trade_id": "47f3f19a-b88d-4f8d-9c21-1ab8f261cc65",
            "ticker": "KXHIGHDEN-25JAN09-B30.5",
            "count": 10,
            "created_time": "2025-01-09T18:32:55.742895Z",
            "yes_price": 63,
            "no_price": 37,
            "taker_side": "no"
        },
        {
            "trade_id": "d1462a23-52b3-44e6-a5e6-dcd43b10c54a",
            "ticker": "KXHIGHDEN-25JAN09-B30.5",
            "count": 1,
            "created_time": "2025-01-09T18:32:25.300702Z",
            "yes_price": 76,
            "no_price": 24,
            "taker_side": "yes"
        },
        {
            "trade_id": "01baf36e-a6c4-4b67-9045-55433a037c30",
            "ticker": "KXHIGHDEN-25JAN09-B30.5",
            "count": 5,
            "created_time": "2025-01-09T18:31:12.441882Z",
            "yes_price": 63,
            "no_price": 37,
            "taker_side": "no"
        },
        {
            "trade_id": "7e55f15a-2afc-470b-82ef-ad61a8035eb4",
            "ticker": "KXHIGHDEN-25JAN09-B30.5",
            "count": 3,
            "created_time": "2025-01-09T18:23:36.217805Z",
            "yes_price": 77,
            "no_price": 23,
            "taker_side": "yes"
        },
        {
            "trade_id": "6f84ec56-a037-4ef1-af18-0ee9f36b008d",
            "ticker": "KXHIGHDEN-25JAN09-B30.5",
            "count": 7,
            "created_time": "2025-01-09T18:23:36.217805Z",
            "yes_price": 77,
            "no_price": 23,
            "taker_side": "yes"
        },
        {
            "trade_id": "4a961538-8080-4f89-8ddc-b8d6f25b1852",
            "ticker": "KXHIGHDEN-25JAN09-B30.5",
            "count": 40,
            "created_time": "2025-01-09T18:23:36.217805Z",
            "yes_price": 76,
            "no_price": 24,
            "taker_side": "yes"
        },
        {
            "trade_id": "83ade3cc-51ae-4d3b-92be-ab79941e3746",
            "ticker": "KXHIGHDEN-25JAN09-B30.5",
            "count": 11,
            "created_time": "2025-01-09T18:17:20.773339Z",
            "yes_price": 58,
            "no_price": 42,
            "taker_side": "no"
        },
        {
            "trade_id": "9c1d82c7-4b8d-4913-943c-e6e9ffbc2630",
            "ticker": "KXHIGHDEN-25JAN09-B30.5",
            "count": 6,
            "created_time": "2025-01-09T18:15:31.817901Z",
            "yes_price": 78,
            "no_price": 22,
            "taker_side": "yes"
        },
        {
            "trade_id": "8951f47b-94ba-44e5-842a-51183d32b6b1",
            "ticker": "KXHIGHDEN-25JAN09-B30.5",
            "count": 19,
            "created_time": "2025-01-09T18:14:15.355835Z",
            "yes_price": 55,
            "no_price": 45,
            "taker_side": "no"
        },
        {
            "trade_id": "61c704bf-2e10-48ac-b72a-f9f7b61a55e5",
            "ticker": "KXHIGHDEN-25JAN09-B30.5",
            "count": 146,
            "created_time": "2025-01-09T18:14:15.355835Z",
            "yes_price": 56,
            "no_price": 44,
            "taker_side": "no"
        },
        {
            "trade_id": "a5305a15-c1c9-4385-b3a8-817b54d127fd",
            "ticker": "KXHIGHDEN-25JAN09-B30.5",
            "count": 1,
            "created_time": "2025-01-09T18:08:12.425387Z",
            "yes_price": 46,
            "no_price": 54,
            "taker_side": "no"
        },
        {
            "trade_id": "c2e12de0-72b9-4e6b-a297-7cf316f757b6",
            "ticker": "KXHIGHDEN-25JAN09-B30.5",
            "count": 155,
            "created_time": "2025-01-09T18:07:16.239038Z",
            "yes_price": 54,
            "no_price": 46,
            "taker_side": "no"
        },
        {
            "trade_id": "4240bca6-1a54-475e-a976-d5cd8cfdbdcf",
            "ticker": "KXHIGHDEN-25JAN09-B30.5",
            "count": 40,
            "created_time": "2025-01-09T18:07:16.239038Z",
            "yes_price": 53,
            "no_price": 47,
            "taker_side": "no"
        },
        {
            "trade_id": "28661ca6-9772-4835-a878-462c2fa5e746",
            "ticker": "KXHIGHDEN-25JAN09-B30.5",
            "count": 53,
            "created_time": "2025-01-09T18:07:16.239038Z",
            "yes_price": 51,
            "no_price": 49,
            "taker_side": "no"
        },
        {
            "trade_id": "252f91ef-2df7-4d81-ac85-1dae85fba089",
            "ticker": "KXHIGHDEN-25JAN09-B30.5",
            "count": 40,
            "created_time": "2025-01-09T18:07:16.239038Z",
            "yes_price": 53,
            "no_price": 47,
            "taker_side": "no"
        },
        {
            "trade_id": "dd8a3754-90d7-4785-80b8-9188a958c522",
            "ticker": "KXHIGHDEN-25JAN09-B30.5",
            "count": 10,
            "created_time": "2025-01-09T18:06:52.446971Z",
            "yes_price": 80,
            "no_price": 20,
            "taker_side": "yes"
        },
        {
            "trade_id": "c2eebdfe-aadb-4390-9703-672b9e4ceea1",
            "ticker": "KXHIGHDEN-25JAN09-B30.5",
            "count": 19,
            "created_time": "2025-01-09T18:06:52.446971Z",
            "yes_price": 79,
            "no_price": 21,
            "taker_side": "yes"
        },
        {
            "trade_id": "a4d13945-2efc-4564-b264-38a5a6097601",
            "ticker": "KXHIGHDEN-25JAN09-B30.5",
            "count": 455,
            "created_time": "2025-01-09T18:06:52.446971Z",
            "yes_price": 80,
            "no_price": 20,
            "taker_side": "yes"
        },
        {
            "trade_id": "c6a321fb-080d-4933-9245-f4d8a6374992",
            "ticker": "KXHIGHDEN-25JAN09-B30.5",
            "count": 21,
            "created_time": "2025-01-09T18:05:21.797043Z",
            "yes_price": 79,
            "no_price": 21,
            "taker_side": "yes"
        },
        {
            "trade_id": "bf0afd79-3aed-466f-b985-03a278d171db",
            "ticker": "KXHIGHDEN-25JAN09-B30.5",
            "count": 45,
            "created_time": "2025-01-09T18:04:44.193303Z",
            "yes_price": 80,
            "no_price": 20,
            "taker_side": "yes"
        },
        {
            "trade_id": "9c5644d7-daab-416b-86c1-e925f7c43a5c",
            "ticker": "KXHIGHDEN-25JAN09-B30.5",
            "count": 40,
            "created_time": "2025-01-09T18:04:44.193303Z",
            "yes_price": 79,
            "no_price": 21,
            "taker_side": "yes"
        },
        {
            "trade_id": "5ca721ad-697b-4015-825f-0e705a85fe56",
            "ticker": "KXHIGHDEN-25JAN09-B30.5",
            "count": 101,
            "created_time": "2025-01-09T18:04:44.193303Z",
            "yes_price": 79,
            "no_price": 21,
            "taker_side": "yes"
        },
        {
            "trade_id": "b4c42f68-0544-4018-aaaa-04c9470c45af",
            "ticker": "KXHIGHDEN-25JAN09-B30.5",
            "count": 1,
            "created_time": "2025-01-09T18:04:18.122436Z",
            "yes_price": 79,
            "no_price": 21,
            "taker_side": "yes"
        },
        {
            "trade_id": "44c25c3b-fc4d-4126-b6a7-bfa67a2de8a4",
            "ticker": "KXHIGHDEN-25JAN09-B30.5",
            "count": 12,
            "created_time": "2025-01-09T17:48:45.387095Z",
            "yes_price": 78,
            "no_price": 22,
            "taker_side": "yes"
        },
        {
            "trade_id": "d646b778-952e-4ac1-9037-7f6744d7fb35",
            "ticker": "KXHIGHDEN-25JAN09-B30.5",
            "count": 107,
            "created_time": "2025-01-09T17:47:51.896099Z",
            "yes_price": 78,
            "no_price": 22,
            "taker_side": "yes"
        },
        {
            "trade_id": "8ee8d688-56d8-40da-abfa-2afb566f7622",
            "ticker": "KXHIGHDEN-25JAN09-B30.5",
            "count": 19,
            "created_time": "2025-01-09T17:47:51.896099Z",
            "yes_price": 78,
            "no_price": 22,
            "taker_side": "yes"
        },
        {
            "trade_id": "cda906d9-4a74-4524-b075-289cd5b7025c",
            "ticker": "KXHIGHDEN-25JAN09-B30.5",
            "count": 1,
            "created_time": "2025-01-09T17:46:42.96515Z",
            "yes_price": 49,
            "no_price": 51,
            "taker_side": "no"
        },
        {
            "trade_id": "b4463160-77c8-40cd-b908-0594c37455d4",
            "ticker": "KXHIGHDEN-25JAN09-B30.5",
            "count": 40,
            "created_time": "2025-01-09T17:41:34.119451Z",
            "yes_price": 78,
            "no_price": 22,
            "taker_side": "yes"
        },
        {
            "trade_id": "1c14705a-a92a-4135-916e-1b6fb13afe48",
            "ticker": "KXHIGHDEN-25JAN09-B30.5",
            "count": 10,
            "created_time": "2025-01-09T17:41:34.119451Z",
            "yes_price": 79,
            "no_price": 21,
            "taker_side": "yes"
        },
        {
            "trade_id": "1950e798-ce48-4783-b01c-27ed8123c727",
            "ticker": "KXHIGHDEN-25JAN09-B30.5",
            "count": 50,
            "created_time": "2025-01-09T17:41:34.119451Z",
            "yes_price": 78,
            "no_price": 22,
            "taker_side": "yes"
        },
        {
            "trade_id": "da9a9d9c-bb80-4410-a163-0f2b6e29ee2a",
            "ticker": "KXHIGHDEN-25JAN09-B30.5",
            "count": 100,
            "created_time": "2025-01-09T17:33:39.890349Z",
            "yes_price": 65,
            "no_price": 35,
            "taker_side": "no"
        },
        {
            "trade_id": "3e0e9433-3b82-4651-b413-91e3bcdf7d7b",
            "ticker": "KXHIGHDEN-25JAN09-B30.5",
            "count": 112,
            "created_time": "2025-01-09T17:33:39.890349Z",
            "yes_price": 66,
            "no_price": 34,
            "taker_side": "no"
        },
        {
            "trade_id": "f650efaf-4bce-47fa-8daf-4e307b9e0556",
            "ticker": "KXHIGHDEN-25JAN09-B30.5",
            "count": 102,
            "created_time": "2025-01-09T17:31:12.514546Z",
            "yes_price": 72,
            "no_price": 28,
            "taker_side": "no"
        },
        {
            "trade_id": "becf492b-d33b-48c6-bd25-2129ecdcc5a6",
            "ticker": "KXHIGHDEN-25JAN09-B30.5",
            "count": 98,
            "created_time": "2025-01-09T17:31:12.514546Z",
            "yes_price": 72,
            "no_price": 28,
            "taker_side": "no"
        },
        {
            "trade_id": "7ea40ebe-0954-400a-b356-8bc80f0985dd",
            "ticker": "KXHIGHDEN-25JAN09-B30.5",
            "count": 1,
            "created_time": "2025-01-09T17:31:12.514546Z",
            "yes_price": 70,
            "no_price": 30,
            "taker_side": "no"
        },
        {
            "trade_id": "3bb7f42d-7825-417b-b65d-67c26be17768",
            "ticker": "KXHIGHDEN-25JAN09-B30.5",
            "count": 33,
            "created_time": "2025-01-09T17:31:12.514546Z",
            "yes_price": 73,
            "no_price": 27,
            "taker_side": "no"
        },
        {
            "trade_id": "9618a079-0953-407d-bb47-32d53f66ac6b",
            "ticker": "KXHIGHDEN-25JAN09-B30.5",
            "count": 15,
            "created_time": "2025-01-09T17:29:14.232516Z",
            "yes_price": 79,
            "no_price": 21,
            "taker_side": "yes"
        },
        {
            "trade_id": "fb0bcb9e-3f63-4123-818d-370dc23b0500",
            "ticker": "KXHIGHDEN-25JAN09-B30.5",
            "count": 40,
            "created_time": "2025-01-09T17:29:05.940292Z",
            "yes_price": 79,
            "no_price": 21,
            "taker_side": "yes"
        },
        {
            "trade_id": "a8dee3d7-9884-4345-b2a3-4310bfc7ba9e",
            "ticker": "KXHIGHDEN-25JAN09-B30.5",
            "count": 200,
            "created_time": "2025-01-09T17:28:58.73984Z",
            "yes_price": 79,
            "no_price": 21,
            "taker_side": "yes"
        },
        {
            "trade_id": "f5adb6e2-4ba8-41b5-a347-5fa41a852ea9",
            "ticker": "KXHIGHDEN-25JAN09-B30.5",
            "count": 50,
            "created_time": "2025-01-09T17:28:52.908153Z",
            "yes_price": 78,
            "no_price": 22,
            "taker_side": "yes"
        },
        {
            "trade_id": "ede23b81-06b6-4d5c-96b6-e1b634b65578",
            "ticker": "KXHIGHDEN-25JAN09-B30.5",
            "count": 147,
            "created_time": "2025-01-09T17:28:52.908153Z",
            "yes_price": 79,
            "no_price": 21,
            "taker_side": "yes"
        },
        {
            "trade_id": "c800513c-2ba6-45ec-9369-90e985632ebf",
            "ticker": "KXHIGHDEN-25JAN09-B30.5",
            "count": 3,
            "created_time": "2025-01-09T17:28:52.908153Z",
            "yes_price": 78,
            "no_price": 22,
            "taker_side": "yes"
        },
        {
            "trade_id": "167f4e74-b01c-4640-9cc9-cf6c4dcd667a",
            "ticker": "KXHIGHDEN-25JAN09-B30.5",
            "count": 2,
            "created_time": "2025-01-09T17:28:45.176441Z",
            "yes_price": 78,
            "no_price": 22,
            "taker_side": "yes"
        },
        {
            "trade_id": "cf443ceb-82ef-462c-a4a0-7d741b7fb9d8",
            "ticker": "KXHIGHDEN-25JAN09-B30.5",
            "count": 3,
            "created_time": "2025-01-09T17:24:47.530591Z",
            "yes_price": 77,
            "no_price": 23,
            "taker_side": "yes"
        },
        {
            "trade_id": "a11b20a2-0bbd-43d6-8126-19ffff818f1e",
            "ticker": "KXHIGHDEN-25JAN09-B30.5",
            "count": 1,
            "created_time": "2025-01-09T17:24:47.530591Z",
            "yes_price": 77,
            "no_price": 23,
            "taker_side": "yes"
        },
        {
            "trade_id": "81c19b4f-8a93-4d4a-9915-84aa915f47ca",
            "ticker": "KXHIGHDEN-25JAN09-B30.5",
            "count": 35,
            "created_time": "2025-01-09T17:24:37.311079Z",
            "yes_price": 78,
            "no_price": 22,
            "taker_side": "yes"
        },
        {
            "trade_id": "7e2722ce-1030-4487-a229-f2e4164fe2df",
            "ticker": "KXHIGHDEN-25JAN09-B30.5",
            "count": 30,
            "created_time": "2025-01-09T17:11:59.162741Z",
            "yes_price": 76,
            "no_price": 24,
            "taker_side": "no"
        },
        {
            "trade_id": "844c4341-95b5-4aad-b22f-9d48b41faa52",
            "ticker": "KXHIGHDEN-25JAN09-B30.5",
            "count": 112,
            "created_time": "2025-01-09T17:11:15.910324Z",
            "yes_price": 73,
            "no_price": 27,
            "taker_side": "no"
        },
        {
            "trade_id": "e772afca-5134-4084-adf7-2543ca73f083",
            "ticker": "KXHIGHDEN-25JAN09-B30.5",
            "count": 39,
            "created_time": "2025-01-09T17:11:06.29623Z",
            "yes_price": 75,
            "no_price": 25,
            "taker_side": "no"
        },
        {
            "trade_id": "b85b33a7-8bae-464c-9bd6-782f1a398172",
            "ticker": "KXHIGHDEN-25JAN09-B30.5",
            "count": 30,
            "created_time": "2025-01-09T17:08:00.768799Z",
            "yes_price": 80,
            "no_price": 20,
            "taker_side": "no"
        },
        {
            "trade_id": "79e1505e-04a1-4884-a490-c85f5fb59cd9",
            "ticker": "KXHIGHDEN-25JAN09-B30.5",
            "count": 11,
            "created_time": "2025-01-09T17:05:07.119746Z",
            "yes_price": 84,
            "no_price": 16,
            "taker_side": "yes"
        },
        {
            "trade_id": "d615544a-8374-4124-bfd6-776109833fc6",
            "ticker": "KXHIGHDEN-25JAN09-B30.5",
            "count": 110,
            "created_time": "2025-01-09T17:02:21.30303Z",
            "yes_price": 82,
            "no_price": 18,
            "taker_side": "yes"
        },
        {
            "trade_id": "99bafb55-e40b-47b0-8512-1949b4fa31fe",
            "ticker": "KXHIGHDEN-25JAN09-B30.5",
            "count": 42,
            "created_time": "2025-01-09T17:02:21.30303Z",
            "yes_price": 84,
            "no_price": 16,
            "taker_side": "yes"
        },
        {
            "trade_id": "868b8e80-afcd-462e-9da3-3eb06565f94f",
            "ticker": "KXHIGHDEN-25JAN09-B30.5",
            "count": 40,
            "created_time": "2025-01-09T17:02:21.30303Z",
            "yes_price": 79,
            "no_price": 21,
            "taker_side": "yes"
        },
        {
            "trade_id": "8445e21f-0c3e-4d06-8e31-e2f47f328882",
            "ticker": "KXHIGHDEN-25JAN09-B30.5",
            "count": 40,
            "created_time": "2025-01-09T17:02:21.30303Z",
            "yes_price": 79,
            "no_price": 21,
            "taker_side": "yes"
        },
        {
            "trade_id": "313a358f-bb0c-4131-9cda-d6faffe0ed00",
            "ticker": "KXHIGHDEN-25JAN09-B30.5",
            "count": 100,
            "created_time": "2025-01-09T17:02:21.30303Z",
            "yes_price": 79,
            "no_price": 21,
            "taker_side": "yes"
        },
        {
            "trade_id": "0a136fb3-e7f4-4f69-b5f5-e280aa98ffab",
            "ticker": "KXHIGHDEN-25JAN09-B30.5",
            "count": 156,
            "created_time": "2025-01-09T17:02:21.30303Z",
            "yes_price": 83,
            "no_price": 17,
            "taker_side": "yes"
        },
        {
            "trade_id": "cfbf95ef-a5ff-4ca1-a90f-bfaf1f2f6bdf",
            "ticker": "KXHIGHDEN-25JAN09-B30.5",
            "count": 4,
            "created_time": "2025-01-09T17:01:25.543993Z",
            "yes_price": 78,
            "no_price": 22,
            "taker_side": "yes"
        },
        {
            "trade_id": "2d80135b-31c0-4c9a-9091-3263909f2a0a",
            "ticker": "KXHIGHDEN-25JAN09-B30.5",
            "count": 50,
            "created_time": "2025-01-09T17:01:25.543993Z",
            "yes_price": 78,
            "no_price": 22,
            "taker_side": "yes"
        },
        {
            "trade_id": "53e44fb6-47aa-4c9e-854a-cacad27e452b",
            "ticker": "KXHIGHDEN-25JAN09-B30.5",
            "count": 1,
            "created_time": "2025-01-09T17:00:57.67951Z",
            "yes_price": 73,
            "no_price": 27,
            "taker_side": "no"
        },
        {
            "trade_id": "a08fb5fc-0895-4885-b0f4-ed1cda8952f7",
            "ticker": "KXHIGHDEN-25JAN09-B30.5",
            "count": 47,
            "created_time": "2025-01-09T16:56:39.174433Z",
            "yes_price": 78,
            "no_price": 22,
            "taker_side": "yes"
        },
        {
            "trade_id": "918a35bc-322a-4b55-aca7-aac32f578425",
            "ticker": "KXHIGHDEN-25JAN09-B30.5",
            "count": 1,
            "created_time": "2025-01-09T16:56:39.174433Z",
            "yes_price": 78,
            "no_price": 22,
            "taker_side": "yes"
        },
        {
            "trade_id": "b7ecd81d-b409-4e03-8e0b-7bbe24382c93",
            "ticker": "KXHIGHDEN-25JAN09-B30.5",
            "count": 1,
            "created_time": "2025-01-09T16:56:27.884644Z",
            "yes_price": 72,
            "no_price": 28,
            "taker_side": "no"
        },
        {
            "trade_id": "5a2b4bc6-5a17-44c9-8c51-c14ae5b2606b",
            "ticker": "KXHIGHDEN-25JAN09-B30.5",
            "count": 2,
            "created_time": "2025-01-09T16:55:42.636545Z",
            "yes_price": 77,
            "no_price": 23,
            "taker_side": "yes"
        },
        {
            "trade_id": "4bfab819-7c1a-48ac-b6b3-c350d384ae89",
            "ticker": "KXHIGHDEN-25JAN09-B30.5",
            "count": 50,
            "created_time": "2025-01-09T16:55:42.636545Z",
            "yes_price": 77,
            "no_price": 23,
            "taker_side": "yes"
        },
        {
            "trade_id": "bc35afbd-d3ef-4836-8b22-208220504d95",
            "ticker": "KXHIGHDEN-25JAN09-B30.5",
            "count": 47,
            "created_time": "2025-01-09T16:46:46.733579Z",
            "yes_price": 78,
            "no_price": 22,
            "taker_side": "yes"
        },
        {
            "trade_id": "a482daee-57b9-4af3-8979-cc5071705b15",
            "ticker": "KXHIGHDEN-25JAN09-B30.5",
            "count": 13,
            "created_time": "2025-01-09T16:46:46.733579Z",
            "yes_price": 74,
            "no_price": 26,
            "taker_side": "yes"
        },
        {
            "trade_id": "2475080b-b50b-4057-8858-1e5e3982d507",
            "ticker": "KXHIGHDEN-25JAN09-B30.5",
            "count": 19,
            "created_time": "2025-01-09T16:46:46.733579Z",
            "yes_price": 79,
            "no_price": 21,
            "taker_side": "yes"
        },
        {
            "trade_id": "22417db4-3e0e-4886-9f0f-da4ae092ad89",
            "ticker": "KXHIGHDEN-25JAN09-B30.5",
            "count": 50,
            "created_time": "2025-01-09T16:46:46.733579Z",
            "yes_price": 74,
            "no_price": 26,
            "taker_side": "yes"
        },
        {
            "trade_id": "b435b2e1-f7fb-4ff2-8628-34560f9fc088",
            "ticker": "KXHIGHDEN-25JAN09-B30.5",
            "count": 11,
            "created_time": "2025-01-09T16:35:50.361053Z",
            "yes_price": 76,
            "no_price": 24,
            "taker_side": "yes"
        },
        {
            "trade_id": "a5871d39-01d8-46d7-bbcd-f87e9645cfa6",
            "ticker": "KXHIGHDEN-25JAN09-B30.5",
            "count": 1,
            "created_time": "2025-01-09T16:35:50.361053Z",
            "yes_price": 76,
            "no_price": 24,
            "taker_side": "yes"
        },
        {
            "trade_id": "2bbda70f-7321-40e5-9174-5cbf57f18a84",
            "ticker": "KXHIGHDEN-25JAN09-B30.5",
            "count": 1,
            "created_time": "2025-01-09T16:31:55.755813Z",
            "yes_price": 40,
            "no_price": 60,
            "taker_side": "no"
        },
        {
            "trade_id": "61c265e7-be6d-41df-8316-d45bbd1e891a",
            "ticker": "KXHIGHDEN-25JAN09-B30.5",
            "count": 51,
            "created_time": "2025-01-09T16:31:33.03259Z",
            "yes_price": 78,
            "no_price": 22,
            "taker_side": "no"
        },
        {
            "trade_id": "73e4aeaf-d577-4a76-b201-5c2594086945",
            "ticker": "KXHIGHDEN-25JAN09-B30.5",
            "count": 50,
            "created_time": "2025-01-09T16:31:32.599446Z",
            "yes_price": 78,
            "no_price": 22,
            "taker_side": "yes"
        },
        {
            "trade_id": "6b2ca7f4-58ec-485f-a750-0bf579bdc59a",
            "ticker": "KXHIGHDEN-25JAN09-B30.5",
            "count": 42,
            "created_time": "2025-01-09T16:31:32.599446Z",
            "yes_price": 78,
            "no_price": 22,
            "taker_side": "yes"
        },
        {
            "trade_id": "68717d88-031a-4411-85c2-b7ca0b286df5",
            "ticker": "KXHIGHDEN-25JAN09-B30.5",
            "count": 10,
            "created_time": "2025-01-09T16:30:11.760879Z",
            "yes_price": 85,
            "no_price": 15,
            "taker_side": "yes"
        },
        {
            "trade_id": "75122761-22b9-4cb5-a148-39ab27f1fef8",
            "ticker": "KXHIGHDEN-25JAN09-B30.5",
            "count": 1,
            "created_time": "2025-01-09T16:30:09.11015Z",
            "yes_price": 78,
            "no_price": 22,
            "taker_side": "no"
        },
        {
            "trade_id": "ea57553c-4d1f-4c67-900a-b855aa5e87e0",
            "ticker": "KXHIGHDEN-25JAN09-B30.5",
            "count": 8,
            "created_time": "2025-01-09T16:29:06.038394Z",
            "yes_price": 79,
            "no_price": 21,
            "taker_side": "yes"
        },
        {
            "trade_id": "805112b1-7d02-41d9-b020-ebb7f2996186",
            "ticker": "KXHIGHDEN-25JAN09-B30.5",
            "count": 10,
            "created_time": "2025-01-09T16:29:06.038394Z",
            "yes_price": 83,
            "no_price": 17,
            "taker_side": "yes"
        },
        {
            "trade_id": "d9929fa2-d16d-4542-8ff5-4a726f4048dc",
            "ticker": "KXHIGHDEN-25JAN09-B30.5",
            "count": 6,
            "created_time": "2025-01-09T16:28:34.672831Z",
            "yes_price": 76,
            "no_price": 24,
            "taker_side": "yes"
        },
        {
            "trade_id": "8f6a7b2f-613d-48e3-89c9-0ae09df893c5",
            "ticker": "KXHIGHDEN-25JAN09-B30.5",
            "count": 40,
            "created_time": "2025-01-09T16:28:34.672831Z",
            "yes_price": 76,
            "no_price": 24,
            "taker_side": "yes"
        },
        {
            "trade_id": "7c586515-6512-4fbc-81a6-5bf5d782e134",
            "ticker": "KXHIGHDEN-25JAN09-B30.5",
            "count": 32,
            "created_time": "2025-01-09T16:28:34.672831Z",
            "yes_price": 79,
            "no_price": 21,
            "taker_side": "yes"
        },
        {
            "trade_id": "767f598b-91f5-4e37-a407-290ec7609f15",
            "ticker": "KXHIGHDEN-25JAN09-B30.5",
            "count": 31,
            "created_time": "2025-01-09T16:28:34.672831Z",
            "yes_price": 77,
            "no_price": 23,
            "taker_side": "yes"
        },
        {
            "trade_id": "6d1dc48a-3fb7-4715-b0e3-85b7538fcd3f",
            "ticker": "KXHIGHDEN-25JAN09-B30.5",
            "count": 50,
            "created_time": "2025-01-09T16:28:34.672831Z",
            "yes_price": 76,
            "no_price": 24,
            "taker_side": "yes"
        },
        {
            "trade_id": "abb02a14-7e94-4e20-92cd-f4f318d404f0",
            "ticker": "KXHIGHDEN-25JAN09-B30.5",
            "count": 107,
            "created_time": "2025-01-09T16:26:20.974791Z",
            "yes_price": 63,
            "no_price": 37,
            "taker_side": "no"
        },
        {
            "trade_id": "89260205-5ff9-44f1-a73e-82b7f572b732",
            "ticker": "KXHIGHDEN-25JAN09-B30.5",
            "count": 75,
            "created_time": "2025-01-09T16:26:20.974791Z",
            "yes_price": 65,
            "no_price": 35,
            "taker_side": "no"
        },
        {
            "trade_id": "65d94382-eae4-42ee-bdd0-c95cd47f547d",
            "ticker": "KXHIGHDEN-25JAN09-B30.5",
            "count": 100,
            "created_time": "2025-01-09T16:26:20.974791Z",
            "yes_price": 61,
            "no_price": 39,
            "taker_side": "no"
        },
        {
            "trade_id": "66fb7a85-120a-45d6-bec3-f2c4d6575fae",
            "ticker": "KXHIGHDEN-25JAN09-B30.5",
            "count": 200,
            "created_time": "2025-01-09T16:23:47.325069Z",
            "yes_price": 75,
            "no_price": 25,
            "taker_side": "no"
        },
        {
            "trade_id": "1aad4043-aedd-457f-8e8d-49e95d419a5b",
            "ticker": "KXHIGHDEN-25JAN09-B30.5",
            "count": 80,
            "created_time": "2025-01-09T16:21:40.553215Z",
            "yes_price": 70,
            "no_price": 30,
            "taker_side": "yes"
        },
        {
            "trade_id": "039a6736-b2ee-4517-84b1-356d7feb5315",
            "ticker": "KXHIGHDEN-25JAN09-B30.5",
            "count": 14,
            "created_time": "2025-01-09T16:21:40.553215Z",
            "yes_price": 70,
            "no_price": 30,
            "taker_side": "yes"
        },
        {
            "trade_id": "5352c195-05f3-4ff1-9cc8-438df7f19b9a",
            "ticker": "KXHIGHDEN-25JAN09-B30.5",
            "count": 15,
            "created_time": "2025-01-09T16:08:15.242576Z",
            "yes_price": 70,
            "no_price": 30,
            "taker_side": "yes"
        },
        {
            "trade_id": "17a696bb-c11e-4037-b1b0-c4fe05e4d184",
            "ticker": "KXHIGHDEN-25JAN09-B30.5",
            "count": 55,
            "created_time": "2025-01-09T16:08:15.242576Z",
            "yes_price": 69,
            "no_price": 31,
            "taker_side": "yes"
        },
        {
            "trade_id": "ab2ef914-88af-41cd-bb4f-a1b516d62da6",
            "ticker": "KXHIGHDEN-25JAN09-B30.5",
            "count": 45,
            "created_time": "2025-01-09T16:04:45.039151Z",
            "yes_price": 68,
            "no_price": 32,
            "taker_side": "yes"
        },
        {
            "trade_id": "1e9976c0-8342-4687-ac41-7048190dd416",
            "ticker": "KXHIGHDEN-25JAN09-B30.5",
            "count": 5,
            "created_time": "2025-01-09T16:04:45.039151Z",
            "yes_price": 69,
            "no_price": 31,
            "taker_side": "yes"
        },
        {
            "trade_id": "6a6525bc-96fb-4284-bb03-277d5c2dc8fc",
            "ticker": "KXHIGHDEN-25JAN09-B30.5",
            "count": 2,
            "created_time": "2025-01-09T16:03:48.330843Z",
            "yes_price": 68,
            "no_price": 32,
            "taker_side": "yes"
        },
        {
            "trade_id": "9a4cb417-40bc-4097-91cf-1df2a2eaef32",
            "ticker": "KXHIGHDEN-25JAN09-B30.5",
            "count": 1,
            "created_time": "2025-01-09T16:00:11.396081Z",
            "yes_price": 69,
            "no_price": 31,
            "taker_side": "yes"
        },
        {
