{
    "KXHIGHDEN-25APR05-T41": [
        {
            "trade_id": "c90ea9a6-f88a-4bf6-ac4c-6abceffdc0c7",
            "ticker": "KXHIGHDEN-25APR05-T41",
            "count": 93,
            "created_time": "2025-04-05T22:41:56.512917Z",
            "yes_price": 1,
            "no_price": 99,
            "taker_side": "yes"
        },
        {
            "trade_id": "db6b4040-8a17-42e7-9de3-c617d3c695b1",
            "ticker": "KXHIGHDEN-25APR05-T41",
            "count": 7,
            "created_time": "2025-04-05T21:53:24.117197Z",
            "yes_price": 1,
            "no_price": 99,
            "taker_side": "yes"
        },
        {
            "trade_id": "1167a483-0e69-47bb-933d-6b5e58f8bea3",
            "ticker": "KXHIGHDEN-25APR05-T41",
            "count": 64,
            "created_time": "2025-04-05T21:51:22.287509Z",
            "yes_price": 1,
            "no_price": 99,
            "taker_side": "yes"
        },
        {
            "trade_id": "fe9093fa-983f-4d33-8ac9-c1354c3d425e",
            "ticker": "KXHIGHDEN-25APR05-T41",
            "count": 187,
            "created_time": "2025-04-05T21:48:19.080747Z",
            "yes_price": 1,
            "no_price": 99,
            "taker_side": "yes"
        },
        {
            "trade_id": "aca8aaa1-a1e9-4bda-b815-1470c56e9a23",
            "ticker": "KXHIGHDEN-25APR05-T41",
            "count": 50,
            "created_time": "2025-04-05T21:47:13.422379Z",
            "yes_price": 2,
            "no_price": 98,
            "taker_side": "no"
        },
        {
            "trade_id": "98349378-0e07-4fcf-be61-988b81c6cc3e",
            "ticker": "KXHIGHDEN-25APR05-T41",
            "count": 2,
            "created_time": "2025-04-05T21:47:13.422379Z",
            "yes_price": 1,
            "no_price": 99,
            "taker_side": "no"
        },
        {
            "trade_id": "34475fc9-66d3-47af-8ac3-470e7f3f73d0",
            "ticker": "KXHIGHDEN-25APR05-T41",
            "count": 115,
            "created_time": "2025-04-05T21:47:13.422379Z",
            "yes_price": 2,
            "no_price": 98,
            "taker_side": "no"
        },
        {
            "trade_id": "1d97db52-9bce-4906-9c09-1c734f05e810",
            "ticker": "KXHIGHDEN-25APR05-T41",
            "count": 300,
            "created_time": "2025-04-05T21:47:13.422379Z",
            "yes_price": 1,
            "no_price": 99,
            "taker_side": "no"
        },
        {
            "trade_id": "b4410cd3-73ff-4f7b-97b6-d0fda89f7093",
            "ticker": "KXHIGHDEN-25APR05-T41",
            "count": 2,
            "created_time": "2025-04-05T21:46:37.967119Z",
            "yes_price": 3,
            "no_price": 97,
            "taker_side": "no"
        },
        {
            "trade_id": "53c78797-ac5b-4b09-92d4-5ad556ac1eba",
            "ticker": "KXHIGHDEN-25APR05-T41",
            "count": 5,
            "created_time": "2025-04-05T21:46:20.385581Z",
            "yes_price": 3,
            "no_price": 97,
            "taker_side": "no"
        },
        {
            "trade_id": "f57e4d3b-0911-4a42-99c8-42422718fff5",
            "ticker": "KXHIGHDEN-25APR05-T41",
            "count": 99,
            "created_time": "2025-04-05T21:46:09.666459Z",
            "yes_price": 3,
            "no_price": 97,
            "taker_side": "no"
        },
        {
            "trade_id": "838a7f36-e1a1-407b-af14-57be457394d7",
            "ticker": "KXHIGHDEN-25APR05-T41",
            "count": 37,
            "created_time": "2025-04-05T21:46:09.666459Z",
            "yes_price": 2,
            "no_price": 98,
            "taker_side": "no"
        },
        {
            "trade_id": "3a74ef79-30cb-47a6-b49a-dbaaf7a8152d",
            "ticker": "KXHIGHDEN-25APR05-T41",
            "count": 100,
            "created_time": "2025-04-05T21:46:09.666459Z",
            "yes_price": 2,
            "no_price": 98,
            "taker_side": "no"
        },
        {
            "trade_id": "31584847-4f19-4e91-8469-c428f2aa5b48",
            "ticker": "KXHIGHDEN-25APR05-T41",
            "count": 66,
            "created_time": "2025-04-05T21:46:09.666459Z",
            "yes_price": 2,
            "no_price": 98,
            "taker_side": "no"
        },
        {
            "trade_id": "0faef228-e9de-4805-b646-0a14663467e8",
            "ticker": "KXHIGHDEN-25APR05-T41",
            "count": 50,
            "created_time": "2025-04-05T21:46:09.666459Z",
            "yes_price": 5,
            "no_price": 95,
            "taker_side": "no"
        },
        {
            "trade_id": "0785c8f5-d9fd-4572-a596-6a13d163e731",
            "ticker": "KXHIGHDEN-25APR05-T41",
            "count": 40,
            "created_time": "2025-04-05T21:46:09.666459Z",
            "yes_price": 4,
            "no_price": 96,
            "taker_side": "no"
        },
        {
            "trade_id": "2181693c-d062-4e18-9919-dbe4352614d9",
            "ticker": "KXHIGHDEN-25APR05-T41",
            "count": 5,
            "created_time": "2025-04-05T21:43:12.255635Z",
            "yes_price": 5,
            "no_price": 95,
            "taker_side": "no"
        },
        {
            "trade_id": "58b93ddc-47ec-4632-9b80-b6f4c44c67a6",
            "ticker": "KXHIGHDEN-25APR05-T41",
            "count": 4,
            "created_time": "2025-04-05T21:43:11.75692Z",
            "yes_price": 6,
            "no_price": 94,
            "taker_side": "no"
        },
        {
            "trade_id": "e2d62c78-5c9c-49d6-a43e-d9174ce67648",
            "ticker": "KXHIGHDEN-25APR05-T41",
            "count": 5,
            "created_time": "2025-04-05T21:39:10.749457Z",
            "yes_price": 10,
            "no_price": 90,
            "taker_side": "no"
        },
        {
            "trade_id": "2cd28a91-af28-4ae9-b0d8-16884266a688",
            "ticker": "KXHIGHDEN-25APR05-T41",
            "count": 5,
            "created_time": "2025-04-05T21:39:10.749457Z",
            "yes_price": 9,
            "no_price": 91,
            "taker_side": "no"
        },
        {
            "trade_id": "d056c3a0-8fe0-4cd5-a561-3198a7c710ac",
            "ticker": "KXHIGHDEN-25APR05-T41",
            "count": 250,
            "created_time": "2025-04-05T21:32:50.526394Z",
            "yes_price": 23,
            "no_price": 77,
            "taker_side": "yes"
        },
        {
            "trade_id": "a6f9480b-126f-476e-9bc2-d511356254ab",
            "ticker": "KXHIGHDEN-25APR05-T41",
            "count": 50,
            "created_time": "2025-04-05T21:32:50.526394Z",
            "yes_price": 22,
            "no_price": 78,
            "taker_side": "yes"
        },
        {
            "trade_id": "5a4250b4-acc3-48c2-945c-4b3166434002",
            "ticker": "KXHIGHDEN-25APR05-T41",
            "count": 31,
            "created_time": "2025-04-05T21:28:58.865624Z",
            "yes_price": 30,
            "no_price": 70,
            "taker_side": "yes"
        },
        {
            "trade_id": "d7bc3953-525a-4079-b4d7-f1bccaccbf5d",
            "ticker": "KXHIGHDEN-25APR05-T41",
            "count": 68,
            "created_time": "2025-04-05T21:28:24.611414Z",
            "yes_price": 31,
            "no_price": 69,
            "taker_side": "yes"
        },
        {
            "trade_id": "fd58a4ac-4fe7-4d76-aece-b561cd14f7af",
            "ticker": "KXHIGHDEN-25APR05-T41",
            "count": 50,
            "created_time": "2025-04-05T21:28:00.803289Z",
            "yes_price": 37,
            "no_price": 63,
            "taker_side": "yes"
        },
        {
            "trade_id": "47dc990c-43ad-415d-ac5a-efc0ec971a97",
            "ticker": "KXHIGHDEN-25APR05-T41",
            "count": 14,
            "created_time": "2025-04-05T21:28:00.803289Z",
            "yes_price": 38,
            "no_price": 62,
            "taker_side": "yes"
        },
        {
            "trade_id": "6f869a16-dd58-46fb-9f0f-f6cf88fa79fc",
            "ticker": "KXHIGHDEN-25APR05-T41",
            "count": 8,
            "created_time": "2025-04-05T21:24:12.931633Z",
            "yes_price": 12,
            "no_price": 88,
            "taker_side": "no"
        },
        {
            "trade_id": "47c4c9c0-13db-4233-895d-a7f1d80fb2fc",
            "ticker": "KXHIGHDEN-25APR05-T41",
            "count": 12,
            "created_time": "2025-04-05T21:24:12.931633Z",
            "yes_price": 11,
            "no_price": 89,
            "taker_side": "no"
        },
        {
            "trade_id": "f0892183-d0f0-43ea-9e88-6e90a647c738",
            "ticker": "KXHIGHDEN-25APR05-T41",
            "count": 100,
            "created_time": "2025-04-05T21:18:12.228382Z",
            "yes_price": 14,
            "no_price": 86,
            "taker_side": "yes"
        },
        {
            "trade_id": "d4fc557b-e8b5-4e53-b48f-8c9b7e0bb563",
            "ticker": "KXHIGHDEN-25APR05-T41",
            "count": 150,
            "created_time": "2025-04-05T21:18:06.299234Z",
            "yes_price": 14,
            "no_price": 86,
            "taker_side": "yes"
        },
        {
            "trade_id": "293244db-f53c-4425-a920-a7baa8a21789",
            "ticker": "KXHIGHDEN-25APR05-T41",
            "count": 100,
            "created_time": "2025-04-05T21:18:06.299234Z",
            "yes_price": 12,
            "no_price": 88,
            "taker_side": "yes"
        },
        {
            "trade_id": "943020e9-ef0a-43e2-b8c4-d7df8c95189d",
            "ticker": "KXHIGHDEN-25APR05-T41",
            "count": 50,
            "created_time": "2025-04-05T21:17:39.311911Z",
            "yes_price": 11,
            "no_price": 89,
            "taker_side": "yes"
        },
        {
            "trade_id": "ad152257-6cf1-4249-9221-756f9a7629a5",
            "ticker": "KXHIGHDEN-25APR05-T41",
            "count": 1,
            "created_time": "2025-04-05T21:17:36.662058Z",
            "yes_price": 5,
            "no_price": 95,
            "taker_side": "no"
        },
        {
            "trade_id": "4e7b1fb1-4728-44bd-9302-a3fbdad05a4d",
            "ticker": "KXHIGHDEN-25APR05-T41",
            "count": 100,
            "created_time": "2025-04-05T21:09:31.75209Z",
            "yes_price": 12,
            "no_price": 88,
            "taker_side": "yes"
        },
        {
            "trade_id": "cb8c431d-49b1-4218-b111-bcadfa80f825",
            "ticker": "KXHIGHDEN-25APR05-T41",
            "count": 15,
            "created_time": "2025-04-05T21:09:23.621664Z",
            "yes_price": 11,
            "no_price": 89,
            "taker_side": "no"
        },
        {
            "trade_id": "f73d16f3-4d23-4f1d-bb55-25582373dfdf",
            "ticker": "KXHIGHDEN-25APR05-T41",
            "count": 185,
            "created_time": "2025-04-05T21:08:33.086969Z",
            "yes_price": 11,
            "no_price": 89,
            "taker_side": "yes"
        },
        {
            "trade_id": "7ad14a8a-7caf-4880-832b-6055c841c75f",
            "ticker": "KXHIGHDEN-25APR05-T41",
            "count": 50,
            "created_time": "2025-04-05T21:08:33.086969Z",
            "yes_price": 11,
            "no_price": 89,
            "taker_side": "yes"
        },
        {
            "trade_id": "9a73d165-b7d3-43e7-abcd-43321f28745a",
            "ticker": "KXHIGHDEN-25APR05-T41",
            "count": 17,
            "created_time": "2025-04-05T21:08:10.339811Z",
            "yes_price": 10,
            "no_price": 90,
            "taker_side": "no"
        },
        {
            "trade_id": "cf6fb918-e9ca-4c0a-8f52-f9c6739b602a",
            "ticker": "KXHIGHDEN-25APR05-T41",
            "count": 15,
            "created_time": "2025-04-05T21:06:29.304462Z",
            "yes_price": 11,
            "no_price": 89,
            "taker_side": "yes"
        },
        {
            "trade_id": "c49ad40e-f4e7-4eac-b25a-bab880ba746d",
            "ticker": "KXHIGHDEN-25APR05-T41",
            "count": 200,
            "created_time": "2025-04-05T21:03:01.229433Z",
            "yes_price": 12,
            "no_price": 88,
            "taker_side": "yes"
        },
        {
            "trade_id": "5dad071b-13d0-47e2-aed5-1f596f0bdcf9",
            "ticker": "KXHIGHDEN-25APR05-T41",
            "count": 190,
            "created_time": "2025-04-05T21:03:01.229433Z",
            "yes_price": 10,
            "no_price": 90,
            "taker_side": "yes"
        },
        {
            "trade_id": "24e3f6fb-fa49-4bbd-8ee2-b7e0c69324c5",
            "ticker": "KXHIGHDEN-25APR05-T41",
            "count": 50,
            "created_time": "2025-04-05T21:03:01.229433Z",
            "yes_price": 11,
            "no_price": 89,
            "taker_side": "yes"
        },
        {
            "trade_id": "633a42f3-dbef-4fd9-8ae2-f7faa67d928c",
            "ticker": "KXHIGHDEN-25APR05-T41",
            "count": 10,
            "created_time": "2025-04-05T21:01:41.9147Z",
            "yes_price": 10,
            "no_price": 90,
            "taker_side": "yes"
        },
        {
            "trade_id": "d6866eba-1151-4c0d-b988-f8b14b2bd82c",
            "ticker": "KXHIGHDEN-25APR05-T41",
            "count": 2,
            "created_time": "2025-04-05T20:50:28.418974Z",
            "yes_price": 13,
            "no_price": 87,
            "taker_side": "no"
        },
        {
            "trade_id": "fbbf6204-e263-4ad8-8e49-e4dedd2eb92a",
            "ticker": "KXHIGHDEN-25APR05-T41",
            "count": 130,
            "created_time": "2025-04-05T20:50:18.174368Z",
            "yes_price": 13,
            "no_price": 87,
            "taker_side": "yes"
        },
        {
            "trade_id": "f2560692-2cad-4924-a081-16323bfc0837",
            "ticker": "KXHIGHDEN-25APR05-T41",
            "count": 250,
            "created_time": "2025-04-05T20:50:18.174368Z",
            "yes_price": 10,
            "no_price": 90,
            "taker_side": "yes"
        },
        {
            "trade_id": "c9ff12ed-f5df-4abd-a8e9-2a7c978e595d",
            "ticker": "KXHIGHDEN-25APR05-T41",
            "count": 108,
            "created_time": "2025-04-05T20:50:18.174368Z",
            "yes_price": 9,
            "no_price": 91,
            "taker_side": "yes"
        },
        {
            "trade_id": "47247f86-0918-4882-9679-5b33c5e7989c",
            "ticker": "KXHIGHDEN-25APR05-T41",
            "count": 250,
            "created_time": "2025-04-05T20:50:18.174368Z",
            "yes_price": 11,
            "no_price": 89,
            "taker_side": "yes"
        },
        {
            "trade_id": "b7c8c881-cd89-421d-89f1-8d985c5b8d39",
            "ticker": "KXHIGHDEN-25APR05-T41",
            "count": 142,
            "created_time": "2025-04-05T20:49:07.306978Z",
            "yes_price": 9,
            "no_price": 91,
            "taker_side": "yes"
        },
        {
            "trade_id": "1b65c4ea-1335-4d63-8e46-e56c39636584",
            "ticker": "KXHIGHDEN-25APR05-T41",
            "count": 133,
            "created_time": "2025-04-05T20:49:07.306978Z",
            "yes_price": 8,
            "no_price": 92,
            "taker_side": "yes"
        },
        {
            "trade_id": "9099a9f0-34b0-4964-bceb-1f8054ee9425",
            "ticker": "KXHIGHDEN-25APR05-T41",
            "count": 117,
            "created_time": "2025-04-05T20:44:46.425517Z",
            "yes_price": 8,
            "no_price": 92,
            "taker_side": "yes"
        },
        {
            "trade_id": "5e072e45-bbf7-4c63-84f7-ee2ac96741b7",
            "ticker": "KXHIGHDEN-25APR05-T41",
            "count": 250,
            "created_time": "2025-04-05T20:41:14.023273Z",
            "yes_price": 7,
            "no_price": 93,
            "taker_side": "yes"
        },
        {
            "trade_id": "81ce5538-bd80-4ff4-9616-8a25ce4db886",
            "ticker": "KXHIGHDEN-25APR05-T41",
            "count": 250,
            "created_time": "2025-04-05T20:40:02.662867Z",
            "yes_price": 6,
            "no_price": 94,
            "taker_side": "yes"
        },
        {
            "trade_id": "f7917601-7822-46c0-85bc-fecd44b38f91",
            "ticker": "KXHIGHDEN-25APR05-T41",
            "count": 250,
            "created_time": "2025-04-05T20:38:57.803777Z",
            "yes_price": 5,
            "no_price": 95,
            "taker_side": "yes"
        },
        {
            "trade_id": "76d6b616-fa8d-4cd0-835e-559a106456fa",
            "ticker": "KXHIGHDEN-25APR05-T41",
            "count": 57,
            "created_time": "2025-04-05T20:30:07.725038Z",
            "yes_price": 10,
            "no_price": 90,
            "taker_side": "yes"
        },
        {
            "trade_id": "b7e7336f-29cf-492b-8181-595fdace6922",
            "ticker": "KXHIGHDEN-25APR05-T41",
            "count": 1,
            "created_time": "2025-04-05T20:23:22.049132Z",
            "yes_price": 15,
            "no_price": 85,
            "taker_side": "yes"
        },
        {
            "trade_id": "bea16fd7-e593-443f-bc9d-e299508b8557",
            "ticker": "KXHIGHDEN-25APR05-T41",
            "count": 1,
            "created_time": "2025-04-05T20:09:30.382007Z",
            "yes_price": 22,
            "no_price": 78,
            "taker_side": "yes"
        },
        {
            "trade_id": "d7295256-6f3e-4dcf-bc84-e0875b098c9a",
            "ticker": "KXHIGHDEN-25APR05-T41",
            "count": 12,
            "created_time": "2025-04-05T20:07:57.599122Z",
            "yes_price": 15,
            "no_price": 85,
            "taker_side": "yes"
        },
        {
            "trade_id": "980ca4a5-f38c-4c3f-8253-b93cdb90dbbf",
            "ticker": "KXHIGHDEN-25APR05-T41",
            "count": 8,
            "created_time": "2025-04-05T20:07:57.599122Z",
            "yes_price": 15,
            "no_price": 85,
            "taker_side": "yes"
        },
        {
            "trade_id": "f1ee9561-6aec-41f9-8c33-2bfeb432c432",
            "ticker": "KXHIGHDEN-25APR05-T41",
            "count": 40,
            "created_time": "2025-04-05T19:56:47.086153Z",
            "yes_price": 14,
            "no_price": 86,
            "taker_side": "yes"
        },
        {
            "trade_id": "7776fed8-a847-4b55-847f-7c290e13194b",
            "ticker": "KXHIGHDEN-25APR05-T41",
            "count": 2,
            "created_time": "2025-04-05T19:56:47.086153Z",
            "yes_price": 23,
            "no_price": 77,
            "taker_side": "yes"
        },
        {
            "trade_id": "684533e9-1ee1-46d8-a350-08b4997f739f",
            "ticker": "KXHIGHDEN-25APR05-T41",
            "count": 50,
            "created_time": "2025-04-05T19:56:47.086153Z",
            "yes_price": 13,
            "no_price": 87,
            "taker_side": "yes"
        },
        {
            "trade_id": "45ac2afc-445f-4865-9f4a-fda0404a1a92",
            "ticker": "KXHIGHDEN-25APR05-T41",
            "count": 8,
            "created_time": "2025-04-05T19:56:47.086153Z",
            "yes_price": 14,
            "no_price": 86,
            "taker_side": "yes"
        },
        {
            "trade_id": "20e23f2f-bcfc-49fe-8505-7d0654471373",
            "ticker": "KXHIGHDEN-25APR05-T41",
            "count": 30,
            "created_time": "2025-04-05T19:56:47.086153Z",
            "yes_price": 14,
            "no_price": 86,
            "taker_side": "yes"
        },
        {
            "trade_id": "d9e7403e-d50e-4d21-9f47-3484c19f4772",
            "ticker": "KXHIGHDEN-25APR05-T41",
            "count": 68,
            "created_time": "2025-04-05T19:40:21.332316Z",
            "yes_price": 11,
            "no_price": 89,
            "taker_side": "no"
        },
        {
            "trade_id": "520d69fb-1a88-48f0-b225-d85e7a828feb",
            "ticker": "KXHIGHDEN-25APR05-T41",
            "count": 15,
            "created_time": "2025-04-05T19:39:39.242349Z",
            "yes_price": 11,
            "no_price": 89,
            "taker_side": "no"
        },
        {
            "trade_id": "20fc2a43-22b7-487c-8496-919092800755",
            "ticker": "KXHIGHDEN-25APR05-T41",
            "count": 8,
            "created_time": "2025-04-05T19:39:39.014817Z",
            "yes_price": 12,
            "no_price": 88,
            "taker_side": "yes"
        },
        {
            "trade_id": "19161c97-268f-47c8-ba8b-222a9a2fe50e",
            "ticker": "KXHIGHDEN-25APR05-T41",
            "count": 50,
            "created_time": "2025-04-05T19:39:38.953436Z",
            "yes_price": 10,
            "no_price": 90,
            "taker_side": "yes"
        },
        {
            "trade_id": "f19a0acd-b953-437e-9d07-8adef73b44d9",
            "ticker": "KXHIGHDEN-25APR05-T41",
            "count": 50,
            "created_time": "2025-04-05T19:39:38.887129Z",
            "yes_price": 9,
            "no_price": 91,
            "taker_side": "yes"
        },
        {
            "trade_id": "ec9f5013-731d-4c06-a599-e364504a860b",
            "ticker": "KXHIGHDEN-25APR05-T41",
            "count": 50,
            "created_time": "2025-04-05T19:39:38.887129Z",
            "yes_price": 9,
            "no_price": 91,
            "taker_side": "yes"
        },
        {
            "trade_id": "5d47ad05-b90c-43cd-9e6c-9861eb18c852",
            "ticker": "KXHIGHDEN-25APR05-T41",
            "count": 195,
            "created_time": "2025-04-05T19:33:59.718701Z",
            "yes_price": 6,
            "no_price": 94,
            "taker_side": "yes"
        },
        {
            "trade_id": "4adb4886-9980-4f3e-9df1-ad68df646611",
            "ticker": "KXHIGHDEN-25APR05-T41",
            "count": 5,
            "created_time": "2025-04-05T19:33:59.718701Z",
            "yes_price": 6,
            "no_price": 94,
            "taker_side": "yes"
        },
        {
            "trade_id": "48f0c8a1-6852-41c0-9c38-2db20dac8be5",
            "ticker": "KXHIGHDEN-25APR05-T41",
            "count": 205,
            "created_time": "2025-04-05T19:33:26.038111Z",
            "yes_price": 6,
            "no_price": 94,
            "taker_side": "yes"
        },
        {
            "trade_id": "2be0512f-4ac6-453f-91e0-69d4c4def175",
            "ticker": "KXHIGHDEN-25APR05-T41",
            "count": 8,
            "created_time": "2025-04-05T19:18:28.033046Z",
            "yes_price": 5,
            "no_price": 95,
            "taker_side": "no"
        },
        {
            "trade_id": "22905b0b-37a2-46de-9a36-679ff25abbab",
            "ticker": "KXHIGHDEN-25APR05-T41",
            "count": 2,
            "created_time": "2025-04-05T19:18:26.523431Z",
            "yes_price": 5,
            "no_price": 95,
            "taker_side": "no"
        },
        {
            "trade_id": "49a53c55-826b-4ae9-af4d-9a1a7f0bd21e",
            "ticker": "KXHIGHDEN-25APR05-T41",
            "count": 3,
            "created_time": "2025-04-05T19:18:18.543279Z",
            "yes_price": 5,
            "no_price": 95,
            "taker_side": "no"
        },
        {
            "trade_id": "9f91fb7c-5e17-4022-b9da-33d863e4ffec",
            "ticker": "KXHIGHDEN-25APR05-T41",
            "count": 5,
            "created_time": "2025-04-05T19:18:17.043987Z",
            "yes_price": 5,
            "no_price": 95,
            "taker_side": "no"
        },
        {
            "trade_id": "b7b9ea1e-eda1-4c5f-9f52-06eb7064bff5",
            "ticker": "KXHIGHDEN-25APR05-T41",
            "count": 16,
            "created_time": "2025-04-05T19:16:21.471675Z",
            "yes_price": 5,
            "no_price": 95,
            "taker_side": "no"
        },
        {
            "trade_id": "58eafd75-df4f-4b50-beb1-dbbc26af48a8",
            "ticker": "KXHIGHDEN-25APR05-T41",
            "count": 8,
            "created_time": "2025-04-05T19:16:21.38384Z",
            "yes_price": 6,
            "no_price": 94,
            "taker_side": "no"
        },
        {
            "trade_id": "4304941b-f28c-42c0-a0d2-7f33d443e2ab",
            "ticker": "KXHIGHDEN-25APR05-T41",
            "count": 4,
            "created_time": "2025-04-05T19:16:20.223991Z",
            "yes_price": 6,
            "no_price": 94,
            "taker_side": "no"
        },
        {
            "trade_id": "3e88401f-1e93-4a07-b096-49c0d6810477",
            "ticker": "KXHIGHDEN-25APR05-T41",
            "count": 11,
            "created_time": "2025-04-05T19:16:19.601434Z",
            "yes_price": 6,
            "no_price": 94,
            "taker_side": "no"
        },
        {
            "trade_id": "a2cd5280-b3ba-481a-b1e9-1e1b6a40e9b4",
            "ticker": "KXHIGHDEN-25APR05-T41",
            "count": 2,
            "created_time": "2025-04-05T19:16:19.379507Z",
            "yes_price": 6,
            "no_price": 94,
            "taker_side": "no"
        },
        {
            "trade_id": "32c9f994-14c8-46b1-92fb-1800132d879c",
            "ticker": "KXHIGHDEN-25APR05-T41",
            "count": 8,
            "created_time": "2025-04-05T19:16:19.379507Z",
            "yes_price": 6,
            "no_price": 94,
            "taker_side": "no"
        },
        {
            "trade_id": "c110e070-b589-425e-978e-ccdcf49b5102",
            "ticker": "KXHIGHDEN-25APR05-T41",
            "count": 25,
            "created_time": "2025-04-05T19:16:01.139319Z",
            "yes_price": 7,
            "no_price": 93,
            "taker_side": "no"
        },
        {
            "trade_id": "a76fcd0d-bbaa-40a2-bd5b-304649b74b8a",
            "ticker": "KXHIGHDEN-25APR05-T41",
            "count": 11,
            "created_time": "2025-04-05T19:16:01.126523Z",
            "yes_price": 7,
            "no_price": 93,
            "taker_side": "no"
        },
        {
            "trade_id": "0787c255-cd05-40c7-96ed-0c56e7fd5808",
            "ticker": "KXHIGHDEN-25APR05-T41",
            "count": 10,
            "created_time": "2025-04-05T19:15:14.358746Z",
            "yes_price": 7,
            "no_price": 93,
            "taker_side": "no"
        },
        {
            "trade_id": "31b1e35b-f475-424c-b96e-6f2746a20bf6",
            "ticker": "KXHIGHDEN-25APR05-T41",
            "count": 10,
            "created_time": "2025-04-05T19:14:46.2123Z",
            "yes_price": 7,
            "no_price": 93,
            "taker_side": "no"
        },
        {
            "trade_id": "d9eddd72-d638-4f23-8f08-ebe12e60ff2d",
            "ticker": "KXHIGHDEN-25APR05-T41",
            "count": 5,
            "created_time": "2025-04-05T19:13:02.519359Z",
            "yes_price": 7,
            "no_price": 93,
            "taker_side": "no"
        },
        {
            "trade_id": "ff32d5e4-15d8-431c-a4d1-77f163640a88",
            "ticker": "KXHIGHDEN-25APR05-T41",
            "count": 1,
            "created_time": "2025-04-05T19:12:22.4437Z",
            "yes_price": 8,
            "no_price": 92,
            "taker_side": "no"
        },
        {
            "trade_id": "d7b3f6bc-2bb1-4319-999f-74be67854bc3",
            "ticker": "KXHIGHDEN-25APR05-T41",
            "count": 1,
            "created_time": "2025-04-05T19:12:22.4437Z",
            "yes_price": 8,
            "no_price": 92,
            "taker_side": "no"
        },
        {
            "trade_id": "7b003e8c-2655-4a66-9409-ac77d857a6d0",
            "ticker": "KXHIGHDEN-25APR05-T41",
            "count": 2,
            "created_time": "2025-04-05T19:07:25.910961Z",
            "yes_price": 8,
            "no_price": 92,
            "taker_side": "no"
        },
        {
            "trade_id": "eade8fa5-23d6-4a61-b607-cff3826f7469",
            "ticker": "KXHIGHDEN-25APR05-T41",
            "count": 2,
            "created_time": "2025-04-05T19:03:49.313694Z",
            "yes_price": 9,
            "no_price": 91,
            "taker_side": "no"
        },
        {
            "trade_id": "e0ae0c3f-c143-4355-b223-719426831d51",
            "ticker": "KXHIGHDEN-25APR05-T41",
            "count": 5,
            "created_time": "2025-04-05T19:03:49.313694Z",
            "yes_price": 9,
            "no_price": 91,
            "taker_side": "no"
        },
        {
            "trade_id": "822c6633-71c5-4503-bf90-d9c5c683442e",
            "ticker": "KXHIGHDEN-25APR05-T41",
            "count": 43,
            "created_time": "2025-04-05T19:03:49.313694Z",
            "yes_price": 8,
            "no_price": 92,
            "taker_side": "no"
        },
        {
            "trade_id": "325cf826-6834-49db-9412-58459fbab054",
            "ticker": "KXHIGHDEN-25APR05-T41",
            "count": 25,
            "created_time": "2025-04-05T19:03:49.313694Z",
            "yes_price": 8,
            "no_price": 92,
            "taker_side": "no"
        },
        {
            "trade_id": "e52ecd5e-7401-498f-a3fd-46b3d52f1f63",
            "ticker": "KXHIGHDEN-25APR05-T41",
            "count": 2,
            "created_time": "2025-04-05T19:02:59.700343Z",
            "yes_price": 11,
            "no_price": 89,
            "taker_side": "no"
        },
        {
            "trade_id": "6c1f22ff-1ec8-4ef2-bbc7-ab84670e1229",
            "ticker": "KXHIGHDEN-25APR05-T41",
            "count": 15,
            "created_time": "2025-04-05T19:02:59.700343Z",
            "yes_price": 10,
            "no_price": 90,
            "taker_side": "no"
        },
        {
            "trade_id": "83368d72-b758-4c88-873f-ca54d3f1b7bf",
            "ticker": "KXHIGHDEN-25APR05-T41",
            "count": 3,
            "created_time": "2025-04-05T19:02:02.540562Z",
            "yes_price": 11,
            "no_price": 89,
            "taker_side": "no"
        },
        {
            "trade_id": "bdb86510-f1fc-430d-889e-af3fff14d93b",
            "ticker": "KXHIGHDEN-25APR05-T41",
            "count": 39,
            "created_time": "2025-04-05T18:41:22.269254Z",
            "yes_price": 8,
            "no_price": 92,
            "taker_side": "no"
        },
        {
            "trade_id": "8b605ced-c8ed-456a-a4bc-c2914f0e5dec",
            "ticker": "KXHIGHDEN-25APR05-T41",
            "count": 25,
            "created_time": "2025-04-05T18:41:22.269254Z",
            "yes_price": 9,
            "no_price": 91,
            "taker_side": "no"
        },
        {
            "trade_id": "a63c4814-df21-486c-8c0c-808fa8163204",
            "ticker": "KXHIGHDEN-25APR05-T41",
            "count": 50,
            "created_time": "2025-04-05T18:40:16.067612Z",
            "yes_price": 12,
            "no_price": 88,
            "taker_side": "yes"
        },
        {
            "trade_id": "a3852f64-922e-49ce-a0eb-3779a54b0dff",
            "ticker": "KXHIGHDEN-25APR05-T41",
            "count": 28,
            "created_time": "2025-04-05T18:40:16.067612Z",
            "yes_price": 11,
            "no_price": 89,
            "taker_side": "yes"
        },
        {
            "trade_id": "1324a59b-7057-400f-a2b2-483a2bbd6a83",
            "ticker": "KXHIGHDEN-25APR05-T41",
            "count": 31,
            "created_time": "2025-04-05T18:40:16.067612Z",
            "yes_price": 12,
            "no_price": 88,
            "taker_side": "yes"
        },
        {
            "trade_id": "e423d6ad-1e7b-451b-a1d0-2df19594bec1",
            "ticker": "KXHIGHDEN-25APR05-T41",
            "count": 22,
            "created_time": "2025-04-05T18:36:01.09423Z",
            "yes_price": 11,
            "no_price": 89,
            "taker_side": "yes"
        },
        {
            "trade_id": "d20c8df5-c72e-489e-b6c9-6f0ee8b65769",
            "ticker": "KXHIGHDEN-25APR05-T41",
            "count": 20,
            "created_time": "2025-04-05T18:33:48.501758Z",
            "yes_price": 10,
            "no_price": 90,
            "taker_side": "yes"
        },
        {
            "trade_id": "eff15ea0-5d36-4879-8693-a8b7daa3c18c",
            "ticker": "KXHIGHDEN-25APR05-T41",
            "count": 8,
            "created_time": "2025-04-05T18:29:29.353458Z",
            "yes_price": 11,
            "no_price": 89,
            "taker_side": "yes"
        },
        {
            "trade_id": "85ba18ae-c7b5-4173-a997-7de2e2e86a37",
            "ticker": "KXHIGHDEN-25APR05-T41",
            "count": 50,
            "created_time": "2025-04-05T18:29:29.353458Z",
            "yes_price": 11,
            "no_price": 89,
            "taker_side": "yes"
        },
        {
            "trade_id": "4d606f7b-3933-4445-a3af-a522e1baf80d",
            "ticker": "KXHIGHDEN-25APR05-T41",
            "count": 232,
            "created_time": "2025-04-05T18:29:29.353458Z",
            "yes_price": 12,
            "no_price": 88,
            "taker_side": "yes"
        },
        {
            "trade_id": "bf3d7687-baed-4e77-bc1e-24bb2f920554",
            "ticker": "KXHIGHDEN-25APR05-T41",
            "count": 47,
            "created_time": "2025-04-05T18:28:14.260364Z",
            "yes_price": 9,
            "no_price": 91,
            "taker_side": "yes"
        },
        {
            "trade_id": "902a088d-c0cf-45d3-8f03-3b480926718c",
            "ticker": "KXHIGHDEN-25APR05-T41",
            "count": 5,
            "created_time": "2025-04-05T18:28:14.260364Z",
            "yes_price": 10,
            "no_price": 90,
            "taker_side": "yes"
        },
        {
            "trade_id": "8cb8918a-1e95-4ebd-97cc-e2092f6f63d6",
            "ticker": "KXHIGHDEN-25APR05-T41",
            "count": 1,
            "created_time": "2025-04-05T18:28:14.260364Z",
            "yes_price": 10,
            "no_price": 90,
            "taker_side": "yes"
        },
        {
            "trade_id": "629c52e4-1d80-4246-a805-1df694077202",
            "ticker": "KXHIGHDEN-25APR05-T41",
            "count": 50,
            "created_time": "2025-04-05T18:28:14.260364Z",
            "yes_price": 10,
            "no_price": 90,
            "taker_side": "yes"
        },
        {
            "trade_id": "4b612780-e84e-410b-9d7d-ee852cb16447",
            "ticker": "KXHIGHDEN-25APR05-T41",
            "count": 110,
            "created_time": "2025-04-05T18:28:14.260364Z",
            "yes_price": 10,
            "no_price": 90,
            "taker_side": "yes"
        },
        {
            "trade_id": "26e31c08-4f60-4359-8210-2e2a1fa64df2",
            "ticker": "KXHIGHDEN-25APR05-T41",
            "count": 8,
            "created_time": "2025-04-05T18:28:14.260364Z",
            "yes_price": 10,
            "no_price": 90,
            "taker_side": "yes"
        },
        {
            "trade_id": "b2d9ce9f-840c-4c96-b37a-0ca09b0c3a5f",
            "ticker": "KXHIGHDEN-25APR05-T41",
            "count": 3,
            "created_time": "2025-04-05T18:21:10.889985Z",
            "yes_price": 9,
            "no_price": 91,
            "taker_side": "no"
        },
        {
            "trade_id": "8327a6ab-7908-4059-9592-5e6cbc95f606",
            "ticker": "KXHIGHDEN-25APR05-T41",
            "count": 3,
            "created_time": "2025-04-05T18:15:25.082314Z",
            "yes_price": 9,
            "no_price": 91,
            "taker_side": "no"
        },
        {
            "trade_id": "0e7ddcf7-7c3d-4e92-887a-15ab82e9bc65",
            "ticker": "KXHIGHDEN-25APR05-T41",
            "count": 25,
            "created_time": "2025-04-05T18:15:25.082314Z",
            "yes_price": 9,
            "no_price": 91,
            "taker_side": "no"
        },
        {
            "trade_id": "b835cef8-6c60-4af5-85c7-87bcd85acbcc",
            "ticker": "KXHIGHDEN-25APR05-T41",
            "count": 4,
            "created_time": "2025-04-05T18:11:10.131588Z",
            "yes_price": 9,
            "no_price": 91,
            "taker_side": "no"
        },
        {
            "trade_id": "f090ef53-f95b-4df2-a8e4-854035a8f17a",
            "ticker": "KXHIGHDEN-25APR05-T41",
            "count": 1,
            "created_time": "2025-04-05T18:10:55.142489Z",
            "yes_price": 9,
            "no_price": 91,
            "taker_side": "no"
        },
        {
            "trade_id": "cbdda762-bd03-4b8d-ae6a-96ce36faf03b",
            "ticker": "KXHIGHDEN-25APR05-T41",
            "count": 15,
            "created_time": "2025-04-05T18:10:55.142489Z",
            "yes_price": 9,
            "no_price": 91,
            "taker_side": "no"
        },
        {
            "trade_id": "6afe7115-3d11-4727-b141-484e558751ff",
            "ticker": "KXHIGHDEN-25APR05-T41",
            "count": 4,
            "created_time": "2025-04-05T18:10:55.142489Z",
            "yes_price": 9,
            "no_price": 91,
            "taker_side": "no"
        },
        {
            "trade_id": "4628700d-487f-4eb6-b2d3-4f13e99e8316",
            "ticker": "KXHIGHDEN-25APR05-T41",
            "count": 50,
            "created_time": "2025-04-05T18:06:44.217155Z",
            "yes_price": 9,
            "no_price": 91,
            "taker_side": "yes"
        },
        {
            "trade_id": "e9d11b22-f317-495b-99d2-4b6da3a92f6d",
            "ticker": "KXHIGHDEN-25APR05-T41",
            "count": 5,
            "created_time": "2025-04-05T18:05:09.282417Z",
            "yes_price": 9,
            "no_price": 91,
            "taker_side": "no"
        },
        {
            "trade_id": "3ee89df6-ae18-4851-a4c3-1306cbf9056d",
            "ticker": "KXHIGHDEN-25APR05-T41",
            "count": 50,
            "created_time": "2025-04-05T18:04:52.658443Z",
            "yes_price": 9,
            "no_price": 91,
            "taker_side": "yes"
        },
        {
            "trade_id": "265ef36c-2a98-46dc-921e-3971f4fad402",
            "ticker": "KXHIGHDEN-25APR05-T41",
            "count": 5,
            "created_time": "2025-04-05T18:03:41.971736Z",
            "yes_price": 8,
            "no_price": 92,
            "taker_side": "no"
        },
        {
            "trade_id": "a05e0f69-ddbb-4cf4-9868-a8561f821dd8",
            "ticker": "KXHIGHDEN-25APR05-T41",
            "count": 5,
            "created_time": "2025-04-05T18:03:41.966901Z",
            "yes_price": 9,
            "no_price": 91,
            "taker_side": "no"
        },
        {
            "trade_id": "6b27a035-f2df-47aa-9fe7-424c4281a7dc",
            "ticker": "KXHIGHDEN-25APR05-T41",
            "count": 6,
            "created_time": "2025-04-05T18:03:26.583489Z",
            "yes_price": 9,
            "no_price": 91,
            "taker_side": "no"
        },
        {
            "trade_id": "fb42df71-1771-4726-8058-8ea8f5b9383c",
            "ticker": "KXHIGHDEN-25APR05-T41",
            "count": 16,
            "created_time": "2025-04-05T18:03:00.065449Z",
            "yes_price": 10,
            "no_price": 90,
            "taker_side": "yes"
        },
        {
            "trade_id": "57c937e7-2f06-45e3-8b2f-dddb158a5116",
            "ticker": "KXHIGHDEN-25APR05-T41",
            "count": 50,
            "created_time": "2025-04-05T18:03:00.065449Z",
            "yes_price": 10,
            "no_price": 90,
            "taker_side": "yes"
        },
        {
            "trade_id": "2b5978ce-e927-40b0-80ae-89390b4949b7",
            "ticker": "KXHIGHDEN-25APR05-T41",
            "count": 1,
            "created_time": "2025-04-05T18:02:45.436237Z",
            "yes_price": 9,
            "no_price": 91,
            "taker_side": "yes"
        },
        {
            "trade_id": "1cc4dc13-d4d1-4267-8b17-00f842c5f664",
            "ticker": "KXHIGHDEN-25APR05-T41",
            "count": 24,
            "created_time": "2025-04-05T18:02:45.436237Z",
            "yes_price": 9,
            "no_price": 91,
            "taker_side": "yes"
        },
        {
            "trade_id": "fcd470bb-7315-427c-bdb7-d8af69e6c8f0",
            "ticker": "KXHIGHDEN-25APR05-T41",
            "count": 50,
            "created_time": "2025-04-05T17:54:38.079555Z",
            "yes_price": 9,
            "no_price": 91,
            "taker_side": "yes"
        },
        {
            "trade_id": "1b2841a3-9a18-474c-afbe-3598e0182377",
            "ticker": "KXHIGHDEN-25APR05-T41",
            "count": 14,
            "created_time": "2025-04-05T17:49:05.923681Z",
            "yes_price": 9,
            "no_price": 91,
            "taker_side": "no"
        },
        {
            "trade_id": "b70470e4-3ba4-4bd3-a257-41dcdb2d64fd",
            "ticker": "KXHIGHDEN-25APR05-T41",
            "count": 35,
            "created_time": "2025-04-05T17:48:51.448567Z",
            "yes_price": 9,
            "no_price": 91,
            "taker_side": "yes"
        },
        {
            "trade_id": "8b6cafae-4b9b-4042-935a-aa1a4a7aae55",
            "ticker": "KXHIGHDEN-25APR05-T41",
            "count": 1,
            "created_time": "2025-04-05T17:48:51.448567Z",
            "yes_price": 9,
            "no_price": 91,
            "taker_side": "yes"
        },
        {
            "trade_id": "fd9e2c45-91a7-4605-ba91-4531aa8fb561",
            "ticker": "KXHIGHDEN-25APR05-T41",
            "count": 21,
            "created_time": "2025-04-05T17:44:11.7419Z",
            "yes_price": 9,
            "no_price": 91,
            "taker_side": "yes"
        },
        {
            "trade_id": "b8a28e92-e1f7-4bfb-a1bb-d7aea73fed4c",
            "ticker": "KXHIGHDEN-25APR05-T41",
            "count": 16,
            "created_time": "2025-04-05T17:44:11.7419Z",
            "yes_price": 9,
            "no_price": 91,
            "taker_side": "yes"
        },
        {
            "trade_id": "a664b90a-1395-4766-bdcd-9985fcc79155",
            "ticker": "KXHIGHDEN-25APR05-T41",
            "count": 11,
            "created_time": "2025-04-05T17:39:14.188657Z",
            "yes_price": 9,
            "no_price": 91,
            "taker_side": "yes"
        },
        {
            "trade_id": "342cc700-0b35-4f70-bf4d-92c675192e94",
            "ticker": "KXHIGHDEN-25APR05-T41",
            "count": 1,
            "created_time": "2025-04-05T17:39:14.188657Z",
            "yes_price": 9,
            "no_price": 91,
            "taker_side": "yes"
        },
        {
            "trade_id": "170fc2d0-5f4c-4bba-a7d7-93d91ed7825f",
            "ticker": "KXHIGHDEN-25APR05-T41",
            "count": 4,
            "created_time": "2025-04-05T17:39:14.188657Z",
            "yes_price": 9,
            "no_price": 91,
            "taker_side": "yes"
        },
        {
            "trade_id": "4164b0e3-3a0b-4271-aed5-a22dc112812a",
            "ticker": "KXHIGHDEN-25APR05-T41",
            "count": 8,
            "created_time": "2025-04-05T17:35:05.966819Z",
            "yes_price": 9,
            "no_price": 91,
            "taker_side": "yes"
        },
        {
            "trade_id": "2e91f1e1-60d1-4c83-beb8-c49b2ee55f71",
            "ticker": "KXHIGHDEN-25APR05-T41",
            "count": 15,
            "created_time": "2025-04-05T17:35:05.966819Z",
            "yes_price": 9,
            "no_price": 91,
            "taker_side": "yes"
        },
        {
            "trade_id": "e4b5e884-2bf2-49ae-b46d-eaf567745dec",
            "ticker": "KXHIGHDEN-25APR05-T41",
            "count": 8,
            "created_time": "2025-04-05T17:25:44.738091Z",
            "yes_price": 10,
            "no_price": 90,
            "taker_side": "yes"
        },
        {
            "trade_id": "b53e3639-8074-43c0-8530-049b68c8b05c",
            "ticker": "KXHIGHDEN-25APR05-T41",
            "count": 131,
            "created_time": "2025-04-05T17:25:44.738091Z",
            "yes_price": 10,
            "no_price": 90,
            "taker_side": "yes"
        },
        {
            "trade_id": "9036da19-91fb-4581-a0cb-4758d8099be8",
            "ticker": "KXHIGHDEN-25APR05-T41",
            "count": 23,
            "created_time": "2025-04-05T17:25:44.738091Z",
            "yes_price": 8,
            "no_price": 92,
            "taker_side": "yes"
        },
        {
            "trade_id": "6d09b0f0-f40d-45ef-a5c4-952fa67d8205",
            "ticker": "KXHIGHDEN-25APR05-T41",
            "count": 1,
            "created_time": "2025-04-05T17:25:44.738091Z",
            "yes_price": 8,
            "no_price": 92,
            "taker_side": "yes"
        },
        {
            "trade_id": "2e796578-579d-4dc9-bd6e-64175c1e7580",
            "ticker": "KXHIGHDEN-25APR05-T41",
            "count": 6,
            "created_time": "2025-04-05T17:25:44.738091Z",
            "yes_price": 8,
            "no_price": 92,
            "taker_side": "yes"
        },
        {
            "trade_id": "729d5a45-1cc1-40ef-aaed-6eef68913293",
            "ticker": "KXHIGHDEN-25APR05-T41",
            "count": 10,
            "created_time": "2025-04-05T17:23:45.745719Z",
            "yes_price": 8,
            "no_price": 92,
            "taker_side": "yes"
        },
        {
            "trade_id": "67e3a5bd-478a-43c1-bd6f-4242329a2f36",
            "ticker": "KXHIGHDEN-25APR05-T41",
            "count": 25,
            "created_time": "2025-04-05T17:20:26.771573Z",
            "yes_price": 8,
            "no_price": 92,
            "taker_side": "yes"
        },
        {
            "trade_id": "1cc39f00-d14f-4f9e-a9d8-d734ec1e6d55",
            "ticker": "KXHIGHDEN-25APR05-T41",
            "count": 14,
            "created_time": "2025-04-05T17:17:53.190747Z",
            "yes_price": 8,
            "no_price": 92,
            "taker_side": "yes"
        },
        {
            "trade_id": "cacaeb67-c33c-437d-9e68-2075fe231415",
            "ticker": "KXHIGHDEN-25APR05-T41",
            "count": 2,
            "created_time": "2025-04-05T17:17:01.152456Z",
            "yes_price": 8,
            "no_price": 92,
            "taker_side": "no"
        },
        {
            "trade_id": "04967ebe-a182-4d5b-891d-d1a86b36fc2c",
            "ticker": "KXHIGHDEN-25APR05-T41",
            "count": 3,
            "created_time": "2025-04-05T17:16:50.461083Z",
            "yes_price": 8,
            "no_price": 92,
            "taker_side": "no"
        },
        {
            "trade_id": "08e94f3e-184e-4e41-a481-18a385db0db0",
            "ticker": "KXHIGHDEN-25APR05-T41",
            "count": 15,
            "created_time": "2025-04-05T17:15:54.304718Z",
            "yes_price": 8,
            "no_price": 92,
            "taker_side": "no"
        },
        {
            "trade_id": "fd5f4f2a-e3d7-4779-94ed-d64d05c913a5",
            "ticker": "KXHIGHDEN-25APR05-T41",
            "count": 12,
            "created_time": "2025-04-05T17:14:42.723444Z",
            "yes_price": 9,
            "no_price": 91,
            "taker_side": "no"
        },
        {
            "trade_id": "ca242f48-ab79-4026-9c89-b2323b5d6510",
            "ticker": "KXHIGHDEN-25APR05-T41",
            "count": 4,
            "created_time": "2025-04-05T17:14:40.341868Z",
            "yes_price": 8,
            "no_price": 92,
            "taker_side": "yes"
        },
        {
            "trade_id": "c3f3b8b5-dfb9-400a-b408-1927676a2720",
            "ticker": "KXHIGHDEN-25APR05-T41",
            "count": 8,
            "created_time": "2025-04-05T17:14:40.341868Z",
            "yes_price": 8,
            "no_price": 92,
            "taker_side": "yes"
        },
        {
            "trade_id": "937cf25e-7a3a-45da-8ab5-2c29c6889eb9",
            "ticker": "KXHIGHDEN-25APR05-T41",
            "count": 1,
            "created_time": "2025-04-05T17:14:40.341868Z",
            "yes_price": 8,
            "no_price": 92,
            "taker_side": "yes"
        },
        {
            "trade_id": "7abdf75d-8947-40f5-bd09-835919c72e90",
            "ticker": "KXHIGHDEN-25APR05-T41",
            "count": 25,
            "created_time": "2025-04-05T17:14:40.341868Z",
            "yes_price": 9,
            "no_price": 91,
            "taker_side": "yes"
        },
        {
            "trade_id": "bcad8f8c-efa9-4e1c-8360-d70ce39dddbb",
            "ticker": "KXHIGHDEN-25APR05-T41",
            "count": 4,
            "created_time": "2025-04-05T17:10:23.293934Z",
            "yes_price": 8,
            "no_price": 92,
            "taker_side": "no"
        },
        {
            "trade_id": "c723dc31-8988-48cd-ac0c-01ad44b147e5",
            "ticker": "KXHIGHDEN-25APR05-T41",
            "count": 2,
            "created_time": "2025-04-05T17:08:00.248455Z",
            "yes_price": 8,
            "no_price": 92,
            "taker_side": "yes"
        },
        {
            "trade_id": "9658399c-14f0-4d20-b951-b9d97eee08fe",
            "ticker": "KXHIGHDEN-25APR05-T41",
            "count": 3,
            "created_time": "2025-04-05T17:08:00.248455Z",
            "yes_price": 8,
            "no_price": 92,
            "taker_side": "yes"
        },
        {
            "trade_id": "449da8a5-0495-43b9-a317-dfe1ba1da1be",
            "ticker": "KXHIGHDEN-25APR05-T41",
            "count": 1,
            "created_time": "2025-04-05T17:08:00.248455Z",
            "yes_price": 8,
            "no_price": 92,
            "taker_side": "yes"
        },
        {
            "trade_id": "bedda649-5bc1-4847-a27e-ecaad9855502",
            "ticker": "KXHIGHDEN-25APR05-T41",
            "count": 25,
            "created_time": "2025-04-05T17:05:06.951012Z",
            "yes_price": 8,
            "no_price": 92,
            "taker_side": "no"
        },
        {
            "trade_id": "df6b9d96-bc29-4778-8edd-076ef996836d",
            "ticker": "KXHIGHDEN-25APR05-T41",
            "count": 21,
            "created_time": "2025-04-05T17:02:56.711895Z",
            "yes_price": 8,
            "no_price": 92,
            "taker_side": "no"
        },
        {
            "trade_id": "c71d50c4-d0a5-4b65-a793-40d1a1bbf4aa",
            "ticker": "KXHIGHDEN-25APR05-T41",
            "count": 1,
            "created_time": "2025-04-05T17:01:00.192581Z",
            "yes_price": 8,
            "no_price": 92,
            "taker_side": "no"
        },
        {
            "trade_id": "c459f099-93ac-4c8b-8977-d14b8937c16b",
            "ticker": "KXHIGHDEN-25APR05-T41",
            "count": 11,
            "created_time": "2025-04-05T17:00:39.533617Z",
            "yes_price": 8,
            "no_price": 92,
            "taker_side": "yes"
        },
        {
            "trade_id": "78b7b716-e7e1-4a23-8d12-ddb8bde53318",
            "ticker": "KXHIGHDEN-25APR05-T41",
            "count": 9,
            "created_time": "2025-04-05T16:55:40.481243Z",
            "yes_price": 8,
            "no_price": 92,
            "taker_side": "yes"
        },
        {
            "trade_id": "3dfa829d-0d41-4fda-a60a-240a5f162781",
            "ticker": "KXHIGHDEN-25APR05-T41",
            "count": 3,
            "created_time": "2025-04-05T16:55:40.481243Z",
            "yes_price": 8,
            "no_price": 92,
            "taker_side": "yes"
        },
        {
            "trade_id": "6fe786aa-1b29-45cb-a93b-c70c418c7792",
            "ticker": "KXHIGHDEN-25APR05-T41",
            "count": 25,
            "created_time": "2025-04-05T16:51:02.054867Z",
            "yes_price": 8,
            "no_price": 92,
            "taker_side": "yes"
        },
        {
            "trade_id": "efe450d0-60af-4f02-aad0-c71805c922e6",
            "ticker": "KXHIGHDEN-25APR05-T41",
            "count": 22,
            "created_time": "2025-04-05T16:36:40.54939Z",
            "yes_price": 7,
            "no_price": 93,
            "taker_side": "no"
        },
        {
            "trade_id": "8b23b095-da54-4680-bff7-9f1b976627ae",
            "ticker": "KXHIGHDEN-25APR05-T41",
            "count": 25,
            "created_time": "2025-04-05T16:36:40.54939Z",
            "yes_price": 7,
            "no_price": 93,
            "taker_side": "no"
        },
        {
            "trade_id": "5979e5e5-2130-4e12-9ff3-ce02603f7742",
            "ticker": "KXHIGHDEN-25APR05-T41",
            "count": 25,
            "created_time": "2025-04-05T16:36:40.54939Z",
            "yes_price": 6,
            "no_price": 94,
            "taker_side": "no"
        },
        {
            "trade_id": "dc058285-adbe-4b69-9570-6235753aa48a",
            "ticker": "KXHIGHDEN-25APR05-T41",
            "count": 39,
            "created_time": "2025-04-05T16:36:02.946975Z",
            "yes_price": 8,
            "no_price": 92,
            "taker_side": "yes"
        },
        {
            "trade_id": "b1b7ab47-92d6-4bc5-a221-f97b5316b826",
            "ticker": "KXHIGHDEN-25APR05-T41",
            "count": 18,
            "created_time": "2025-04-05T16:36:02.946975Z",
            "yes_price": 8,
            "no_price": 92,
            "taker_side": "yes"
        },
        {
            "trade_id": "e9deabe9-fed5-4ff1-848f-9994d5b6b4a4",
            "ticker": "KXHIGHDEN-25APR05-T41",
            "count": 5,
            "created_time": "2025-04-05T16:35:47.811778Z",
            "yes_price": 7,
            "no_price": 93,
            "taker_side": "no"
        },
        {
            "trade_id": "7447bb16-0ff9-4188-86a9-cc3a861b04df",
            "ticker": "KXHIGHDEN-25APR05-T41",
            "count": 1,
            "created_time": "2025-04-05T16:35:08.122429Z",
            "yes_price": 7,
            "no_price": 93,
            "taker_side": "yes"
        },
        {
            "trade_id": "d72d9f8e-6a07-49f7-9868-0b29088bf598",
            "ticker": "KXHIGHDEN-25APR05-T41",
            "count": 48,
            "created_time": "2025-04-05T16:26:09.112506Z",
            "yes_price": 7,
            "no_price": 93,
            "taker_side": "no"
        },
        {
            "trade_id": "d55e5a28-00bd-40b6-8a8b-d3bae2ce9575",
            "ticker": "KXHIGHDEN-25APR05-T41",
            "count": 40,
            "created_time": "2025-04-05T16:26:09.112506Z",
            "yes_price": 7,
            "no_price": 93,
            "taker_side": "no"
        },
        {
            "trade_id": "a8dbd353-09c2-4f6f-ad09-ff7811078051",
            "ticker": "KXHIGHDEN-25APR05-T41",
            "count": 27,
            "created_time": "2025-04-05T16:26:06.470728Z",
            "yes_price": 8,
            "no_price": 92,
            "taker_side": "yes"
        },
        {
            "trade_id": "78346a55-d77b-4cdb-b0ad-41a7df673992",
            "ticker": "KXHIGHDEN-25APR05-T41",
            "count": 2,
            "created_time": "2025-04-05T16:25:11.12762Z",
            "yes_price": 7,
            "no_price": 93,
            "taker_side": "no"
        },
        {
            "trade_id": "0ed33a70-6861-49d3-8cd5-70de038fe860",
            "ticker": "KXHIGHDEN-25APR05-T41",
            "count": 6,
            "created_time": "2025-04-05T16:24:48.042577Z",
            "yes_price": 6,
            "no_price": 94,
            "taker_side": "no"
        },
        {
            "trade_id": "d4484b4b-9cd6-4cff-9484-6c1794164ff1",
            "ticker": "KXHIGHDEN-25APR05-T41",
            "count": 1,
            "created_time": "2025-04-05T16:24:07.012727Z",
            "yes_price": 6,
            "no_price": 94,
            "taker_side": "no"
        },
        {
            "trade_id": "deb57203-809a-4f85-8177-5e242d9ae853",
            "ticker": "KXHIGHDEN-25APR05-T41",
            "count": 16,
            "created_time": "2025-04-05T16:23:43.467071Z",
            "yes_price": 6,
            "no_price": 94,
            "taker_side": "yes"
        },
        {
            "trade_id": "8ef2cd4b-b422-449c-93a3-5067246152b8",
            "ticker": "KXHIGHDEN-25APR05-T41",
            "count": 1,
            "created_time": "2025-04-05T16:23:43.467071Z",
            "yes_price": 6,
            "no_price": 94,
            "taker_side": "yes"
        },
        {
            "trade_id": "31b594b4-c2a0-4c09-b7ac-607230604d50",
            "ticker": "KXHIGHDEN-25APR05-T41",
            "count": 49,
            "created_time": "2025-04-05T16:23:43.467071Z",
            "yes_price": 6,
            "no_price": 94,
            "taker_side": "yes"
        },
        {
            "trade_id": "2b2c4dc2-ede6-4263-b522-e127fafc3f0c",
            "ticker": "KXHIGHDEN-25APR05-T41",
            "count": 50,
            "created_time": "2025-04-05T16:17:09.432435Z",
            "yes_price": 6,
            "no_price": 94,
            "taker_side": "yes"
        },
        {
            "trade_id": "868f0080-eb14-4208-9257-e720eece8900",
            "ticker": "KXHIGHDEN-25APR05-T41",
            "count": 25,
            "created_time": "2025-04-05T16:10:12.817171Z",
            "yes_price": 5,
            "no_price": 95,
            "taker_side": "yes"
        },
        {
            "trade_id": "8cfe9de7-bd12-4973-b380-235bb85e2f54",
            "ticker": "KXHIGHDEN-25APR05-T41",
            "count": 25,
            "created_time": "2025-04-05T16:07:15.513529Z",
            "yes_price": 5,
            "no_price": 95,
            "taker_side": "yes"
        },
        {
            "trade_id": "d032cd54-28d4-41a5-a57d-a64d5fa4673f",
            "ticker": "KXHIGHDEN-25APR05-T41",
            "count": 17,
            "created_time": "2025-04-05T15:54:18.478967Z",
            "yes_price": 5,
            "no_price": 95,
            "taker_side": "no"
        },
        {
            "trade_id": "a8db359e-b6f2-488d-9d96-f0be1ed3f396",
            "ticker": "KXHIGHDEN-25APR05-T41",
            "count": 63,
            "created_time": "2025-04-05T15:54:18.478967Z",
            "yes_price": 2,
            "no_price": 98,
            "taker_side": "no"
        },
        {
            "trade_id": "71e7c5f8-8f49-4af2-8751-bdf78d7b2cb4",
            "ticker": "KXHIGHDEN-25APR05-T41",
            "count": 50,
            "created_time": "2025-04-05T15:54:18.478967Z",
            "yes_price": 4,
            "no_price": 96,
            "taker_side": "no"
        },
        {
            "trade_id": "630cee2f-1403-4b28-a7f3-6dad7bd95dba",
            "ticker": "KXHIGHDEN-25APR05-T41",
            "count": 15,
            "created_time": "2025-04-05T15:54:18.478967Z",
            "yes_price": 6,
            "no_price": 94,
            "taker_side": "no"
        },
        {
            "trade_id": "59e6b064-4ee3-4d39-9791-41f96b23be0d",
            "ticker": "KXHIGHDEN-25APR05-T41",
            "count": 99,
            "created_time": "2025-04-05T15:54:18.478967Z",
            "yes_price": 3,
            "no_price": 97,
            "taker_side": "no"
        },
        {
            "trade_id": "32d04529-5d54-4f5d-8b04-c1150ee31542",
            "ticker": "KXHIGHDEN-25APR05-T41",
            "count": 6,
            "created_time": "2025-04-05T15:54:18.478967Z",
            "yes_price": 3,
            "no_price": 97,
            "taker_side": "no"
        },
        {
            "trade_id": "decbd04e-66a0-45b0-bb65-b6e5e69f69ed",
            "ticker": "KXHIGHDEN-25APR05-T41",
            "count": 11,
            "created_time": "2025-04-05T15:51:50.300016Z",
            "yes_price": 6,
            "no_price": 94,
            "taker_side": "no"
        },
        {
            "trade_id": "08a92c1f-af72-4504-bfd5-dfcbe5db780e",
            "ticker": "KXHIGHDEN-25APR05-T41",
            "count": 1,
            "created_time": "2025-04-05T15:51:05.920541Z",
            "yes_price": 6,
            "no_price": 94,
            "taker_side": "no"
        },
        {
            "trade_id": "c40e18b3-c529-46e0-ba20-7be930c54fe3",
            "ticker": "KXHIGHDEN-25APR05-T41",
            "count": 2,
            "created_time": "2025-04-05T15:50:55.430078Z",
            "yes_price": 6,
            "no_price": 94,
            "taker_side": "no"
        },
        {
            "trade_id": "4cf19b3c-f6c7-4567-aeea-fdae35575db5",
            "ticker": "KXHIGHDEN-25APR05-T41",
            "count": 1,
            "created_time": "2025-04-05T15:50:41.689021Z",
            "yes_price": 6,
            "no_price": 94,
            "taker_side": "yes"
        },
        {
            "trade_id": "23728519-bbbb-43c9-8eb4-a2315438c178",
            "ticker": "KXHIGHDEN-25APR05-T41",
            "count": 20,
            "created_time": "2025-04-05T15:50:41.689021Z",
            "yes_price": 6,
            "no_price": 94,
            "taker_side": "yes"
        },
        {
            "trade_id": "faa5a675-64a6-4fea-af26-00f18a9cb6ea",
            "ticker": "KXHIGHDEN-25APR05-T41",
            "count": 3,
            "created_time": "2025-04-05T15:46:42.488966Z",
            "yes_price": 6,
            "no_price": 94,
            "taker_side": "yes"
        },
        {
            "trade_id": "686a91a9-1e44-44ab-ab87-6fc2e9134864",
            "ticker": "KXHIGHDEN-25APR05-T41",
            "count": 5,
            "created_time": "2025-04-05T15:46:42.488966Z",
            "yes_price": 6,
            "no_price": 94,
            "taker_side": "yes"
        },
        {
            "trade_id": "da7fc67b-e572-47c0-b470-a6f1a077b5be",
            "ticker": "KXHIGHDEN-25APR05-T41",
            "count": 26,
            "created_time": "2025-04-05T15:37:53.241279Z",
            "yes_price": 6,
            "no_price": 94,
            "taker_side": "yes"
        },
        {
            "trade_id": "6f0f0978-a43c-4ab0-9768-15a14ead497f",
            "ticker": "KXHIGHDEN-25APR05-T41",
            "count": 150,
            "created_time": "2025-04-05T15:37:53.241279Z",
            "yes_price": 6,
            "no_price": 94,
            "taker_side": "yes"
        },
        {
            "trade_id": "75b45f9c-e722-4a68-b5d5-9ced94f9d3ab",
            "ticker": "KXHIGHDEN-25APR05-T41",
            "count": 50,
            "created_time": "2025-04-05T15:26:36.920423Z",
            "yes_price": 5,
            "no_price": 95,
            "taker_side": "no"
        },
        {
            "trade_id": "5fec5d74-efe2-4c31-9e44-a3f910326ec7",
            "ticker": "KXHIGHDEN-25APR05-T41",
            "count": 13,
            "created_time": "2025-04-05T15:26:36.920423Z",
            "yes_price": 5,
            "no_price": 95,
            "taker_side": "no"
        },
        {
            "trade_id": "8a163d05-e4b0-4b82-a401-1d9795018056",
            "ticker": "KXHIGHDEN-25APR05-T41",
            "count": 14,
            "created_time": "2025-04-05T15:22:11.237605Z",
            "yes_price": 5,
            "no_price": 95,
            "taker_side": "no"
        },
        {
            "trade_id": "11ee4cee-27a3-40c1-9579-45733716ece6",
            "ticker": "KXHIGHDEN-25APR05-T41",
            "count": 16,
            "created_time": "2025-04-05T15:22:11.237605Z",
            "yes_price": 5,
            "no_price": 95,
            "taker_side": "no"
        },
        {
            "trade_id": "7337f335-ae55-412d-8b47-8684d7994a47",
            "ticker": "KXHIGHDEN-25APR05-T41",
            "count": 33,
            "created_time": "2025-04-05T15:20:39.549103Z",
            "yes_price": 6,
            "no_price": 94,
            "taker_side": "no"
        },
        {
            "trade_id": "06357e62-dfd4-4055-9d6e-5ddd50a54d54",
            "ticker": "KXHIGHDEN-25APR05-T41",
            "count": 19,
            "created_time": "2025-04-05T15:20:39.549103Z",
            "yes_price": 6,
            "no_price": 94,
            "taker_side": "no"
        },
        {
            "trade_id": "f0697e1f-3da0-4f40-a37d-190a3370c3f1",
            "ticker": "KXHIGHDEN-25APR05-T41",
            "count": 9,
            "created_time": "2025-04-05T15:16:06.27224Z",
            "yes_price": 7,
            "no_price": 93,
            "taker_side": "yes"
        },
        {
            "trade_id": "e887377b-5bee-419f-b20d-4d61718cae2d",
            "ticker": "KXHIGHDEN-25APR05-T41",
            "count": 5,
            "created_time": "2025-04-05T15:16:06.27224Z",
            "yes_price": 7,
            "no_price": 93,
            "taker_side": "yes"
        },
        {
            "trade_id": "958090fe-c957-40fb-ba58-bb3e0f58d2ea",
            "ticker": "KXHIGHDEN-25APR05-T41",
            "count": 4,
            "created_time": "2025-04-05T15:16:06.27224Z",
            "yes_price": 7,
            "no_price": 93,
            "taker_side": "yes"
        },
        {
            "trade_id": "91f37974-45de-4a49-8efa-1b0eec40fc59",
            "ticker": "KXHIGHDEN-25APR05-T41",
            "count": 19,
            "created_time": "2025-04-05T15:16:06.27224Z",
            "yes_price": 7,
            "no_price": 93,
            "taker_side": "yes"
        },
        {
            "trade_id": "c4f9dec6-a3e5-4c26-ba28-47d8a328e250",
            "ticker": "KXHIGHDEN-25APR05-T41",
            "count": 28,
            "created_time": "2025-04-05T15:13:06.489603Z",
            "yes_price": 6,
            "no_price": 94,
            "taker_side": "no"
        },
        {
            "trade_id": "8d5c828a-954b-4bea-a324-d98091ae085a",
            "ticker": "KXHIGHDEN-25APR05-T41",
            "count": 1,
            "created_time": "2025-04-05T15:00:06.426004Z",
            "yes_price": 7,
            "no_price": 93,
            "taker_side": "yes"
        },
        {
            "trade_id": "88eeb705-b34c-45d6-865c-29059e590921",
            "ticker": "KXHIGHDEN-25APR05-T41",
            "count": 16,
            "created_time": "2025-04-05T15:00:06.426004Z",
            "yes_price": 7,
            "no_price": 93,
            "taker_side": "yes"
        },
        {
            "trade_id": "8443e87a-cb4c-4298-bb6b-73ea55c7dfe3",
            "ticker": "KXHIGHDEN-25APR05-T41",
            "count": 100,
            "created_time": "2025-04-05T15:00:06.426004Z",
            "yes_price": 7,
            "no_price": 93,
            "taker_side": "yes"
        },
        {
            "trade_id": "33c5497d-9b48-40a6-bd9a-c2e45cb9dae2",
            "ticker": "KXHIGHDEN-25APR05-T41",
            "count": 1,
            "created_time": "2025-04-05T14:40:00.184388Z",
            "yes_price": 7,
            "no_price": 93,
            "taker_side": "yes"
        },
        {
            "trade_id": "16b43dfe-040c-4cfd-ba12-9ec227a20138",
            "ticker": "KXHIGHDEN-25APR05-T41",
            "count": 1,
            "created_time": "2025-04-05T14:38:59.790319Z",
            "yes_price": 8,
            "no_price": 92,
            "taker_side": "yes"
        },
        {
            "trade_id": "b720986f-97d1-4e3a-a85f-b721d8fb6f2e",
            "ticker": "KXHIGHDEN-25APR05-T41",
            "count": 3,
            "created_time": "2025-04-05T14:35:10.624849Z",
            "yes_price": 5,
            "no_price": 95,
            "taker_side": "no"
        },
        {
            "trade_id": "2d047cb1-00e5-4f47-bd49-fe48eda9aa9a",
            "ticker": "KXHIGHDEN-25APR05-T41",
            "count": 3,
            "created_time": "2025-04-05T14:35:10.585352Z",
            "yes_price": 5,
            "no_price": 95,
            "taker_side": "no"
        },
        {
            "trade_id": "6c6d667b-e51e-4b46-ac47-4bb1463da864",
            "ticker": "KXHIGHDEN-25APR05-T41",
            "count": 1,
            "created_time": "2025-04-05T14:33:33.260941Z",
            "yes_price": 5,
            "no_price": 95,
            "taker_side": "no"
        },
        {
            "trade_id": "dfdf3091-ffc5-4706-be2e-b2fe6ab7c3d9",
            "ticker": "KXHIGHDEN-25APR05-T41",
            "count": 1,
            "created_time": "2025-04-05T14:32:52.599752Z",
            "yes_price": 5,
            "no_price": 95,
            "taker_side": "no"
        },
        {
            "trade_id": "d4694d7b-c0c4-4770-99da-95074746a1e8",
            "ticker": "KXHIGHDEN-25APR05-T41",
            "count": 1,
            "created_time": "2025-04-05T14:32:18.612259Z",
            "yes_price": 5,
            "no_price": 95,
            "taker_side": "no"
        },
        {
            "trade_id": "e8794130-c5b0-4b5b-8e81-593e0ff6f74f",
            "ticker": "KXHIGHDEN-25APR05-T41",
            "count": 25,
            "created_time": "2025-04-05T14:19:41.732568Z",
            "yes_price": 6,
            "no_price": 94,
            "taker_side": "no"
        },
        {
            "trade_id": "c96c5c2d-26eb-46a0-b85b-e6684476094f",
            "ticker": "KXHIGHDEN-25APR05-T41",
            "count": 17,
            "created_time": "2025-04-05T14:19:41.732568Z",
            "yes_price": 6,
            "no_price": 94,
            "taker_side": "no"
        },
        {
            "trade_id": "a5d969c5-dcf7-43db-a69d-dc5c93be8527",
            "ticker": "KXHIGHDEN-25APR05-T41",
            "count": 25,
            "created_time": "2025-04-05T14:19:41.732568Z",
            "yes_price": 5,
            "no_price": 95,
            "taker_side": "no"
        },
        {
            "trade_id": "a184a689-38b5-4de9-9b96-51222576cf42",
            "ticker": "KXHIGHDEN-25APR05-T41",
            "count": 47,
            "created_time": "2025-04-05T14:19:41.732568Z",
            "yes_price": 4,
            "no_price": 96,
            "taker_side": "no"
        },
        {
            "trade_id": "7b4f7e01-733f-4a76-8121-c15c742fa3b2",
            "ticker": "KXHIGHDEN-25APR05-T41",
            "count": 99,
            "created_time": "2025-04-05T14:19:41.732568Z",
            "yes_price": 3,
            "no_price": 97,
            "taker_side": "no"
        },
        {
            "trade_id": "6dd85100-71d8-4b3e-a8b2-314e5910adef",
            "ticker": "KXHIGHDEN-25APR05-T41",
            "count": 6,
            "created_time": "2025-04-05T14:19:41.732568Z",
            "yes_price": 2,
            "no_price": 98,
            "taker_side": "no"
        },
        {
            "trade_id": "52b51978-8264-4aba-901c-4c933325f887",
            "ticker": "KXHIGHDEN-25APR05-T41",
            "count": 19,
            "created_time": "2025-04-05T14:19:41.732568Z",
            "yes_price": 1,
            "no_price": 99,
            "taker_side": "no"
        },
        {
            "trade_id": "300d0e00-69e1-4ef2-b524-a8081e8709bc",
            "ticker": "KXHIGHDEN-25APR05-T41",
            "count": 20,
            "created_time": "2025-04-05T14:19:41.732568Z",
            "yes_price": 2,
            "no_price": 98,
            "taker_side": "no"
        },
        {
            "trade_id": "070932fb-3efd-4dc6-9c72-5585e2a77d01",
            "ticker": "KXHIGHDEN-25APR05-T41",
            "count": 20,
            "created_time": "2025-04-05T14:16:24.326936Z",
            "yes_price": 6,
            "no_price": 94,
            "taker_side": "no"
        },
        {
            "trade_id": "a19769e6-1654-4c40-8b0b-247bbd276252",
            "ticker": "KXHIGHDEN-25APR05-T41",
            "count": 1,
            "created_time": "2025-04-05T14:15:16.938839Z",
            "yes_price": 7,
            "no_price": 93,
            "taker_side": "yes"
        },
        {
            "trade_id": "0f142431-9dc4-4b48-b81f-7901c5939a72",
            "ticker": "KXHIGHDEN-25APR05-T41",
            "count": 11,
            "created_time": "2025-04-05T14:15:16.938839Z",
            "yes_price": 7,
            "no_price": 93,
            "taker_side": "yes"
        },
        {
            "trade_id": "b84d736f-bf88-4737-8da9-3565d2868335",
            "ticker": "KXHIGHDEN-25APR05-T41",
            "count": 2,
            "created_time": "2025-04-05T14:13:27.10944Z",
            "yes_price": 6,
            "no_price": 94,
            "taker_side": "no"
        },
        {
            "trade_id": "c388f043-a92e-40ec-ac78-9905106eb1d8",
            "ticker": "KXHIGHDEN-25APR05-T41",
            "count": 9,
            "created_time": "2025-04-05T14:12:52.410348Z",
            "yes_price": 7,
            "no_price": 93,
            "taker_side": "yes"
        },
        {
            "trade_id": "893b0b0b-f99a-4e3c-a97d-24e8c5a7dcbe",
            "ticker": "KXHIGHDEN-25APR05-T41",
            "count": 10,
            "created_time": "2025-04-05T14:12:52.410348Z",
            "yes_price": 7,
            "no_price": 93,
            "taker_side": "yes"
        },
        {
            "trade_id": "4dbbb819-a142-4684-a6e2-9c2766e8115d",
            "ticker": "KXHIGHDEN-25APR05-T41",
            "count": 2,
            "created_time": "2025-04-05T14:12:52.410348Z",
            "yes_price": 7,
            "no_price": 93,
            "taker_side": "yes"
        },
        {
            "trade_id": "bfd06192-c870-4721-890f-bb9104df64f7",
            "ticker": "KXHIGHDEN-25APR05-T41",
            "count": 3,
            "created_time": "2025-04-05T14:06:54.926449Z",
            "yes_price": 6,
            "no_price": 94,
            "taker_side": "no"
        },
        {
            "trade_id": "fe66e3c0-764c-4f69-b4ea-5204634e291d",
            "ticker": "KXHIGHDEN-25APR05-T41",
            "count": 8,
            "created_time": "2025-04-05T14:06:38.057148Z",
            "yes_price": 7,
            "no_price": 93,
            "taker_side": "yes"
        },
        {
            "trade_id": "bcfe5aa5-823a-4dc8-a3e2-b30551fe4932",
            "ticker": "KXHIGHDEN-25APR05-T41",
            "count": 27,
            "created_time": "2025-04-05T14:06:38.057148Z",
            "yes_price": 7,
            "no_price": 93,
            "taker_side": "yes"
        },
        {
            "trade_id": "f49923de-33f7-4595-abd3-52af525b3038",
            "ticker": "KXHIGHDEN-25APR05-T41",
            "count": 10,
            "created_time": "2025-04-05T14:01:54.85217Z",
            "yes_price": 7,
            "no_price": 93,
            "taker_side": "yes"
        },
        {
            "trade_id": "30cdd5ee-a141-466e-a63c-35af2bc3a3dc",
            "ticker": "KXHIGHDEN-25APR05-T41",
            "count": 10,
            "created_time": "2025-04-05T14:01:54.85217Z",
            "yes_price": 7,
            "no_price": 93,
            "taker_side": "yes"
        },
        {
            "trade_id": "0cc7f133-4d53-4920-b46c-02ebad06b202",
            "ticker": "KXHIGHDEN-25APR05-T41",
            "count": 4,
            "created_time": "2025-04-05T14:01:54.85217Z",
            "yes_price": 7,
            "no_price": 93,
            "taker_side": "yes"
        },
        {
            "trade_id": "b5121eae-d628-4a53-9580-c15883bd3d22",
            "ticker": "KXHIGHDEN-25APR05-T41",
            "count": 8,
            "created_time": "2025-04-05T14:01:54.125615Z",
            "yes_price": 6,
            "no_price": 94,
            "taker_side": "no"
        },
        {
            "trade_id": "237048ce-3634-47ca-8818-2cb009c86148",
            "ticker": "KXHIGHDEN-25APR05-T41",
            "count": 13,
            "created_time": "2025-04-05T14:01:08.165343Z",
            "yes_price": 6,
            "no_price": 94,
            "taker_side": "no"
        },
        {
            "trade_id": "f5d6bc05-58ba-44d7-8873-bc93e415c173",
            "ticker": "KXHIGHDEN-25APR05-T41",
            "count": 3,
            "created_time": "2025-04-05T14:00:44.354568Z",
            "yes_price": 6,
            "no_price": 94,
            "taker_side": "no"
        },
        {
            "trade_id": "d5928db6-23e7-4420-8a7b-1fdb3e9d6feb",
            "ticker": "KXHIGHDEN-25APR05-T41",
            "count": 18,
            "created_time": "2025-04-05T14:00:40.322591Z",
            "yes_price": 6,
            "no_price": 94,
            "taker_side": "no"
        },
        {
            "trade_id": "9278f1f4-19ef-4076-ae4f-04b8efbdc543",
            "ticker": "KXHIGHDEN-25APR05-T41",
            "count": 8,
            "created_time": "2025-04-05T14:00:33.715214Z",
            "yes_price": 7,
            "no_price": 93,
            "taker_side": "yes"
        },
        {
            "trade_id": "8964aee0-bf5f-40a7-87ce-14b0bd11ae8b",
            "ticker": "KXHIGHDEN-25APR05-T41",
            "count": 1,
            "created_time": "2025-04-05T14:00:33.715214Z",
            "yes_price": 7,
            "no_price": 93,
            "taker_side": "yes"
        },
        {
            "trade_id": "304d4ee6-d6b9-4e4b-bc88-0fcb992fa65f",
            "ticker": "KXHIGHDEN-25APR05-T41",
            "count": 2,
            "created_time": "2025-04-05T14:00:33.715214Z",
            "yes_price": 7,
            "no_price": 93,
            "taker_side": "yes"
        },
        {
            "trade_id": "6b6ac5bb-053f-4c2f-a92e-78484d7a8f76",
            "ticker": "KXHIGHDEN-25APR05-T41",
            "count": 16,
            "created_time": "2025-04-05T14:00:25.672402Z",
            "yes_price": 6,
            "no_price": 94,
            "taker_side": "no"
        },
        {
            "trade_id": "1ef30959-a6ae-4a7d-99b1-542304170647",
            "ticker": "KXHIGHDEN-25APR05-T41",
            "count": 6,
            "created_time": "2025-04-05T14:00:25.672402Z",
            "yes_price": 6,
            "no_price": 94,
            "taker_side": "no"
        },
        {
            "trade_id": "6636478c-6a38-44d7-afac-cd1a49acd584",
            "ticker": "KXHIGHDEN-25APR05-T41",
            "count": 4,
            "created_time": "2025-04-05T14:00:25.667471Z",
            "yes_price": 6,
            "no_price": 94,
            "taker_side": "no"
        },
        {
            "trade_id": "f731b911-2c4c-4b7e-969b-28397a3320a3",
            "ticker": "KXHIGHDEN-25APR05-T41",
            "count": 9,
            "created_time": "2025-04-05T13:58:48.34146Z",
            "yes_price": 5,
            "no_price": 95,
            "taker_side": "no"
        },
        {
            "trade_id": "cd0746c0-5f2e-4c62-8761-b06068f43d62",
            "ticker": "KXHIGHDEN-25APR05-T41",
            "count": 8,
            "created_time": "2025-04-05T13:58:48.34146Z",
            "yes_price": 5,
            "no_price": 95,
            "taker_side": "no"
        },
        {
            "trade_id": "c8725ab4-8c13-4b3f-bb4f-2e79bfdd9eb5",
            "ticker": "KXHIGHDEN-25APR05-T41",
            "count": 1,
            "created_time": "2025-04-05T13:58:36.016059Z",
            "yes_price": 7,
            "no_price": 93,
            "taker_side": "yes"
        },
        {
            "trade_id": "8989f6ce-c11c-4f84-adb5-ba4a354b84e7",
            "ticker": "KXHIGHDEN-25APR05-T41",
            "count": 19,
            "created_time": "2025-04-05T13:58:36.016059Z",
            "yes_price": 7,
            "no_price": 93,
            "taker_side": "yes"
        },
        {
            "trade_id": "78f29bd0-d62e-40d1-901e-c4f3fe419def",
            "ticker": "KXHIGHDEN-25APR05-T41",
            "count": 1,
            "created_time": "2025-04-05T13:58:36.016059Z",
            "yes_price": 7,
            "no_price": 93,
            "taker_side": "yes"
        },
        {
            "trade_id": "020c6a04-0633-4ec4-9e43-744f7a9fb76a",
            "ticker": "KXHIGHDEN-25APR05-T41",
            "count": 18,
            "created_time": "2025-04-05T13:58:36.016059Z",
            "yes_price": 7,
            "no_price": 93,
            "taker_side": "yes"
        },
        {
            "trade_id": "e66d30d2-5360-450c-8c52-b1ea9203a25e",
            "ticker": "KXHIGHDEN-25APR05-T41",
            "count": 13,
            "created_time": "2025-04-05T13:45:03.262036Z",
            "yes_price": 5,
            "no_price": 95,
            "taker_side": "no"
        },
        {
            "trade_id": "c5fc3a0b-2365-4694-b331-0eb11a06ac0c",
            "ticker": "KXHIGHDEN-25APR05-T41",
            "count": 12,
            "created_time": "2025-04-05T13:43:22.809492Z",
            "yes_price": 6,
            "no_price": 94,
            "taker_side": "yes"
        },
        {
            "trade_id": "bba9e6fc-a067-4a9c-9fb3-f7b5bbe4554d",
            "ticker": "KXHIGHDEN-25APR05-T41",
            "count": 13,
            "created_time": "2025-04-05T13:42:23.589476Z",
            "yes_price": 6,
            "no_price": 94,
            "taker_side": "yes"
        },
        {
            "trade_id": "6fdeb0c7-7fae-4d88-bd92-a8f19930a140",
            "ticker": "KXHIGHDEN-25APR05-T41",
            "count": 3,
            "created_time": "2025-04-05T13:40:57.847619Z",
            "yes_price": 5,
            "no_price": 95,
            "taker_side": "no"
        },
        {
            "trade_id": "1719f0f0-81f1-4af5-8487-5c996eaf49cc",
            "ticker": "KXHIGHDEN-25APR05-T41",
            "count": 13,
            "created_time": "2025-04-05T13:40:57.847619Z",
            "yes_price": 5,
            "no_price": 95,
            "taker_side": "no"
        },
        {
            "trade_id": "f40876c7-7cdd-49c0-8064-ac38be8078fe",
            "ticker": "KXHIGHDEN-25APR05-T41",
            "count": 55,
            "created_time": "2025-04-05T13:40:12.750993Z",
            "yes_price": 6,
            "no_price": 94,
            "taker_side": "yes"
        },
        {
            "trade_id": "ae1ec7e5-a35a-49cf-8069-468ab35be1e2",
            "ticker": "KXHIGHDEN-25APR05-T41",
            "count": 14,
            "created_time": "2025-04-05T13:40:12.750993Z",
            "yes_price": 6,
            "no_price": 94,
            "taker_side": "yes"
        },
        {
            "trade_id": "96259bf9-701b-4869-bd04-794309fa68bf",
            "ticker": "KXHIGHDEN-25APR05-T41",
            "count": 26,
            "created_time": "2025-04-05T13:40:12.750993Z",
            "yes_price": 6,
            "no_price": 94,
            "taker_side": "yes"
        },
        {
            "trade_id": "36d81544-50ab-4624-bd45-91b831e66eac",
            "ticker": "KXHIGHDEN-25APR05-T41",
            "count": 4,
            "created_time": "2025-04-05T13:29:07.604274Z",
            "yes_price": 5,
            "no_price": 95,
            "taker_side": "no"
        },
        {
            "trade_id": "d4f05b5f-a71a-42d8-90bc-157da0a398e3",
            "ticker": "KXHIGHDEN-25APR05-T41",
            "count": 1,
            "created_time": "2025-04-05T13:20:52.107264Z",
            "yes_price": 4,
            "no_price": 96,
            "taker_side": "no"
        },
        {
            "trade_id": "1c3f118b-3796-4940-95fa-40f245464c67",
            "ticker": "KXHIGHDEN-25APR05-T41",
            "count": 2,
            "created_time": "2025-04-05T13:18:46.411778Z",
            "yes_price": 5,
            "no_price": 95,
            "taker_side": "no"
        },
        {
            "trade_id": "ecbd35c6-24d0-4ed5-916d-89133464371a",
            "ticker": "KXHIGHDEN-25APR05-T41",
            "count": 4,
            "created_time": "2025-04-05T13:18:39.332294Z",
            "yes_price": 5,
            "no_price": 95,
            "taker_side": "no"
        },
        {
            "trade_id": "cfd061f0-5200-44c9-b037-71192a318f17",
            "ticker": "KXHIGHDEN-25APR05-T41",
            "count": 119,
            "created_time": "2025-04-05T13:18:11.117884Z",
            "yes_price": 5,
            "no_price": 95,
            "taker_side": "yes"
        },
        {
            "trade_id": "a4274070-ac04-4049-9d48-733e8215d40b",
            "ticker": "KXHIGHDEN-25APR05-T41",
            "count": 18,
            "created_time": "2025-04-05T13:18:11.117884Z",
            "yes_price": 5,
            "no_price": 95,
            "taker_side": "yes"
        },
        {
            "trade_id": "80bb8ac3-134e-40b5-9cb2-2d0a82c7186b",
            "ticker": "KXHIGHDEN-25APR05-T41",
            "count": 3,
            "created_time": "2025-04-05T13:15:41.050983Z",
            "yes_price": 4,
            "no_price": 96,
            "taker_side": "yes"
        },
        {
            "trade_id": "16a208d1-a091-4c9e-a10f-4f5bde2f670b",
            "ticker": "KXHIGHDEN-25APR05-T41",
            "count": 65,
            "created_time": "2025-04-05T13:15:41.050983Z",
            "yes_price": 4,
            "no_price": 96,
            "taker_side": "yes"
        },
        {
            "trade_id": "7a0bec32-a568-478e-bacc-b69e1c9a1413",
            "ticker": "KXHIGHDEN-25APR05-T41",
            "count": 19,
            "created_time": "2025-04-05T13:11:25.904101Z",
            "yes_price": 4,
            "no_price": 96,
            "taker_side": "yes"
        },
        {
            "trade_id": "8b40688f-5307-4eb6-b526-3cbf73251ce4",
            "ticker": "KXHIGHDEN-25APR05-T41",
            "count": 83,
            "created_time": "2025-04-05T12:43:54.858323Z",
            "yes_price": 4,
            "no_price": 96,
            "taker_side": "yes"
        },
        {
            "trade_id": "662459c7-b647-46e2-a930-4075c0cf37f9",
            "ticker": "KXHIGHDEN-25APR05-T41",
            "count": 33,
            "created_time": "2025-04-05T12:15:32.713859Z",
            "yes_price": 3,
            "no_price": 97,
            "taker_side": "no"
        },
        {
            "trade_id": "f5a35235-1047-4314-a4c0-2e2751d07bba",
            "ticker": "KXHIGHDEN-25APR05-T41",
            "count": 23,
            "created_time": "2025-04-05T12:11:50.620915Z",
            "yes_price": 4,
            "no_price": 96,
            "taker_side": "yes"
        }
    ],
    "KXHIGHDEN-25APR05-B41.5": [
        {
            "trade_id": "d6430c11-a448-49b7-84e5-07f361567aea",
            "ticker": "KXHIGHDEN-25APR05-B41.5",
            "count": 65,
            "created_time": "2025-04-06T04:06:43.046649Z",
            "yes_price": 99,
            "no_price": 1,
            "taker_side": "no"
        },
        {
            "trade_id": "17a2ff08-8a0a-4c1b-9250-caf4381f8e94",
            "ticker": "KXHIGHDEN-25APR05-B41.5",
            "count": 13,
            "created_time": "2025-04-06T03:27:48.24412Z",
            "yes_price": 99,
            "no_price": 1,
            "taker_side": "no"
        },
        {
            "trade_id": "a6a62000-a2df-4440-a068-d446129b4bbd",
            "ticker": "KXHIGHDEN-25APR05-B41.5",
            "count": 26,
            "created_time": "2025-04-06T02:33:59.995155Z",
            "yes_price": 99,
            "no_price": 1,
            "taker_side": "no"
        },
        {
            "trade_id": "dd112953-2b5a-4506-a28e-b86f9676d912",
            "ticker": "KXHIGHDEN-25APR05-B41.5",
            "count": 1000,
            "created_time": "2025-04-06T00:41:35.042481Z",
            "yes_price": 99,
            "no_price": 1,
            "taker_side": "yes"
        },
        {
            "trade_id": "ca0db05d-cc3d-43bf-9c32-539d09f45d69",
            "ticker": "KXHIGHDEN-25APR05-B41.5",
            "count": 42,
            "created_time": "2025-04-06T00:41:35.042481Z",
            "yes_price": 99,
            "no_price": 1,
            "taker_side": "yes"
        },
        {
            "trade_id": "53a279e8-fb48-4397-8172-a409d27cbc64",
            "ticker": "KXHIGHDEN-25APR05-B41.5",
            "count": 30,
            "created_time": "2025-04-06T00:41:35.042481Z",
            "yes_price": 99,
            "no_price": 1,
            "taker_side": "yes"
        },
        {
            "trade_id": "38d9469a-67f7-4bb4-96e8-1d8a94c9633b",
            "ticker": "KXHIGHDEN-25APR05-B41.5",
            "count": 250,
            "created_time": "2025-04-06T00:41:35.042481Z",
            "yes_price": 99,
            "no_price": 1,
            "taker_side": "yes"
        },
        {
            "trade_id": "c9296a25-4433-4279-83be-f20db2b38ccd",
            "ticker": "KXHIGHDEN-25APR05-B41.5",
            "count": 90,
            "created_time": "2025-04-06T00:41:01.473919Z",
            "yes_price": 97,
            "no_price": 3,
            "taker_side": "yes"
        },
        {
            "trade_id": "a009e753-ff96-41fb-bd27-c9b3eb3211d9",
            "ticker": "KXHIGHDEN-25APR05-B41.5",
            "count": 50,
            "created_time": "2025-04-06T00:41:01.473919Z",
            "yes_price": 97,
            "no_price": 3,
            "taker_side": "yes"
        },
        {
            "trade_id": "9a3808e7-7735-40af-9967-27cfbcff28e0",
            "ticker": "KXHIGHDEN-25APR05-B41.5",
            "count": 100,
            "created_time": "2025-04-06T00:41:01.473919Z",
            "yes_price": 98,
            "no_price": 2,
            "taker_side": "yes"
        },
        {
            "trade_id": "776f7c7c-bfae-40ae-8ce6-b5a873858e3f",
            "ticker": "KXHIGHDEN-25APR05-B41.5",
            "count": 50,
            "created_time": "2025-04-06T00:24:57.958244Z",
            "yes_price": 96,
            "no_price": 4,
            "taker_side": "yes"
        },
        {
            "trade_id": "a0916841-e207-4ad5-b787-642b3be5771e",
            "ticker": "KXHIGHDEN-25APR05-B41.5",
            "count": 10,
            "created_time": "2025-04-06T00:23:52.613106Z",
            "yes_price": 97,
            "no_price": 3,
            "taker_side": "yes"
        },
        {
            "trade_id": "9faccd04-d5b0-48d2-8674-71f032fbd469",
            "ticker": "KXHIGHDEN-25APR05-B41.5",
            "count": 50,
            "created_time": "2025-04-06T00:11:35.389216Z",
            "yes_price": 95,
            "no_price": 5,
            "taker_side": "yes"
        },
        {
            "trade_id": "9717d898-df71-4335-927d-b34404a4fc12",
            "ticker": "KXHIGHDEN-25APR05-B41.5",
            "count": 1,
            "created_time": "2025-04-06T00:11:35.389216Z",
            "yes_price": 95,
            "no_price": 5,
            "taker_side": "yes"
        },
        {
            "trade_id": "2b98e7aa-861c-48eb-9c01-f12c42c2064c",
            "ticker": "KXHIGHDEN-25APR05-B41.5",
            "count": 427,
            "created_time": "2025-04-06T00:11:35.389216Z",
            "yes_price": 96,
            "no_price": 4,
            "taker_side": "yes"
        },
        {
            "trade_id": "9af6efaf-18d4-4ea6-960d-22cea2dc3c97",
            "ticker": "KXHIGHDEN-25APR05-B41.5",
            "count": 19,
            "created_time": "2025-04-06T00:01:46.81019Z",
            "yes_price": 79,
            "no_price": 21,
            "taker_side": "no"
        },
        {
            "trade_id": "876ed7ef-9c6f-44fa-8a79-eaa59293324d",
            "ticker": "KXHIGHDEN-25APR05-B41.5",
            "count": 1,
            "created_time": "2025-04-06T00:01:40.805539Z",
            "yes_price": 88,
            "no_price": 12,
            "taker_side": "no"
        },
        {
            "trade_id": "2657006b-b44e-4ffa-aeba-ddae1511622c",
            "ticker": "KXHIGHDEN-25APR05-B41.5",
            "count": 3,
            "created_time": "2025-04-05T23:51:03.205431Z",
            "yes_price": 90,
            "no_price": 10,
            "taker_side": "yes"
        },
        {
            "trade_id": "a5b08892-40ce-4747-908b-9370d2a78f29",
            "ticker": "KXHIGHDEN-25APR05-B41.5",
            "count": 5,
            "created_time": "2025-04-05T23:50:42.993109Z",
            "yes_price": 82,
            "no_price": 18,
            "taker_side": "no"
        },
        {
            "trade_id": "4befdc07-1c4c-4356-881f-848d1d68f8ca",
            "ticker": "KXHIGHDEN-25APR05-B41.5",
            "count": 1,
            "created_time": "2025-04-05T23:50:42.993109Z",
            "yes_price": 84,
            "no_price": 16,
            "taker_side": "no"
        },
        {
            "trade_id": "13d28741-68ec-4392-adf4-aef07a6a27eb",
            "ticker": "KXHIGHDEN-25APR05-B41.5",
            "count": 3,
            "created_time": "2025-04-05T23:50:42.993109Z",
            "yes_price": 81,
            "no_price": 19,
            "taker_side": "no"
        },
        {
            "trade_id": "e5faf848-fe55-44f1-84db-ed9f52dc64bc",
            "ticker": "KXHIGHDEN-25APR05-B41.5",
            "count": 21,
            "created_time": "2025-04-05T23:32:13.515999Z",
            "yes_price": 84,
            "no_price": 16,
            "taker_side": "yes"
        },
        {
            "trade_id": "a98ad864-6673-41f4-bff1-49a3b30f5dcb",
            "ticker": "KXHIGHDEN-25APR05-B41.5",
            "count": 191,
            "created_time": "2025-04-05T23:32:13.515999Z",
            "yes_price": 84,
            "no_price": 16,
            "taker_side": "yes"
        },
        {
            "trade_id": "59b95d11-9d79-4c5f-8788-e998ba342d21",
            "ticker": "KXHIGHDEN-25APR05-B41.5",
            "count": 50,
            "created_time": "2025-04-05T23:32:13.515999Z",
            "yes_price": 83,
            "no_price": 17,
            "taker_side": "yes"
        },
        {
            "trade_id": "5c350911-3645-44f4-81d3-21ebe052ba30",
            "ticker": "KXHIGHDEN-25APR05-B41.5",
            "count": 18,
            "created_time": "2025-04-05T23:26:50.35456Z",
            "yes_price": 82,
            "no_price": 18,
            "taker_side": "yes"
        },
        {
            "trade_id": "e9811f6a-e650-4f34-96a5-778fe4e61725",
            "ticker": "KXHIGHDEN-25APR05-B41.5",
            "count": 50,
            "created_time": "2025-04-05T23:26:07.774679Z",
            "yes_price": 82,
            "no_price": 18,
            "taker_side": "yes"
        },
        {
            "trade_id": "c9e6d712-5d3f-4ffe-b51b-36271407911e",
            "ticker": "KXHIGHDEN-25APR05-B41.5",
            "count": 1,
            "created_time": "2025-04-05T23:26:07.774679Z",
            "yes_price": 83,
            "no_price": 17,
            "taker_side": "yes"
        },
        {
            "trade_id": "c043f96b-ce5c-4f11-bfa9-cffba7ed5a51",
            "ticker": "KXHIGHDEN-25APR05-B41.5",
            "count": 9,
            "created_time": "2025-04-05T23:26:07.774679Z",
            "yes_price": 83,
            "no_price": 17,
            "taker_side": "yes"
        },
        {
            "trade_id": "788c955f-b70c-4eae-a250-485ae8a78161",
            "ticker": "KXHIGHDEN-25APR05-B41.5",
            "count": 9,
            "created_time": "2025-04-05T23:25:02.125725Z",
            "yes_price": 84,
            "no_price": 16,
            "taker_side": "yes"
        },
        {
            "trade_id": "68d82c89-6638-4f25-9e2b-777a1d7680c4",
            "ticker": "KXHIGHDEN-25APR05-B41.5",
            "count": 50,
            "created_time": "2025-04-05T23:25:02.125725Z",
            "yes_price": 83,
            "no_price": 17,
            "taker_side": "yes"
        },
        {
            "trade_id": "504e6707-79a7-4446-a162-59b410d3a7a2",
            "ticker": "KXHIGHDEN-25APR05-B41.5",
            "count": 15,
            "created_time": "2025-04-05T23:24:35.815074Z",
            "yes_price": 82,
            "no_price": 18,
            "taker_side": "yes"
        },
        {
            "trade_id": "ebda1c19-b12f-4854-88cf-6559844941a2",
            "ticker": "KXHIGHDEN-25APR05-B41.5",
            "count": 14,
            "created_time": "2025-04-05T23:24:28.301422Z",
            "yes_price": 79,
            "no_price": 21,
            "taker_side": "yes"
        },
        {
            "trade_id": "669183fe-ced7-4f2c-aa13-2363adbf6f83",
            "ticker": "KXHIGHDEN-25APR05-B41.5",
            "count": 1,
            "created_time": "2025-04-05T23:24:28.301422Z",
            "yes_price": 75,
            "no_price": 25,
            "taker_side": "yes"
        },
        {
            "trade_id": "86394fba-3c85-43a3-8d32-eecffad71920",
            "ticker": "KXHIGHDEN-25APR05-B41.5",
            "count": 9,
            "created_time": "2025-04-05T23:21:13.550258Z",
            "yes_price": 75,
            "no_price": 25,
            "taker_side": "yes"
        },
        {
            "trade_id": "c87860ee-ac64-45cd-833c-7afc90acfd65",
            "ticker": "KXHIGHDEN-25APR05-B41.5",
            "count": 50,
            "created_time": "2025-04-05T23:20:50.725071Z",
            "yes_price": 74,
            "no_price": 26,
            "taker_side": "yes"
        },
        {
            "trade_id": "9bdbc48f-e8ed-4fab-81b6-7650cb056810",
            "ticker": "KXHIGHDEN-25APR05-B41.5",
            "count": 10,
            "created_time": "2025-04-05T23:19:20.704181Z",
            "yes_price": 56,
            "no_price": 44,
            "taker_side": "no"
        },
        {
            "trade_id": "21a47eb7-785f-4ddb-a207-9f90503a8ec5",
            "ticker": "KXHIGHDEN-25APR05-B41.5",
            "count": 15,
            "created_time": "2025-04-05T23:19:20.704181Z",
            "yes_price": 56,
            "no_price": 44,
            "taker_side": "no"
        },
        {
            "trade_id": "5a04314e-500d-42ea-8904-5e2da9960426",
            "ticker": "KXHIGHDEN-25APR05-B41.5",
            "count": 15,
            "created_time": "2025-04-05T23:17:49.3653Z",
            "yes_price": 47,
            "no_price": 53,
            "taker_side": "yes"
        },
        {
            "trade_id": "46ec8a21-3948-4c8c-8184-567e6a2051a9",
            "ticker": "KXHIGHDEN-25APR05-B41.5",
            "count": 25,
            "created_time": "2025-04-05T23:17:49.3653Z",
            "yes_price": 47,
            "no_price": 53,
            "taker_side": "yes"
        },
        {
            "trade_id": "176586ac-9953-4563-963f-0fd413a0a8bd",
            "ticker": "KXHIGHDEN-25APR05-B41.5",
            "count": 50,
            "created_time": "2025-04-05T23:17:49.3653Z",
            "yes_price": 46,
            "no_price": 54,
            "taker_side": "yes"
        },
        {
            "trade_id": "385988d5-cab1-4c79-b615-43692865b4bc",
            "ticker": "KXHIGHDEN-25APR05-B41.5",
            "count": 15,
            "created_time": "2025-04-05T23:17:16.498798Z",
            "yes_price": 34,
            "no_price": 66,
            "taker_side": "yes"
        },
        {
            "trade_id": "222416d7-ac47-421e-ab03-473fd8d097b3",
            "ticker": "KXHIGHDEN-25APR05-B41.5",
            "count": 185,
            "created_time": "2025-04-05T23:17:16.498798Z",
            "yes_price": 60,
            "no_price": 40,
            "taker_side": "yes"
        },
        {
            "trade_id": "bdf5f28e-b155-4eb7-b98e-274c3483bb53",
            "ticker": "KXHIGHDEN-25APR05-B41.5",
            "count": 40,
            "created_time": "2025-04-05T23:13:55.023558Z",
            "yes_price": 27,
            "no_price": 73,
            "taker_side": "no"
        },
        {
            "trade_id": "e6b50845-d27f-480d-9fd4-7eb2c3c9b106",
            "ticker": "KXHIGHDEN-25APR05-B41.5",
            "count": 11,
            "created_time": "2025-04-05T23:12:06.148507Z",
            "yes_price": 24,
            "no_price": 76,
            "taker_side": "no"
        },
        {
            "trade_id": "755c1e06-6223-405a-bbd6-a345d446da57",
            "ticker": "KXHIGHDEN-25APR05-B41.5",
            "count": 25,
            "created_time": "2025-04-05T23:10:59.048684Z",
            "yes_price": 32,
            "no_price": 68,
            "taker_side": "no"
        },
        {
            "trade_id": "25f9284e-a5c2-4689-878e-319ed5106b1e",
            "ticker": "KXHIGHDEN-25APR05-B41.5",
            "count": 15,
            "created_time": "2025-04-05T23:10:59.048684Z",
            "yes_price": 33,
            "no_price": 67,
            "taker_side": "no"
        },
        {
            "trade_id": "d89667e8-8388-42a0-bec8-306e8f938e23",
            "ticker": "KXHIGHDEN-25APR05-B41.5",
            "count": 50,
            "created_time": "2025-04-05T23:10:27.0321Z",
            "yes_price": 42,
            "no_price": 58,
            "taker_side": "yes"
        },
        {
            "trade_id": "d49fc8de-83a1-4542-aa88-ce24fc425a0d",
            "ticker": "KXHIGHDEN-25APR05-B41.5",
            "count": 1,
            "created_time": "2025-04-05T23:08:27.72328Z",
            "yes_price": 23,
            "no_price": 77,
            "taker_side": "no"
