{
    "KXHIGHDEN-25JAN15-T42": [
        {
            "trade_id": "e4058703-c325-4ded-becb-92c55b993a4e",
            "ticker": "KXHIGHDEN-25JAN15-T42",
            "count": 44,
            "created_time": "2025-01-15T17:44:31.218343Z",
            "yes_price": 3,
            "no_price": 97,
            "taker_side": "yes"
        },
        {
            "trade_id": "d9a526bc-b690-4363-9ee9-f6b2fa2f0f91",
            "ticker": "KXHIGHDEN-25JAN15-T42",
            "count": 100,
            "created_time": "2025-01-15T17:44:31.218343Z",
            "yes_price": 1,
            "no_price": 99,
            "taker_side": "yes"
        },
        {
            "trade_id": "ce6a2ccc-bc04-474e-9978-38e4c40d708f",
            "ticker": "KXHIGHDEN-25JAN15-T42",
            "count": 100,
            "created_time": "2025-01-15T17:44:31.218343Z",
            "yes_price": 2,
            "no_price": 98,
            "taker_side": "yes"
        },
        {
            "trade_id": "514a3f85-9c0b-45e8-958c-f6450b97c8c1",
            "ticker": "KXHIGHDEN-25JAN15-T42",
            "count": 500,
            "created_time": "2025-01-15T17:44:31.218343Z",
            "yes_price": 1,
            "no_price": 99,
            "taker_side": "yes"
        },
        {
            "trade_id": "68260c3f-1dc5-41a2-9490-c6c9bfc25c96",
            "ticker": "KXHIGHDEN-25JAN15-T42",
            "count": 103,
            "created_time": "2025-01-15T07:58:39.496741Z",
            "yes_price": 2,
            "no_price": 98,
            "taker_side": "no"
        },
        {
            "trade_id": "852f0167-ca75-4134-9822-7ef546b9ba15",
            "ticker": "KXHIGHDEN-25JAN15-T42",
            "count": 20,
            "created_time": "2025-01-15T06:20:20.989578Z",
            "yes_price": 2,
            "no_price": 98,
            "taker_side": "no"
        },
        {
            "trade_id": "831ed28e-162b-401d-b27e-918f7c08665c",
            "ticker": "KXHIGHDEN-25JAN15-T42",
            "count": 73,
            "created_time": "2025-01-15T06:18:33.129796Z",
            "yes_price": 5,
            "no_price": 95,
            "taker_side": "yes"
        },
        {
            "trade_id": "613b747e-6ddf-4701-9f2e-f1ddf6004fdd",
            "ticker": "KXHIGHDEN-25JAN15-T42",
            "count": 81,
            "created_time": "2025-01-15T06:18:33.129796Z",
            "yes_price": 7,
            "no_price": 93,
            "taker_side": "yes"
        },
        {
            "trade_id": "b653e340-853f-4edc-8227-37c91a927126",
            "ticker": "KXHIGHDEN-25JAN15-T42",
            "count": 18,
            "created_time": "2025-01-15T05:39:52.727232Z",
            "yes_price": 5,
            "no_price": 95,
            "taker_side": "yes"
        },
        {
            "trade_id": "37f876f1-fbd5-4f3d-86e6-9a3ee114a065",
            "ticker": "KXHIGHDEN-25JAN15-T42",
            "count": 1,
            "created_time": "2025-01-15T05:39:52.727232Z",
            "yes_price": 3,
            "no_price": 97,
            "taker_side": "yes"
        },
        {
            "trade_id": "07b952a4-cb3b-4161-b283-ad23eec7bc58",
            "ticker": "KXHIGHDEN-25JAN15-T42",
            "count": 40,
            "created_time": "2025-01-15T05:39:13.898384Z",
            "yes_price": 2,
            "no_price": 98,
            "taker_side": "no"
        },
        {
            "trade_id": "46e0d8eb-eb2e-4733-b9d0-724ebec80996",
            "ticker": "KXHIGHDEN-25JAN15-T42",
            "count": 8,
            "created_time": "2025-01-15T05:33:47.67867Z",
            "yes_price": 2,
            "no_price": 98,
            "taker_side": "no"
        },
        {
            "trade_id": "a22a04c7-32fd-4961-a714-6fdf45292893",
            "ticker": "KXHIGHDEN-25JAN15-T42",
            "count": 12,
            "created_time": "2025-01-15T05:33:46.740148Z",
            "yes_price": 2,
            "no_price": 98,
            "taker_side": "no"
        },
        {
            "trade_id": "a09c193b-ca50-4899-bae7-046da3ef3d24",
            "ticker": "KXHIGHDEN-25JAN15-T42",
            "count": 17,
            "created_time": "2025-01-15T05:33:45.764544Z",
            "yes_price": 2,
            "no_price": 98,
            "taker_side": "no"
        },
        {
            "trade_id": "a411e079-fdc1-4ba3-9898-ad119c5a557d",
            "ticker": "KXHIGHDEN-25JAN15-T42",
            "count": 1,
            "created_time": "2025-01-15T04:38:06.104939Z",
            "yes_price": 2,
            "no_price": 98,
            "taker_side": "no"
        }
    ],
    "KXHIGHDEN-25JAN15-B42.5": [
        {
            "trade_id": "420bd3c0-3504-4faf-9163-4924d15f07e3",
            "ticker": "KXHIGHDEN-25JAN15-B42.5",
            "count": 209,
            "created_time": "2025-01-15T21:31:53.475772Z",
            "yes_price": 1,
            "no_price": 99,
            "taker_side": "yes"
        },
        {
            "trade_id": "b1b4403a-23aa-4249-921e-10a037cc5a0f",
            "ticker": "KXHIGHDEN-25JAN15-B42.5",
            "count": 82,
            "created_time": "2025-01-15T17:50:46.028017Z",
            "yes_price": 3,
            "no_price": 97,
            "taker_side": "yes"
        },
        {
            "trade_id": "4011c3cb-f40d-47ab-9def-a6ba0ac9a01f",
            "ticker": "KXHIGHDEN-25JAN15-B42.5",
            "count": 1,
            "created_time": "2025-01-15T17:50:46.028017Z",
            "yes_price": 1,
            "no_price": 99,
            "taker_side": "yes"
        },
        {
            "trade_id": "057969b5-8a99-4b1c-87d2-c824c0968b79",
            "ticker": "KXHIGHDEN-25JAN15-B42.5",
            "count": 219,
            "created_time": "2025-01-15T17:50:46.028017Z",
            "yes_price": 1,
            "no_price": 99,
            "taker_side": "yes"
        },
        {
            "trade_id": "d050595d-4892-4f5b-b476-ca607a3a1efe",
            "ticker": "KXHIGHDEN-25JAN15-B42.5",
            "count": 281,
            "created_time": "2025-01-15T16:07:55.388262Z",
            "yes_price": 1,
            "no_price": 99,
            "taker_side": "no"
        },
        {
            "trade_id": "e917c427-b5f6-4948-9178-9089114eedaa",
            "ticker": "KXHIGHDEN-25JAN15-B42.5",
            "count": 300,
            "created_time": "2025-01-15T15:43:30.444777Z",
            "yes_price": 1,
            "no_price": 99,
            "taker_side": "no"
        },
        {
            "trade_id": "a1b94f00-461b-4a56-a4ae-6fe8e386ef8f",
            "ticker": "KXHIGHDEN-25JAN15-B42.5",
            "count": 60,
            "created_time": "2025-01-15T15:20:16.638263Z",
            "yes_price": 2,
            "no_price": 98,
            "taker_side": "no"
        },
        {
            "trade_id": "c57a45a7-ba2b-4224-9c5d-94f3d60e0079",
            "ticker": "KXHIGHDEN-25JAN15-B42.5",
            "count": 3,
            "created_time": "2025-01-15T15:16:11.4978Z",
            "yes_price": 2,
            "no_price": 98,
            "taker_side": "no"
        },
        {
            "trade_id": "cbf56893-d928-4c57-8252-3bef54ba9833",
            "ticker": "KXHIGHDEN-25JAN15-B42.5",
            "count": 3,
            "created_time": "2025-01-15T14:12:18.306696Z",
            "yes_price": 2,
            "no_price": 98,
            "taker_side": "no"
        },
        {
            "trade_id": "a9ca7180-d66c-48f0-9bc6-eff4cddb86b2",
            "ticker": "KXHIGHDEN-25JAN15-B42.5",
            "count": 31,
            "created_time": "2025-01-15T13:53:25.161737Z",
            "yes_price": 2,
            "no_price": 98,
            "taker_side": "no"
        },
        {
            "trade_id": "a6152bac-3891-4fec-8fd5-9ffc41307b6b",
            "ticker": "KXHIGHDEN-25JAN15-B42.5",
            "count": 103,
            "created_time": "2025-01-15T07:58:39.504369Z",
            "yes_price": 2,
            "no_price": 98,
            "taker_side": "no"
        },
        {
            "trade_id": "8e061e85-27a7-4f3c-bbde-5182b2e65f1d",
            "ticker": "KXHIGHDEN-25JAN15-B42.5",
            "count": 6,
            "created_time": "2025-01-15T07:54:45.60782Z",
            "yes_price": 5,
            "no_price": 95,
            "taker_side": "no"
        },
        {
            "trade_id": "45dedc38-6a83-49a7-8489-8a2c30de8358",
            "ticker": "KXHIGHDEN-25JAN15-B42.5",
            "count": 17,
            "created_time": "2025-01-15T07:51:49.247198Z",
            "yes_price": 5,
            "no_price": 95,
            "taker_side": "no"
        },
        {
            "trade_id": "ec6bff1a-a11b-44c4-9e6c-859e65714027",
            "ticker": "KXHIGHDEN-25JAN15-B42.5",
            "count": 20,
            "created_time": "2025-01-15T06:20:20.998653Z",
            "yes_price": 5,
            "no_price": 95,
            "taker_side": "no"
        },
        {
            "trade_id": "3b2e5245-fdcc-4a3a-835d-a5293f42b979",
            "ticker": "KXHIGHDEN-25JAN15-B42.5",
            "count": 30,
            "created_time": "2025-01-15T05:47:43.399745Z",
            "yes_price": 5,
            "no_price": 95,
            "taker_side": "no"
        },
        {
            "trade_id": "f0010c05-180d-4e01-b656-e2cb43953eb8",
            "ticker": "KXHIGHDEN-25JAN15-B42.5",
            "count": 13,
            "created_time": "2025-01-15T05:39:13.895992Z",
            "yes_price": 5,
            "no_price": 95,
            "taker_side": "no"
        },
        {
            "trade_id": "dc37dd9b-2c9e-48a0-b1d0-ab631dd0800e",
            "ticker": "KXHIGHDEN-25JAN15-B42.5",
            "count": 27,
            "created_time": "2025-01-15T05:39:13.895992Z",
            "yes_price": 5,
            "no_price": 95,
            "taker_side": "no"
        },
        {
            "trade_id": "bc93cd37-523a-47e6-ae40-91a1f778e72c",
            "ticker": "KXHIGHDEN-25JAN15-B42.5",
            "count": 8,
            "created_time": "2025-01-15T05:33:47.67805Z",
            "yes_price": 5,
            "no_price": 95,
            "taker_side": "no"
        },
        {
            "trade_id": "36d75650-3693-4082-a706-97feb4478ea9",
            "ticker": "KXHIGHDEN-25JAN15-B42.5",
            "count": 12,
            "created_time": "2025-01-15T05:33:46.59571Z",
            "yes_price": 5,
            "no_price": 95,
            "taker_side": "no"
        },
        {
            "trade_id": "4d56a22a-e45a-4c19-a6c6-cdd28025b3a7",
            "ticker": "KXHIGHDEN-25JAN15-B42.5",
            "count": 17,
            "created_time": "2025-01-15T05:33:45.764052Z",
            "yes_price": 5,
            "no_price": 95,
            "taker_side": "no"
        },
        {
            "trade_id": "e76f1ed8-3a58-4030-b527-d8f59f478bf5",
            "ticker": "KXHIGHDEN-25JAN15-B42.5",
            "count": 1,
            "created_time": "2025-01-15T04:38:06.11516Z",
            "yes_price": 5,
            "no_price": 95,
            "taker_side": "no"
        },
        {
            "trade_id": "8c65f939-7824-4cd5-9a04-513aeaf387e1",
            "ticker": "KXHIGHDEN-25JAN15-B42.5",
            "count": 10,
            "created_time": "2025-01-15T04:18:56.056542Z",
            "yes_price": 5,
            "no_price": 95,
            "taker_side": "no"
        },
        {
            "trade_id": "4981137f-f594-4d23-8017-abeeda401bf3",
            "ticker": "KXHIGHDEN-25JAN15-B42.5",
            "count": 1,
            "created_time": "2025-01-15T03:03:52.628775Z",
            "yes_price": 6,
            "no_price": 94,
            "taker_side": "no"
        },
        {
            "trade_id": "03675441-588d-45fa-ab5b-bcdaaf78a203",
            "ticker": "KXHIGHDEN-25JAN15-B42.5",
            "count": 523,
            "created_time": "2025-01-15T03:03:52.628775Z",
            "yes_price": 5,
            "no_price": 95,
            "taker_side": "no"
        },
        {
            "trade_id": "1b6098e2-47f9-4190-9231-5c03f25bae2e",
            "ticker": "KXHIGHDEN-25JAN15-B42.5",
            "count": 209,
            "created_time": "2025-01-15T01:24:55.337634Z",
            "yes_price": 5,
            "no_price": 95,
            "taker_side": "no"
        },
        {
            "trade_id": "287af387-8d1b-4097-ab2b-a30667df37e2",
            "ticker": "KXHIGHDEN-25JAN15-B42.5",
            "count": 247,
            "created_time": "2025-01-15T00:07:35.717757Z",
            "yes_price": 4,
            "no_price": 96,
            "taker_side": "yes"
        },
        {
            "trade_id": "6dfa635d-b22a-4e1a-8bcb-17047824d6ad",
            "ticker": "KXHIGHDEN-25JAN15-B42.5",
            "count": 3,
            "created_time": "2025-01-14T23:34:44.584573Z",
            "yes_price": 4,
            "no_price": 96,
            "taker_side": "no"
        },
        {
            "trade_id": "f5adf16d-3b2f-4023-9f61-35cfffeca5be",
            "ticker": "KXHIGHDEN-25JAN15-B42.5",
            "count": 270,
            "created_time": "2025-01-14T23:24:55.937062Z",
            "yes_price": 4,
            "no_price": 96,
            "taker_side": "no"
        },
        {
            "trade_id": "46b1f09e-28af-4a6e-afe6-80fd3e99d4bd",
            "ticker": "KXHIGHDEN-25JAN15-B42.5",
            "count": 30,
            "created_time": "2025-01-14T23:23:31.209406Z",
            "yes_price": 5,
            "no_price": 95,
            "taker_side": "no"
        },
        {
            "trade_id": "cab624d7-2508-42a1-a7ed-33c5587b4714",
            "ticker": "KXHIGHDEN-25JAN15-B42.5",
            "count": 727,
            "created_time": "2025-01-14T23:00:33.86076Z",
            "yes_price": 4,
            "no_price": 96,
            "taker_side": "no"
        }
    ],
    "KXHIGHDEN-25JAN15-B44.5": [
        {
            "trade_id": "39c7cfa3-4a7d-4697-a24e-c1e4b40e6e23",
            "ticker": "KXHIGHDEN-25JAN15-B44.5",
            "count": 25,
            "created_time": "2025-01-15T21:40:55.900376Z",
            "yes_price": 1,
            "no_price": 99,
            "taker_side": "yes"
        },
        {
            "trade_id": "8df24cf4-3170-4b7d-9b0a-082e8091b878",
            "ticker": "KXHIGHDEN-25JAN15-B44.5",
            "count": 3,
            "created_time": "2025-01-15T19:52:18.500992Z",
            "yes_price": 1,
            "no_price": 99,
            "taker_side": "yes"
        },
        {
            "trade_id": "5ae744c1-4a46-49a3-9d15-dc274f650811",
            "ticker": "KXHIGHDEN-25JAN15-B44.5",
            "count": 40,
            "created_time": "2025-01-15T19:40:17.350155Z",
            "yes_price": 1,
            "no_price": 99,
            "taker_side": "yes"
        },
        {
            "trade_id": "fafd6938-41d6-467b-bf2b-f20ce39c59c3",
            "ticker": "KXHIGHDEN-25JAN15-B44.5",
            "count": 289,
            "created_time": "2025-01-15T19:37:08.281183Z",
            "yes_price": 1,
            "no_price": 99,
            "taker_side": "no"
        },
        {
            "trade_id": "f1987665-7620-446b-8de1-563b16a053f5",
            "ticker": "KXHIGHDEN-25JAN15-B44.5",
            "count": 100,
            "created_time": "2025-01-15T19:37:08.281183Z",
            "yes_price": 1,
            "no_price": 99,
            "taker_side": "no"
        },
        {
            "trade_id": "b9411b54-d172-4031-9846-666692994c2f",
            "ticker": "KXHIGHDEN-25JAN15-B44.5",
            "count": 100,
            "created_time": "2025-01-15T19:37:08.281183Z",
            "yes_price": 1,
            "no_price": 99,
            "taker_side": "no"
        },
        {
            "trade_id": "adcd95e4-99ed-43d5-a057-40fd1333b254",
            "ticker": "KXHIGHDEN-25JAN15-B44.5",
            "count": 40,
            "created_time": "2025-01-15T19:37:08.281183Z",
            "yes_price": 1,
            "no_price": 99,
            "taker_side": "no"
        },
        {
            "trade_id": "9d9de676-670f-4864-8aa9-da5c3be40e27",
            "ticker": "KXHIGHDEN-25JAN15-B44.5",
            "count": 106,
            "created_time": "2025-01-15T19:37:08.281183Z",
            "yes_price": 2,
            "no_price": 98,
            "taker_side": "no"
        },
        {
            "trade_id": "95b5bd3a-d5f1-41f9-b87b-0cbb195dd5b2",
            "ticker": "KXHIGHDEN-25JAN15-B44.5",
            "count": 49,
            "created_time": "2025-01-15T19:37:08.281183Z",
            "yes_price": 1,
            "no_price": 99,
            "taker_side": "no"
        },
        {
            "trade_id": "a76ebbcf-12d5-442d-98fa-4ae6bc03a3c6",
            "ticker": "KXHIGHDEN-25JAN15-B44.5",
            "count": 25,
            "created_time": "2025-01-15T19:13:55.480536Z",
            "yes_price": 7,
            "no_price": 93,
            "taker_side": "no"
        },
        {
            "trade_id": "9208a247-c75c-4aa2-93d6-035d00e9b587",
            "ticker": "KXHIGHDEN-25JAN15-B44.5",
            "count": 990,
            "created_time": "2025-01-15T19:09:17.430398Z",
            "yes_price": 8,
            "no_price": 92,
            "taker_side": "no"
        },
        {
            "trade_id": "3d0b44bc-a1f4-40ea-8ea8-b4b4db8ce1bd",
            "ticker": "KXHIGHDEN-25JAN15-B44.5",
            "count": 10,
            "created_time": "2025-01-15T19:07:04.78673Z",
            "yes_price": 8,
            "no_price": 92,
            "taker_side": "no"
        },
        {
            "trade_id": "e56f722b-1a62-4903-ab73-f7299cd23129",
            "ticker": "KXHIGHDEN-25JAN15-B44.5",
            "count": 44,
            "created_time": "2025-01-15T18:56:45.767642Z",
            "yes_price": 8,
            "no_price": 92,
            "taker_side": "yes"
        },
        {
            "trade_id": "bb8ae400-fd63-4867-9b94-7846901fe72b",
            "ticker": "KXHIGHDEN-25JAN15-B44.5",
            "count": 112,
            "created_time": "2025-01-15T18:56:45.767642Z",
            "yes_price": 8,
            "no_price": 92,
            "taker_side": "yes"
        },
        {
            "trade_id": "26ad3741-fc99-4462-bd88-b35de8e5a77b",
            "ticker": "KXHIGHDEN-25JAN15-B44.5",
            "count": 111,
            "created_time": "2025-01-15T18:55:47.344133Z",
            "yes_price": 7,
            "no_price": 93,
            "taker_side": "yes"
        },
        {
            "trade_id": "06e7c4eb-1a1b-40aa-bd17-019d1ecedcfd",
            "ticker": "KXHIGHDEN-25JAN15-B44.5",
            "count": 25,
            "created_time": "2025-01-15T18:40:05.80742Z",
            "yes_price": 5,
            "no_price": 95,
            "taker_side": "no"
        },
        {
            "trade_id": "207534c6-7d30-46a6-a6d5-78808d13801d",
            "ticker": "KXHIGHDEN-25JAN15-B44.5",
            "count": 113,
            "created_time": "2025-01-15T18:35:18.250763Z",
            "yes_price": 8,
            "no_price": 92,
            "taker_side": "yes"
        },
        {
            "trade_id": "03283bd8-efd5-470b-9e04-45a21b8b1683",
            "ticker": "KXHIGHDEN-25JAN15-B44.5",
            "count": 3,
            "created_time": "2025-01-15T18:35:18.250763Z",
            "yes_price": 9,
            "no_price": 91,
            "taker_side": "yes"
        },
        {
            "trade_id": "f0318613-fd34-42b6-b0c2-25dc280d0dd4",
            "ticker": "KXHIGHDEN-25JAN15-B44.5",
            "count": 5,
            "created_time": "2025-01-15T18:28:19.986523Z",
            "yes_price": 2,
            "no_price": 98,
            "taker_side": "no"
        },
        {
            "trade_id": "aee6adc3-67c1-4054-a161-14d72716ce85",
            "ticker": "KXHIGHDEN-25JAN15-B44.5",
            "count": 5,
            "created_time": "2025-01-15T18:13:56.274437Z",
            "yes_price": 2,
            "no_price": 98,
            "taker_side": "no"
        },
        {
            "trade_id": "1e1e6105-bcb2-4c03-a007-cfe08f05b2be",
            "ticker": "KXHIGHDEN-25JAN15-B44.5",
            "count": 11,
            "created_time": "2025-01-15T17:42:16.5858Z",
            "yes_price": 1,
            "no_price": 99,
            "taker_side": "no"
        },
        {
            "trade_id": "7bb4d278-ac13-4489-a9eb-beb0645e5b8d",
            "ticker": "KXHIGHDEN-25JAN15-B44.5",
            "count": 20,
            "created_time": "2025-01-15T16:44:21.417415Z",
            "yes_price": 3,
            "no_price": 97,
            "taker_side": "no"
        },
        {
            "trade_id": "5f5a84d7-5e93-43e1-a090-54678d2e8c82",
            "ticker": "KXHIGHDEN-25JAN15-B44.5",
            "count": 240,
            "created_time": "2025-01-15T16:40:55.424696Z",
            "yes_price": 1,
            "no_price": 99,
            "taker_side": "no"
        },
        {
            "trade_id": "fa914b5a-889a-498b-b3a1-2f32c47376a3",
            "ticker": "KXHIGHDEN-25JAN15-B44.5",
            "count": 40,
            "created_time": "2025-01-15T16:20:25.85253Z",
            "yes_price": 2,
            "no_price": 98,
            "taker_side": "yes"
        },
        {
            "trade_id": "972b8453-4ce8-42ff-be5c-c0eb11ad4a81",
            "ticker": "KXHIGHDEN-25JAN15-B44.5",
            "count": 40,
            "created_time": "2025-01-15T16:10:21.068341Z",
            "yes_price": 2,
            "no_price": 98,
            "taker_side": "yes"
        },
        {
            "trade_id": "f8505b67-29ed-46b3-98d8-5d8e4cfaba8e",
            "ticker": "KXHIGHDEN-25JAN15-B44.5",
            "count": 100,
            "created_time": "2025-01-15T16:08:10.261944Z",
            "yes_price": 3,
            "no_price": 97,
            "taker_side": "no"
        },
        {
            "trade_id": "ef1eab71-cf43-4af9-9b68-05a63e695a9d",
            "ticker": "KXHIGHDEN-25JAN15-B44.5",
            "count": 40,
            "created_time": "2025-01-15T16:08:10.261944Z",
            "yes_price": 3,
            "no_price": 97,
            "taker_side": "no"
        },
        {
            "trade_id": "e4110ef6-db6c-4edf-bc78-a2a77535499d",
            "ticker": "KXHIGHDEN-25JAN15-B44.5",
            "count": 40,
            "created_time": "2025-01-15T16:08:10.261944Z",
            "yes_price": 2,
            "no_price": 98,
            "taker_side": "no"
        },
        {
            "trade_id": "2ce4adae-9788-4dbd-84d5-59b18e10394f",
            "ticker": "KXHIGHDEN-25JAN15-B44.5",
            "count": 1,
            "created_time": "2025-01-15T15:48:48.43458Z",
            "yes_price": 8,
            "no_price": 92,
            "taker_side": "no"
        },
        {
            "trade_id": "d77f3bdc-7d16-47cc-b760-6a2d881bafea",
            "ticker": "KXHIGHDEN-25JAN15-B44.5",
            "count": 4,
            "created_time": "2025-01-15T15:48:47.929481Z",
            "yes_price": 6,
            "no_price": 94,
            "taker_side": "yes"
        },
        {
            "trade_id": "c55c6389-7fbe-435b-9cb9-4f0299eb3480",
            "ticker": "KXHIGHDEN-25JAN15-B44.5",
            "count": 50,
            "created_time": "2025-01-15T15:48:47.929481Z",
            "yes_price": 6,
            "no_price": 94,
            "taker_side": "yes"
        },
        {
            "trade_id": "ae0f4a63-d7f4-4643-8135-e1e43dd860e9",
            "ticker": "KXHIGHDEN-25JAN15-B44.5",
            "count": 50,
            "created_time": "2025-01-15T15:48:47.929481Z",
            "yes_price": 8,
            "no_price": 92,
            "taker_side": "yes"
        },
        {
            "trade_id": "8f6eb7d2-6d2f-41cd-92f4-55684d091f46",
            "ticker": "KXHIGHDEN-25JAN15-B44.5",
            "count": 26,
            "created_time": "2025-01-15T15:48:47.929481Z",
            "yes_price": 6,
            "no_price": 94,
            "taker_side": "yes"
        },
        {
            "trade_id": "184ebba8-a603-437b-bff5-6684f2693c0a",
            "ticker": "KXHIGHDEN-25JAN15-B44.5",
            "count": 4,
            "created_time": "2025-01-15T15:48:47.929481Z",
            "yes_price": 6,
            "no_price": 94,
            "taker_side": "yes"
        },
        {
            "trade_id": "1760f567-df2d-490f-8355-a24ca8b6192c",
            "ticker": "KXHIGHDEN-25JAN15-B44.5",
            "count": 300,
            "created_time": "2025-01-15T15:48:47.929481Z",
            "yes_price": 8,
            "no_price": 92,
            "taker_side": "yes"
        },
        {
            "trade_id": "cd534ad6-ea74-46e7-aa35-cf8ec1e9494b",
            "ticker": "KXHIGHDEN-25JAN15-B44.5",
            "count": 3,
            "created_time": "2025-01-15T15:16:11.72182Z",
            "yes_price": 3,
            "no_price": 97,
            "taker_side": "no"
        },
        {
            "trade_id": "64b96f3b-ca44-47ca-af23-f6afc664d690",
            "ticker": "KXHIGHDEN-25JAN15-B44.5",
            "count": 25,
            "created_time": "2025-01-15T14:33:25.435037Z",
            "yes_price": 5,
            "no_price": 95,
            "taker_side": "no"
        },
        {
            "trade_id": "ec2e6083-f0ff-466a-9f18-90de66fc5e80",
            "ticker": "KXHIGHDEN-25JAN15-B44.5",
            "count": 747,
            "created_time": "2025-01-15T13:06:39.424892Z",
            "yes_price": 10,
            "no_price": 90,
            "taker_side": "no"
        },
        {
            "trade_id": "bfcea39f-ffa7-441e-a2cf-1a3920b0aaf9",
            "ticker": "KXHIGHDEN-25JAN15-B44.5",
            "count": 40,
            "created_time": "2025-01-15T13:06:39.424892Z",
            "yes_price": 7,
            "no_price": 93,
            "taker_side": "no"
        },
        {
            "trade_id": "b5dcab4b-aaf6-4193-9e47-cfd2d2e58f30",
            "ticker": "KXHIGHDEN-25JAN15-B44.5",
            "count": 7,
            "created_time": "2025-01-15T13:06:39.424892Z",
            "yes_price": 4,
            "no_price": 96,
            "taker_side": "no"
        },
        {
            "trade_id": "65f71782-925e-4c3e-8e84-440378e0735b",
            "ticker": "KXHIGHDEN-25JAN15-B44.5",
            "count": 2000,
            "created_time": "2025-01-15T13:06:39.424892Z",
            "yes_price": 5,
            "no_price": 95,
            "taker_side": "no"
        },
        {
            "trade_id": "0551f807-ac13-4fab-a16b-be850d52e612",
            "ticker": "KXHIGHDEN-25JAN15-B44.5",
            "count": 100,
            "created_time": "2025-01-15T13:06:39.424892Z",
            "yes_price": 6,
            "no_price": 94,
            "taker_side": "no"
        },
        {
            "trade_id": "9f05995b-b1da-4630-9721-93090f8ecf16",
            "ticker": "KXHIGHDEN-25JAN15-B44.5",
            "count": 33,
            "created_time": "2025-01-15T13:01:36.391039Z",
            "yes_price": 10,
            "no_price": 90,
            "taker_side": "no"
        },
        {
            "trade_id": "00432bc9-b5fa-4c86-b958-2f99a40505ee",
            "ticker": "KXHIGHDEN-25JAN15-B44.5",
            "count": 47,
            "created_time": "2025-01-15T13:01:11.224289Z",
            "yes_price": 10,
            "no_price": 90,
            "taker_side": "no"
        },
        {
            "trade_id": "5341085f-a384-466b-830b-7fb93438d8e7",
            "ticker": "KXHIGHDEN-25JAN15-B44.5",
            "count": 103,
            "created_time": "2025-01-15T07:58:39.503654Z",
            "yes_price": 10,
            "no_price": 90,
            "taker_side": "no"
        },
        {
            "trade_id": "d93d826b-a6bf-4c3f-be48-9659e30437a9",
            "ticker": "KXHIGHDEN-25JAN15-B44.5",
            "count": 21,
            "created_time": "2025-01-15T06:38:12.478339Z",
            "yes_price": 33,
            "no_price": 67,
            "taker_side": "yes"
        },
        {
            "trade_id": "87b38145-e070-4196-ac67-c03ce76a1619",
            "ticker": "KXHIGHDEN-25JAN15-B44.5",
            "count": 30,
            "created_time": "2025-01-15T06:38:12.478339Z",
            "yes_price": 34,
            "no_price": 66,
            "taker_side": "yes"
        },
        {
            "trade_id": "4b1beb38-b0f8-4ce7-9622-96ba55de5f81",
            "ticker": "KXHIGHDEN-25JAN15-B44.5",
            "count": 240,
            "created_time": "2025-01-15T06:38:12.478339Z",
            "yes_price": 16,
            "no_price": 84,
            "taker_side": "yes"
        },
        {
            "trade_id": "25e380d7-8cc0-439f-a7e1-5bcd4225b1c0",
            "ticker": "KXHIGHDEN-25JAN15-B44.5",
            "count": 12,
            "created_time": "2025-01-15T06:38:12.478339Z",
            "yes_price": 25,
            "no_price": 75,
            "taker_side": "yes"
        },
        {
            "trade_id": "1851351f-8daa-46f6-82ed-1ece8ef529ab",
            "ticker": "KXHIGHDEN-25JAN15-B44.5",
            "count": 191,
            "created_time": "2025-01-15T06:38:12.478339Z",
            "yes_price": 14,
            "no_price": 86,
            "taker_side": "yes"
        },
        {
            "trade_id": "0035b117-f869-4307-88a0-8cc2991bb930",
            "ticker": "KXHIGHDEN-25JAN15-B44.5",
            "count": 28,
            "created_time": "2025-01-15T06:38:12.478339Z",
            "yes_price": 33,
            "no_price": 67,
            "taker_side": "yes"
        },
        {
            "trade_id": "e854d928-2ff6-4ef5-8d38-b8c70d187482",
            "ticker": "KXHIGHDEN-25JAN15-B44.5",
            "count": 21,
            "created_time": "2025-01-15T06:25:48.258777Z",
            "yes_price": 12,
            "no_price": 88,
            "taker_side": "yes"
        },
        {
            "trade_id": "8976c5e3-5beb-46e8-aac9-af4dc4106d8b",
            "ticker": "KXHIGHDEN-25JAN15-B44.5",
            "count": 49,
            "created_time": "2025-01-15T06:25:48.258777Z",
            "yes_price": 14,
            "no_price": 86,
            "taker_side": "yes"
        },
        {
            "trade_id": "f183f274-96c2-4cf2-a985-b108ea066378",
            "ticker": "KXHIGHDEN-25JAN15-B44.5",
            "count": 20,
            "created_time": "2025-01-15T06:20:20.999493Z",
            "yes_price": 10,
            "no_price": 90,
            "taker_side": "no"
        },
        {
            "trade_id": "5e5d5209-860c-4138-8b91-2c2c4662eb0d",
            "ticker": "KXHIGHDEN-25JAN15-B44.5",
            "count": 50,
            "created_time": "2025-01-15T06:18:45.384234Z",
            "yes_price": 10,
            "no_price": 90,
            "taker_side": "no"
        },
        {
            "trade_id": "1acf843a-14b8-4b6e-bf5d-edc934e421e5",
            "ticker": "KXHIGHDEN-25JAN15-B44.5",
            "count": 900,
            "created_time": "2025-01-15T05:48:41.080322Z",
            "yes_price": 10,
            "no_price": 90,
            "taker_side": "no"
        },
        {
            "trade_id": "5218b6ae-7d7f-4b6e-b202-3f1447f934d2",
            "ticker": "KXHIGHDEN-25JAN15-B44.5",
            "count": 40,
            "created_time": "2025-01-15T05:39:13.897215Z",
            "yes_price": 10,
            "no_price": 90,
            "taker_side": "no"
        },
        {
            "trade_id": "7d137a45-6424-417d-8148-224d5358539f",
            "ticker": "KXHIGHDEN-25JAN15-B44.5",
            "count": 40,
            "created_time": "2025-01-15T05:38:48.746402Z",
            "yes_price": 10,
            "no_price": 90,
            "taker_side": "no"
        },
        {
            "trade_id": "bd6f3132-ad14-4aa7-8ec3-cd237e7effa0",
            "ticker": "KXHIGHDEN-25JAN15-B44.5",
            "count": 8,
            "created_time": "2025-01-15T05:33:47.679893Z",
            "yes_price": 10,
            "no_price": 90,
            "taker_side": "no"
        },
        {
            "trade_id": "c304114f-cfec-4322-afc3-c91b72702839",
            "ticker": "KXHIGHDEN-25JAN15-B44.5",
            "count": 12,
            "created_time": "2025-01-15T05:33:46.594857Z",
            "yes_price": 10,
            "no_price": 90,
            "taker_side": "no"
        },
        {
            "trade_id": "51c88cc9-4086-480c-9841-d1d6f46ad3b4",
            "ticker": "KXHIGHDEN-25JAN15-B44.5",
            "count": 1,
            "created_time": "2025-01-15T05:33:45.765438Z",
            "yes_price": 11,
            "no_price": 89,
            "taker_side": "no"
        },
        {
            "trade_id": "07b9c225-8b31-438b-8b79-3d2edc6ba071",
            "ticker": "KXHIGHDEN-25JAN15-B44.5",
            "count": 16,
            "created_time": "2025-01-15T05:33:45.765438Z",
            "yes_price": 11,
            "no_price": 89,
            "taker_side": "no"
        },
        {
            "trade_id": "73d3a1ae-0b76-4d86-ada3-693dad0175aa",
            "ticker": "KXHIGHDEN-25JAN15-B44.5",
            "count": 1,
            "created_time": "2025-01-15T04:38:06.111113Z",
            "yes_price": 11,
            "no_price": 89,
            "taker_side": "no"
        },
        {
            "trade_id": "731b47d8-a65c-462c-b055-cdf4acbe6712",
            "ticker": "KXHIGHDEN-25JAN15-B44.5",
            "count": 1,
            "created_time": "2025-01-15T04:30:55.285294Z",
            "yes_price": 11,
            "no_price": 89,
            "taker_side": "no"
        },
        {
            "trade_id": "20f3e785-7b30-4a7b-8cfb-5711ec26e04b",
            "ticker": "KXHIGHDEN-25JAN15-B44.5",
            "count": 22,
            "created_time": "2025-01-15T04:19:06.579454Z",
            "yes_price": 11,
            "no_price": 89,
            "taker_side": "no"
        },
        {
            "trade_id": "c77452b7-2a78-4d4e-8ebb-7911142f0d02",
            "ticker": "KXHIGHDEN-25JAN15-B44.5",
            "count": 11,
            "created_time": "2025-01-15T03:11:05.072152Z",
            "yes_price": 24,
            "no_price": 76,
            "taker_side": "yes"
        },
        {
            "trade_id": "27761956-719d-4b66-ab5b-b98bcfa0958f",
            "ticker": "KXHIGHDEN-25JAN15-B44.5",
            "count": 12,
            "created_time": "2025-01-15T03:11:05.072152Z",
            "yes_price": 24,
            "no_price": 76,
            "taker_side": "yes"
        },
        {
            "trade_id": "84637954-902f-4e4a-bbd4-7ff83355c002",
            "ticker": "KXHIGHDEN-25JAN15-B44.5",
            "count": 442,
            "created_time": "2025-01-15T02:25:16.833025Z",
            "yes_price": 16,
            "no_price": 84,
            "taker_side": "no"
        },
        {
            "trade_id": "e61a42ae-04f8-4461-acb7-ef8bd3f6aa03",
            "ticker": "KXHIGHDEN-25JAN15-B44.5",
            "count": 11,
            "created_time": "2025-01-15T00:46:27.121834Z",
            "yes_price": 17,
            "no_price": 83,
            "taker_side": "no"
        },
        {
            "trade_id": "82d4e378-c673-4c1f-9378-1236a30387a3",
            "ticker": "KXHIGHDEN-25JAN15-B44.5",
            "count": 10,
            "created_time": "2025-01-15T00:10:22.726621Z",
            "yes_price": 21,
            "no_price": 79,
            "taker_side": "no"
        },
        {
            "trade_id": "3795cda3-e91d-43ed-904c-d7f35fdf2efd",
            "ticker": "KXHIGHDEN-25JAN15-B44.5",
            "count": 300,
            "created_time": "2025-01-15T00:07:52.209602Z",
            "yes_price": 21,
            "no_price": 79,
            "taker_side": "yes"
        },
        {
            "trade_id": "6c3c74f9-1673-4d37-925d-aed67581c471",
            "ticker": "KXHIGHDEN-25JAN15-B44.5",
            "count": 30,
            "created_time": "2025-01-14T23:01:42.91199Z",
            "yes_price": 17,
            "no_price": 83,
            "taker_side": "no"
        },
        {
            "trade_id": "106ee8eb-53e7-40a2-984d-150431b9ee3d",
            "ticker": "KXHIGHDEN-25JAN15-B44.5",
            "count": 558,
            "created_time": "2025-01-14T23:01:42.91199Z",
            "yes_price": 16,
            "no_price": 84,
            "taker_side": "no"
        }
    ],
    "KXHIGHDEN-25JAN15-B46.5": [
        {
            "trade_id": "aa644bec-a6d9-4460-b6eb-e0593e07b6bf",
            "ticker": "KXHIGHDEN-25JAN15-B46.5",
            "count": 2,
            "created_time": "2025-01-16T05:14:19.507686Z",
            "yes_price": 1,
            "no_price": 99,
            "taker_side": "yes"
        },
        {
            "trade_id": "c2fa6e0e-8c45-4e20-bbe0-a8d2d6e1efbe",
            "ticker": "KXHIGHDEN-25JAN15-B46.5",
            "count": 4,
            "created_time": "2025-01-16T03:18:21.679218Z",
            "yes_price": 1,
            "no_price": 99,
            "taker_side": "yes"
        },
        {
            "trade_id": "509b9e8b-32fe-47cd-9ad1-4bf2da37dd2a",
            "ticker": "KXHIGHDEN-25JAN15-B46.5",
            "count": 4,
            "created_time": "2025-01-15T20:10:57.340387Z",
            "yes_price": 1,
            "no_price": 99,
            "taker_side": "yes"
        },
        {
            "trade_id": "8f8be2d5-775f-4a59-91e5-317bca3f0091",
            "ticker": "KXHIGHDEN-25JAN15-B46.5",
            "count": 40,
            "created_time": "2025-01-15T20:00:19.923774Z",
            "yes_price": 1,
            "no_price": 99,
            "taker_side": "yes"
        },
        {
            "trade_id": "e6ffcdda-7534-4789-ab74-7592ba339735",
            "ticker": "KXHIGHDEN-25JAN15-B46.5",
            "count": 39,
            "created_time": "2025-01-15T20:00:19.000441Z",
            "yes_price": 1,
            "no_price": 99,
            "taker_side": "yes"
        },
        {
            "trade_id": "1a81e003-777c-4746-99a8-a9768bee7310",
            "ticker": "KXHIGHDEN-25JAN15-B46.5",
            "count": 32,
            "created_time": "2025-01-15T20:00:17.857887Z",
            "yes_price": 1,
            "no_price": 99,
            "taker_side": "yes"
        },
        {
            "trade_id": "cb0e8270-bf3d-4061-acd1-156de4a41e4f",
            "ticker": "KXHIGHDEN-25JAN15-B46.5",
            "count": 500,
            "created_time": "2025-01-15T19:58:13.730149Z",
            "yes_price": 1,
            "no_price": 99,
            "taker_side": "yes"
        },
        {
            "trade_id": "8f9ad727-d9ef-4308-ace9-f2971d7baeca",
            "ticker": "KXHIGHDEN-25JAN15-B46.5",
            "count": 250,
            "created_time": "2025-01-15T19:57:28.232927Z",
            "yes_price": 1,
            "no_price": 99,
            "taker_side": "yes"
        },
        {
            "trade_id": "b4f3a644-d34a-46ca-85cf-80be738d1af3",
            "ticker": "KXHIGHDEN-25JAN15-B46.5",
            "count": 1702,
            "created_time": "2025-01-15T19:57:11.442421Z",
            "yes_price": 1,
            "no_price": 99,
            "taker_side": "yes"
        },
        {
            "trade_id": "bd69e841-2ec8-4d98-837d-e5b9846c02ae",
            "ticker": "KXHIGHDEN-25JAN15-B46.5",
            "count": 152,
            "created_time": "2025-01-15T19:57:10.154047Z",
            "yes_price": 1,
            "no_price": 99,
            "taker_side": "yes"
        },
        {
            "trade_id": "c1b65673-d7bb-486a-8eaa-9540d194a5c9",
            "ticker": "KXHIGHDEN-25JAN15-B46.5",
            "count": 600,
            "created_time": "2025-01-15T19:57:08.298926Z",
            "yes_price": 1,
            "no_price": 99,
            "taker_side": "no"
        },
        {
            "trade_id": "913137a4-da84-48c5-ba58-ad754b95e3b3",
            "ticker": "KXHIGHDEN-25JAN15-B46.5",
            "count": 350,
            "created_time": "2025-01-15T19:57:08.298926Z",
            "yes_price": 1,
            "no_price": 99,
            "taker_side": "no"
        },
        {
            "trade_id": "0b6e646b-e399-48e9-97bb-6ff61b2a8793",
            "ticker": "KXHIGHDEN-25JAN15-B46.5",
            "count": 32,
            "created_time": "2025-01-15T19:57:08.298926Z",
            "yes_price": 1,
            "no_price": 99,
            "taker_side": "no"
        },
        {
            "trade_id": "b5117ba4-eae3-4fb5-9948-5d17044818db",
            "ticker": "KXHIGHDEN-25JAN15-B46.5",
            "count": 445,
            "created_time": "2025-01-15T19:57:08.108964Z",
            "yes_price": 1,
            "no_price": 99,
            "taker_side": "no"
        },
        {
            "trade_id": "3a7df1bc-2bf4-4ee9-8c49-890ac05fa45e",
            "ticker": "KXHIGHDEN-25JAN15-B46.5",
            "count": 275,
            "created_time": "2025-01-15T19:57:08.108964Z",
            "yes_price": 1,
            "no_price": 99,
            "taker_side": "no"
        },
        {
            "trade_id": "23ebca23-6ed0-46f8-a9f3-dbfbdecd12ae",
            "ticker": "KXHIGHDEN-25JAN15-B46.5",
            "count": 495,
            "created_time": "2025-01-15T19:57:08.07609Z",
            "yes_price": 1,
            "no_price": 99,
            "taker_side": "no"
        },
        {
            "trade_id": "fd02f00b-cd1d-40a6-8310-81fd9e7252d5",
            "ticker": "KXHIGHDEN-25JAN15-B46.5",
            "count": 101,
            "created_time": "2025-01-15T19:57:07.793145Z",
            "yes_price": 20,
            "no_price": 80,
            "taker_side": "no"
        },
        {
            "trade_id": "efc60776-3cd0-430f-84ca-fd25a9c99b6c",
            "ticker": "KXHIGHDEN-25JAN15-B46.5",
            "count": 25,
            "created_time": "2025-01-15T19:57:07.793145Z",
            "yes_price": 17,
            "no_price": 83,
            "taker_side": "no"
        },
        {
            "trade_id": "eea16a71-8ff4-4a90-b994-48b9ec1ff0aa",
            "ticker": "KXHIGHDEN-25JAN15-B46.5",
            "count": 334,
            "created_time": "2025-01-15T19:57:07.793145Z",
            "yes_price": 1,
            "no_price": 99,
            "taker_side": "no"
        },
        {
            "trade_id": "de7c8b0c-bd53-46dc-8121-1add5f45e1f1",
            "ticker": "KXHIGHDEN-25JAN15-B46.5",
            "count": 172,
            "created_time": "2025-01-15T19:57:07.793145Z",
            "yes_price": 8,
            "no_price": 92,
            "taker_side": "no"
        },
        {
            "trade_id": "d4eaf53b-4c0e-48ac-b1a2-303f7687cd1f",
            "ticker": "KXHIGHDEN-25JAN15-B46.5",
            "count": 300,
            "created_time": "2025-01-15T19:57:07.793145Z",
            "yes_price": 1,
            "no_price": 99,
            "taker_side": "no"
        },
        {
            "trade_id": "d1a10698-868b-4f01-8237-a1522dcd7296",
            "ticker": "KXHIGHDEN-25JAN15-B46.5",
            "count": 200,
            "created_time": "2025-01-15T19:57:07.793145Z",
            "yes_price": 2,
            "no_price": 98,
            "taker_side": "no"
        },
        {
            "trade_id": "bfff616b-19e9-4735-bf2e-5e27741c09e1",
            "ticker": "KXHIGHDEN-25JAN15-B46.5",
            "count": 5,
            "created_time": "2025-01-15T19:57:07.793145Z",
            "yes_price": 10,
            "no_price": 90,
            "taker_side": "no"
        },
        {
            "trade_id": "b9adb7b4-c989-4853-b0ca-d80272c05696",
            "ticker": "KXHIGHDEN-25JAN15-B46.5",
            "count": 100,
            "created_time": "2025-01-15T19:57:07.793145Z",
            "yes_price": 1,
            "no_price": 99,
            "taker_side": "no"
        },
        {
            "trade_id": "b4b593d9-27cf-4fc5-b338-16e7e6bfbdec",
            "ticker": "KXHIGHDEN-25JAN15-B46.5",
            "count": 49,
            "created_time": "2025-01-15T19:57:07.793145Z",
            "yes_price": 15,
            "no_price": 85,
            "taker_side": "no"
        },
        {
            "trade_id": "af14f6fa-6e4b-4ee9-97e2-368a77f95b72",
            "ticker": "KXHIGHDEN-25JAN15-B46.5",
            "count": 40,
            "created_time": "2025-01-15T19:57:07.793145Z",
            "yes_price": 7,
            "no_price": 93,
            "taker_side": "no"
        },
        {
            "trade_id": "ad126b07-9474-4aa0-a9d8-95665c8db71f",
            "ticker": "KXHIGHDEN-25JAN15-B46.5",
            "count": 11,
            "created_time": "2025-01-15T19:57:07.793145Z",
            "yes_price": 15,
            "no_price": 85,
            "taker_side": "no"
        },
        {
            "trade_id": "995f81a7-4a82-42ce-a2ff-5de608e8090d",
            "ticker": "KXHIGHDEN-25JAN15-B46.5",
            "count": 38,
            "created_time": "2025-01-15T19:57:07.793145Z",
            "yes_price": 15,
            "no_price": 85,
            "taker_side": "no"
        },
        {
            "trade_id": "846933e3-cf88-4c42-9ebc-a6cf8333fefc",
            "ticker": "KXHIGHDEN-25JAN15-B46.5",
            "count": 2800,
            "created_time": "2025-01-15T19:57:07.793145Z",
            "yes_price": 1,
            "no_price": 99,
            "taker_side": "no"
        },
        {
            "trade_id": "7bf680be-f6dc-4ba7-84cb-e0743f394c11",
            "ticker": "KXHIGHDEN-25JAN15-B46.5",
            "count": 40,
            "created_time": "2025-01-15T19:57:07.793145Z",
            "yes_price": 5,
            "no_price": 95,
            "taker_side": "no"
        },
        {
            "trade_id": "54b1c714-3f47-469e-a77f-b1f3995864d3",
            "ticker": "KXHIGHDEN-25JAN15-B46.5",
            "count": 25,
            "created_time": "2025-01-15T19:57:07.793145Z",
            "yes_price": 17,
            "no_price": 83,
            "taker_side": "no"
        },
        {
            "trade_id": "459f9910-eb3b-40fa-a8a2-e70fdb59c88c",
            "ticker": "KXHIGHDEN-25JAN15-B46.5",
            "count": 85,
            "created_time": "2025-01-15T19:57:07.793145Z",
            "yes_price": 20,
            "no_price": 80,
            "taker_side": "no"
        },
        {
            "trade_id": "3ec10788-7509-4763-b007-3e1dfe1ee4b7",
            "ticker": "KXHIGHDEN-25JAN15-B46.5",
            "count": 5,
            "created_time": "2025-01-15T19:57:07.793145Z",
            "yes_price": 11,
            "no_price": 89,
            "taker_side": "no"
        },
        {
            "trade_id": "37ac12e7-f035-4a6a-bd8a-e216369d36ee",
            "ticker": "KXHIGHDEN-25JAN15-B46.5",
            "count": 120,
            "created_time": "2025-01-15T19:57:07.793145Z",
            "yes_price": 1,
            "no_price": 99,
            "taker_side": "no"
        },
        {
            "trade_id": "34c4f81f-788e-47dd-b502-5125fd2752e2",
            "ticker": "KXHIGHDEN-25JAN15-B46.5",
            "count": 100,
            "created_time": "2025-01-15T19:57:07.793145Z",
            "yes_price": 5,
            "no_price": 95,
            "taker_side": "no"
        },
        {
            "trade_id": "18f16473-208a-4bd0-bbb6-14622e42d9c4",
            "ticker": "KXHIGHDEN-25JAN15-B46.5",
            "count": 150,
            "created_time": "2025-01-15T19:57:07.793145Z",
            "yes_price": 1,
            "no_price": 99,
            "taker_side": "no"
        },
        {
            "trade_id": "025fa461-b6f8-4a4d-8d5f-9810e7c27632",
            "ticker": "KXHIGHDEN-25JAN15-B46.5",
            "count": 222,
            "created_time": "2025-01-15T19:57:07.793145Z",
            "yes_price": 1,
            "no_price": 99,
            "taker_side": "no"
        },
        {
            "trade_id": "4c6d2ff3-6d98-401d-b06e-50d5aa158647",
            "ticker": "KXHIGHDEN-25JAN15-B46.5",
            "count": 15,
            "created_time": "2025-01-15T19:55:59.526443Z",
            "yes_price": 20,
            "no_price": 80,
            "taker_side": "no"
        },
        {
            "trade_id": "a45bd7c9-136d-44ca-9fda-7a3390147564",
            "ticker": "KXHIGHDEN-25JAN15-B46.5",
            "count": 107,
            "created_time": "2025-01-15T19:52:38.498196Z",
            "yes_price": 21,
            "no_price": 79,
            "taker_side": "no"
        },
        {
            "trade_id": "7c2c9a18-6b6b-4ff8-9a96-a7693fd17669",
            "ticker": "KXHIGHDEN-25JAN15-B46.5",
            "count": 155,
            "created_time": "2025-01-15T19:48:13.92579Z",
            "yes_price": 24,
            "no_price": 76,
            "taker_side": "no"
        },
        {
            "trade_id": "2995ba38-afad-42bf-a017-9d1d9ea97e3b",
            "ticker": "KXHIGHDEN-25JAN15-B46.5",
            "count": 45,
            "created_time": "2025-01-15T19:48:13.92579Z",
            "yes_price": 24,
            "no_price": 76,
            "taker_side": "no"
        },
        {
            "trade_id": "092f5a15-e816-4647-aca1-0e7fac763e7d",
            "ticker": "KXHIGHDEN-25JAN15-B46.5",
            "count": 19,
            "created_time": "2025-01-15T19:46:21.248409Z",
            "yes_price": 24,
            "no_price": 76,
            "taker_side": "no"
        },
        {
            "trade_id": "efda1124-df26-4734-8ba3-3e7c69e06f73",
            "ticker": "KXHIGHDEN-25JAN15-B46.5",
            "count": 381,
            "created_time": "2025-01-15T19:46:13.652299Z",
            "yes_price": 26,
            "no_price": 74,
            "taker_side": "no"
        },
        {
            "trade_id": "215463c3-f9be-4cc9-9dd3-808bddcd2769",
            "ticker": "KXHIGHDEN-25JAN15-B46.5",
            "count": 250,
            "created_time": "2025-01-15T19:43:59.360452Z",
            "yes_price": 26,
            "no_price": 74,
            "taker_side": "no"
        },
        {
            "trade_id": "e1f09e5e-3176-473e-a6dc-2042e497e297",
            "ticker": "KXHIGHDEN-25JAN15-B46.5",
            "count": 211,
            "created_time": "2025-01-15T19:42:46.070809Z",
            "yes_price": 27,
            "no_price": 73,
            "taker_side": "no"
        },
        {
            "trade_id": "723bd255-8407-4630-9ac5-790105955eaf",
            "ticker": "KXHIGHDEN-25JAN15-B46.5",
            "count": 20,
            "created_time": "2025-01-15T19:42:46.070809Z",
            "yes_price": 28,
            "no_price": 72,
            "taker_side": "no"
        },
        {
            "trade_id": "2d99996b-644b-42ac-9299-0f17b08a35b3",
            "ticker": "KXHIGHDEN-25JAN15-B46.5",
            "count": 369,
            "created_time": "2025-01-15T19:42:46.070809Z",
            "yes_price": 26,
            "no_price": 74,
            "taker_side": "no"
        },
        {
            "trade_id": "d4286659-e161-4b5c-a40e-b7f2b893dec4",
            "ticker": "KXHIGHDEN-25JAN15-B46.5",
            "count": 789,
            "created_time": "2025-01-15T19:42:02.952314Z",
            "yes_price": 27,
            "no_price": 73,
            "taker_side": "no"
        },
        {
            "trade_id": "a29b70f9-4a1b-42b1-9c4e-68493989b37f",
            "ticker": "KXHIGHDEN-25JAN15-B46.5",
            "count": 15,
            "created_time": "2025-01-15T19:37:59.797892Z",
            "yes_price": 33,
            "no_price": 67,
            "taker_side": "no"
        },
        {
            "trade_id": "ca4727c4-3334-4741-bcae-4e49296c9375",
            "ticker": "KXHIGHDEN-25JAN15-B46.5",
            "count": 26,
            "created_time": "2025-01-15T19:37:48.716999Z",
            "yes_price": 37,
            "no_price": 63,
            "taker_side": "yes"
        },
        {
            "trade_id": "c86824a7-8fb7-4423-bf29-bbb15c6a9461",
            "ticker": "KXHIGHDEN-25JAN15-B46.5",
            "count": 1000,
            "created_time": "2025-01-15T19:37:48.716999Z",
            "yes_price": 38,
            "no_price": 62,
            "taker_side": "yes"
        },
        {
            "trade_id": "a20c2249-7d66-46be-b16c-486a02ff9efd",
            "ticker": "KXHIGHDEN-25JAN15-B46.5",
            "count": 57,
            "created_time": "2025-01-15T19:37:48.716999Z",
            "yes_price": 37,
            "no_price": 63,
            "taker_side": "yes"
        },
        {
            "trade_id": "71ca163a-3ba6-473b-b765-ec484c8995a8",
            "ticker": "KXHIGHDEN-25JAN15-B46.5",
            "count": 1000,
            "created_time": "2025-01-15T19:37:46.326633Z",
            "yes_price": 27,
            "no_price": 73,
            "taker_side": "no"
        },
        {
            "trade_id": "dcf57c04-a8c5-4c79-9e0f-1fa3d0826d87",
            "ticker": "KXHIGHDEN-25JAN15-B46.5",
            "count": 64,
            "created_time": "2025-01-15T19:36:21.190696Z",
            "yes_price": 37,
            "no_price": 63,
            "taker_side": "yes"
        },
        {
            "trade_id": "aa6c2f36-c07c-4178-961a-1a7153017f21",
            "ticker": "KXHIGHDEN-25JAN15-B46.5",
            "count": 14,
            "created_time": "2025-01-15T19:36:21.190696Z",
            "yes_price": 36,
            "no_price": 64,
            "taker_side": "yes"
        },
        {
            "trade_id": "b3f03d6c-e62f-4454-a60b-772456ff14e2",
            "ticker": "KXHIGHDEN-25JAN15-B46.5",
            "count": 350,
            "created_time": "2025-01-15T19:32:00.596689Z",
            "yes_price": 29,
            "no_price": 71,
            "taker_side": "no"
        },
        {
            "trade_id": "3202cc6e-92a8-4999-9190-3c82020c09af",
            "ticker": "KXHIGHDEN-25JAN15-B46.5",
            "count": 500,
            "created_time": "2025-01-15T19:31:34.29464Z",
            "yes_price": 29,
            "no_price": 71,
            "taker_side": "no"
        },
        {
            "trade_id": "e28af747-f29a-48ea-9331-18922f1f354c",
            "ticker": "KXHIGHDEN-25JAN15-B46.5",
            "count": 50,
            "created_time": "2025-01-15T19:29:49.106303Z",
            "yes_price": 30,
            "no_price": 70,
            "taker_side": "no"
        },
        {
            "trade_id": "c8365a0c-b82e-40f6-a81a-1e43173fcfc3",
            "ticker": "KXHIGHDEN-25JAN15-B46.5",
            "count": 50,
            "created_time": "2025-01-15T19:29:41.50923Z",
            "yes_price": 30,
            "no_price": 70,
            "taker_side": "no"
        },
        {
            "trade_id": "83a2fd71-d3b1-4c82-8793-ee359ad6312d",
            "ticker": "KXHIGHDEN-25JAN15-B46.5",
            "count": 50,
            "created_time": "2025-01-15T19:29:32.394876Z",
            "yes_price": 30,
            "no_price": 70,
            "taker_side": "no"
        },
        {
            "trade_id": "db3571dc-2a74-4165-aaa9-2292408d64bb",
            "ticker": "KXHIGHDEN-25JAN15-B46.5",
            "count": 101,
            "created_time": "2025-01-15T19:28:14.699086Z",
            "yes_price": 30,
            "no_price": 70,
            "taker_side": "yes"
        },
        {
            "trade_id": "94567264-ee9c-4306-a4a4-d4ed78f7a254",
            "ticker": "KXHIGHDEN-25JAN15-B46.5",
            "count": 50,
            "created_time": "2025-01-15T19:28:14.699086Z",
            "yes_price": 30,
            "no_price": 70,
            "taker_side": "yes"
        },
        {
            "trade_id": "a6146401-c908-4f30-8183-69474e1e2ffa",
            "ticker": "KXHIGHDEN-25JAN15-B46.5",
            "count": 150,
            "created_time": "2025-01-15T19:26:14.052795Z",
            "yes_price": 29,
            "no_price": 71,
            "taker_side": "no"
        },
        {
            "trade_id": "22a3263a-291c-49ec-a924-5628bc341ec6",
            "ticker": "KXHIGHDEN-25JAN15-B46.5",
            "count": 996,
            "created_time": "2025-01-15T19:25:32.445111Z",
            "yes_price": 30,
            "no_price": 70,
            "taker_side": "no"
        },
        {
            "trade_id": "a330dd8f-5c2e-4f8e-b3c2-b5beebd1d7b5",
            "ticker": "KXHIGHDEN-25JAN15-B46.5",
            "count": 4,
            "created_time": "2025-01-15T19:19:39.968334Z",
            "yes_price": 30,
            "no_price": 70,
            "taker_side": "no"
        },
        {
            "trade_id": "02c83e66-fa60-43e4-a025-f36d5a90a301",
            "ticker": "KXHIGHDEN-25JAN15-B46.5",
            "count": 200,
            "created_time": "2025-01-15T19:14:24.306552Z",
            "yes_price": 31,
            "no_price": 69,
            "taker_side": "no"
        },
        {
            "trade_id": "701d9fcf-4f33-4844-b65e-05b6fd973711",
            "ticker": "KXHIGHDEN-25JAN15-B46.5",
            "count": 200,
            "created_time": "2025-01-15T19:11:46.686383Z",
            "yes_price": 31,
            "no_price": 69,
            "taker_side": "no"
        },
        {
            "trade_id": "d1ff698c-12aa-4383-b5a9-8aed377e094a",
            "ticker": "KXHIGHDEN-25JAN15-B46.5",
            "count": 18,
            "created_time": "2025-01-15T19:09:58.263822Z",
            "yes_price": 31,
            "no_price": 69,
            "taker_side": "no"
        },
        {
            "trade_id": "343562d1-64cd-4020-b724-c15cbca7818d",
            "ticker": "KXHIGHDEN-25JAN15-B46.5",
            "count": 18,
            "created_time": "2025-01-15T19:09:57.280144Z",
            "yes_price": 31,
            "no_price": 69,
            "taker_side": "no"
        },
        {
            "trade_id": "523adaeb-f8d8-43d5-8579-e2ca1514bf6a",
            "ticker": "KXHIGHDEN-25JAN15-B46.5",
            "count": 18,
            "created_time": "2025-01-15T19:09:56.337005Z",
            "yes_price": 31,
            "no_price": 69,
            "taker_side": "no"
        },
        {
            "trade_id": "49bb49e4-5a24-4864-bc84-ed919e475622",
            "ticker": "KXHIGHDEN-25JAN15-B46.5",
            "count": 18,
            "created_time": "2025-01-15T19:09:55.658744Z",
            "yes_price": 31,
            "no_price": 69,
            "taker_side": "no"
        },
        {
            "trade_id": "204cce88-4e44-40ae-b9ba-01baf06b6fec",
            "ticker": "KXHIGHDEN-25JAN15-B46.5",
            "count": 18,
            "created_time": "2025-01-15T19:09:54.988782Z",
            "yes_price": 31,
            "no_price": 69,
            "taker_side": "no"
        },
        {
            "trade_id": "edb6e306-f4ff-4c34-af83-9c9f4b99d719",
            "ticker": "KXHIGHDEN-25JAN15-B46.5",
            "count": 18,
            "created_time": "2025-01-15T19:09:54.172847Z",
            "yes_price": 31,
            "no_price": 69,
            "taker_side": "no"
        },
        {
            "trade_id": "305cb6a2-3f97-4a77-9b02-b842708a1ba6",
            "ticker": "KXHIGHDEN-25JAN15-B46.5",
            "count": 18,
            "created_time": "2025-01-15T19:09:53.532069Z",
            "yes_price": 31,
            "no_price": 69,
            "taker_side": "no"
        },
        {
            "trade_id": "5d3bd8ea-78c7-480b-8bde-87c2e3944826",
            "ticker": "KXHIGHDEN-25JAN15-B46.5",
            "count": 17,
            "created_time": "2025-01-15T19:09:52.784694Z",
            "yes_price": 31,
            "no_price": 69,
            "taker_side": "no"
        },
        {
            "trade_id": "e17ca898-0601-4326-8e63-77ff51c198b3",
            "ticker": "KXHIGHDEN-25JAN15-B46.5",
            "count": 18,
            "created_time": "2025-01-15T19:09:51.389698Z",
            "yes_price": 31,
            "no_price": 69,
            "taker_side": "no"
        },
        {
            "trade_id": "d04d2388-3772-4612-95e0-f32781f6f209",
            "ticker": "KXHIGHDEN-25JAN15-B46.5",
            "count": 18,
            "created_time": "2025-01-15T19:09:44.636562Z",
            "yes_price": 31,
            "no_price": 69,
            "taker_side": "no"
        },
        {
            "trade_id": "08cecae3-acd2-4d07-92ad-4c718165b8e9",
            "ticker": "KXHIGHDEN-25JAN15-B46.5",
            "count": 18,
            "created_time": "2025-01-15T19:09:42.811535Z",
            "yes_price": 31,
            "no_price": 69,
            "taker_side": "no"
        },
        {
            "trade_id": "92a416cb-524a-46dd-9474-a9048e58484e",
            "ticker": "KXHIGHDEN-25JAN15-B46.5",
            "count": 22,
            "created_time": "2025-01-15T19:09:41.175907Z",
            "yes_price": 31,
            "no_price": 69,
            "taker_side": "no"
        },
        {
            "trade_id": "79c2c203-ef20-4aca-aff2-bb009bb64357",
            "ticker": "KXHIGHDEN-25JAN15-B46.5",
            "count": 12,
            "created_time": "2025-01-15T19:09:32.03542Z",
            "yes_price": 31,
            "no_price": 69,
            "taker_side": "no"
        },
        {
            "trade_id": "7ab2f4c2-46cb-4a20-bc92-07019b3cd06a",
            "ticker": "KXHIGHDEN-25JAN15-B46.5",
            "count": 1,
            "created_time": "2025-01-15T19:08:53.216477Z",
            "yes_price": 38,
            "no_price": 62,
            "taker_side": "yes"
        },
        {
            "trade_id": "4331da72-5824-4573-b3a0-aeba0ad0ce39",
            "ticker": "KXHIGHDEN-25JAN15-B46.5",
            "count": 23,
            "created_time": "2025-01-15T19:08:53.216477Z",
            "yes_price": 39,
            "no_price": 61,
            "taker_side": "yes"
        },
        {
            "trade_id": "9e73bae4-f855-4507-a1b8-3c1760af34b2",
            "ticker": "KXHIGHDEN-25JAN15-B46.5",
            "count": 300,
            "created_time": "2025-01-15T19:05:53.851406Z",
            "yes_price": 35,
            "no_price": 65,
            "taker_side": "yes"
        },
        {
            "trade_id": "2cc2cfbe-bf15-4a6b-9a40-b2b9a0c9be7b",
            "ticker": "KXHIGHDEN-25JAN15-B46.5",
            "count": 200,
            "created_time": "2025-01-15T19:02:54.931408Z",
            "yes_price": 35,
            "no_price": 65,
            "taker_side": "yes"
        },
        {
            "trade_id": "80574140-cd23-4a36-93ba-7da295739bcc",
            "ticker": "KXHIGHDEN-25JAN15-B46.5",
            "count": 1,
            "created_time": "2025-01-15T18:54:30.679345Z",
            "yes_price": 25,
            "no_price": 75,
            "taker_side": "no"
        },
        {
            "trade_id": "ed98ed21-4cdf-49cb-bd43-1ad94e2981e0",
            "ticker": "KXHIGHDEN-25JAN15-B46.5",
            "count": 16,
            "created_time": "2025-01-15T18:49:54.385381Z",
            "yes_price": 33,
            "no_price": 67,
            "taker_side": "yes"
        },
        {
            "trade_id": "c63c1744-9258-453c-ad38-ef83c2277176",
            "ticker": "KXHIGHDEN-25JAN15-B46.5",
            "count": 14,
            "created_time": "2025-01-15T18:49:54.385381Z",
            "yes_price": 32,
            "no_price": 68,
            "taker_side": "yes"
        },
        {
            "trade_id": "7fb7c759-3001-470b-96a4-3bf18b017858",
            "ticker": "KXHIGHDEN-25JAN15-B46.5",
            "count": 118,
            "created_time": "2025-01-15T18:49:54.385381Z",
            "yes_price": 34,
            "no_price": 66,
            "taker_side": "yes"
        },
        {
            "trade_id": "dca8994e-69fd-4d7f-b10a-0c53d3e37c35",
            "ticker": "KXHIGHDEN-25JAN15-B46.5",
            "count": 4,
            "created_time": "2025-01-15T18:43:08.97318Z",
            "yes_price": 33,
            "no_price": 67,
            "taker_side": "yes"
        },
        {
            "trade_id": "50d9be8d-fdad-4166-9c27-d1f50c653b11",
            "ticker": "KXHIGHDEN-25JAN15-B46.5",
            "count": 19,
            "created_time": "2025-01-15T18:43:08.97318Z",
            "yes_price": 33,
            "no_price": 67,
            "taker_side": "yes"
        },
        {
            "trade_id": "3f4232d2-7e71-4075-95f3-5fc7e61161eb",
            "ticker": "KXHIGHDEN-25JAN15-B46.5",
            "count": 20,
            "created_time": "2025-01-15T18:43:08.97318Z",
            "yes_price": 27,
            "no_price": 73,
            "taker_side": "yes"
        },
        {
            "trade_id": "724f0d1c-d19f-42c5-aa63-8dea7e398c28",
            "ticker": "KXHIGHDEN-25JAN15-B46.5",
            "count": 2,
            "created_time": "2025-01-15T18:39:33.80272Z",
            "yes_price": 24,
            "no_price": 76,
            "taker_side": "no"
        },
        {
            "trade_id": "5ebc8f4d-eadd-4bc9-bbd1-b8c4328cf11b",
            "ticker": "KXHIGHDEN-25JAN15-B46.5",
            "count": 5,
            "created_time": "2025-01-15T18:13:56.272144Z",
            "yes_price": 24,
            "no_price": 76,
            "taker_side": "no"
        },
        {
            "trade_id": "bf29ad11-8055-46a2-ac89-f522dc132af3",
            "ticker": "KXHIGHDEN-25JAN15-B46.5",
            "count": 647,
            "created_time": "2025-01-15T18:03:45.646462Z",
            "yes_price": 24,
            "no_price": 76,
            "taker_side": "no"
        },
        {
            "trade_id": "cc67c530-f2ba-4bd0-afae-369940f2b0d9",
            "ticker": "KXHIGHDEN-25JAN15-B46.5",
            "count": 500,
            "created_time": "2025-01-15T18:01:09.041591Z",
            "yes_price": 24,
            "no_price": 76,
            "taker_side": "no"
        },
        {
            "trade_id": "13254ee0-57fd-4f6b-97ba-9872637f532c",
            "ticker": "KXHIGHDEN-25JAN15-B46.5",
            "count": 6,
            "created_time": "2025-01-15T17:54:22.257524Z",
            "yes_price": 24,
            "no_price": 76,
            "taker_side": "no"
        },
        {
            "trade_id": "9b5690cd-fab7-4811-955d-ef9c36a328ec",
            "ticker": "KXHIGHDEN-25JAN15-B46.5",
            "count": 15,
            "created_time": "2025-01-15T17:54:08.167802Z",
            "yes_price": 24,
            "no_price": 76,
            "taker_side": "no"
        },
        {
            "trade_id": "77c0b8c0-1ef9-4bec-a3d1-0a2c9117ed96",
            "ticker": "KXHIGHDEN-25JAN15-B46.5",
            "count": 126,
            "created_time": "2025-01-15T17:14:43.592543Z",
            "yes_price": 32,
            "no_price": 68,
            "taker_side": "no"
        },
        {
            "trade_id": "a761ee4d-9db8-4b0d-8e94-01c3233a7ff1",
            "ticker": "KXHIGHDEN-25JAN15-B46.5",
            "count": 14,
            "created_time": "2025-01-15T17:13:18.122559Z",
            "yes_price": 33,
            "no_price": 67,
            "taker_side": "yes"
        },
        {
            "trade_id": "b7929a13-9720-403b-94aa-ed0376ee625d",
            "ticker": "KXHIGHDEN-25JAN15-B46.5",
            "count": 50,
            "created_time": "2025-01-15T17:12:36.847501Z",
            "yes_price": 32,
            "no_price": 68,
            "taker_side": "no"
        },
        {
            "trade_id": "a3935e55-1871-4b94-a568-3faa434d8ae5",
            "ticker": "KXHIGHDEN-25JAN15-B46.5",
            "count": 50,
            "created_time": "2025-01-15T17:12:36.185444Z",
            "yes_price": 32,
            "no_price": 68,
            "taker_side": "no"
        },
        {
            "trade_id": "fbf420d9-457e-41c1-bb13-aa642c40f26f",
            "ticker": "KXHIGHDEN-25JAN15-B46.5",
            "count": 50,
            "created_time": "2025-01-15T17:12:35.438765Z",
            "yes_price": 32,
            "no_price": 68,
            "taker_side": "yes"
        },
        {
            "trade_id": "e43553e6-d83e-4003-a708-b7f938ba790a",
            "ticker": "KXHIGHDEN-25JAN15-B46.5",
            "count": 8,
            "created_time": "2025-01-15T17:12:35.438765Z",
            "yes_price": 31,
            "no_price": 69,
            "taker_side": "yes"
        },
        {
            "trade_id": "7682f317-5bdb-4033-92c0-ad862bea2b64",
            "ticker": "KXHIGHDEN-25JAN15-B46.5",
            "count": 116,
            "created_time": "2025-01-15T17:12:35.438765Z",
            "yes_price": 31,
            "no_price": 69,
            "taker_side": "yes"
        },
        {
            "trade_id": "9141e469-a2cc-4b09-b98f-35e92e5ce5bc",
            "ticker": "KXHIGHDEN-25JAN15-B46.5",
            "count": 8,
            "created_time": "2025-01-15T16:23:40.320173Z",
            "yes_price": 24,
            "no_price": 76,
            "taker_side": "no"
        },
        {
            "trade_id": "eabadc6e-f5a6-455f-b76e-93955a6ea409",
            "ticker": "KXHIGHDEN-25JAN15-B46.5",
            "count": 5,
            "created_time": "2025-01-15T16:19:06.723929Z",
            "yes_price": 24,
            "no_price": 76,
            "taker_side": "no"
        },
        {
            "trade_id": "113ba650-60b8-43bf-96e1-f2a6616c69c7",
            "ticker": "KXHIGHDEN-25JAN15-B46.5",
            "count": 200,
            "created_time": "2025-01-15T16:18:17.481082Z",
            "yes_price": 24,
            "no_price": 76,
            "taker_side": "no"
        },
        {
            "trade_id": "466a3665-7258-4212-8744-344836e459ea",
            "ticker": "KXHIGHDEN-25JAN15-B46.5",
            "count": 200,
            "created_time": "2025-01-15T15:58:33.764213Z",
            "yes_price": 24,
            "no_price": 76,
            "taker_side": "no"
        },
        {
            "trade_id": "1681b87d-aa12-4d8c-90d1-8fae61b2f79e",
            "ticker": "KXHIGHDEN-25JAN15-B46.5",
            "count": 150,
            "created_time": "2025-01-15T15:53:18.966204Z",
            "yes_price": 24,
            "no_price": 76,
            "taker_side": "no"
        },
        {
            "trade_id": "ccac3aa9-2a2e-4b87-9f51-fa4a02ac6083",
            "ticker": "KXHIGHDEN-25JAN15-B46.5",
            "count": 88,
            "created_time": "2025-01-15T15:52:55.910893Z",
            "yes_price": 24,
            "no_price": 76,
            "taker_side": "no"
        },
        {
            "trade_id": "331ec46d-d8f5-4ba3-92f8-69476fa60653",
            "ticker": "KXHIGHDEN-25JAN15-B46.5",
            "count": 12,
            "created_time": "2025-01-15T15:52:55.910893Z",
            "yes_price": 27,
            "no_price": 73,
            "taker_side": "no"
        },
        {
            "trade_id": "889da72c-0886-4767-8564-aeac84e2cfab",
            "ticker": "KXHIGHDEN-25JAN15-B46.5",
            "count": 2200,
            "created_time": "2025-01-15T15:52:34.851107Z",
            "yes_price": 27,
            "no_price": 73,
            "taker_side": "no"
        },
        {
            "trade_id": "7bff5df2-a051-43db-b657-2866f226861d",
            "ticker": "KXHIGHDEN-25JAN15-B46.5",
            "count": 31,
            "created_time": "2025-01-15T15:52:23.825242Z",
            "yes_price": 27,
            "no_price": 73,
            "taker_side": "no"
        },
        {
            "trade_id": "498b9b00-1bde-4c22-b776-d367927aa09e",
            "ticker": "KXHIGHDEN-25JAN15-B46.5",
            "count": 9,
            "created_time": "2025-01-15T15:49:02.321224Z",
            "yes_price": 27,
            "no_price": 73,
            "taker_side": "no"
        },
        {
            "trade_id": "acc94e95-986c-4d69-a629-913476ec9ff9",
            "ticker": "KXHIGHDEN-25JAN15-B46.5",
            "count": 19,
            "created_time": "2025-01-15T15:43:18.487719Z",
            "yes_price": 27,
            "no_price": 73,
            "taker_side": "no"
        },
        {
            "trade_id": "6185fae6-e4cb-4719-9f53-3868283cfb0e",
            "ticker": "KXHIGHDEN-25JAN15-B46.5",
            "count": 85,
            "created_time": "2025-01-15T15:43:08.066606Z",
            "yes_price": 28,
            "no_price": 72,
            "taker_side": "yes"
        },
        {
            "trade_id": "871409b4-5a91-416b-9e55-a1fca13472a3",
            "ticker": "KXHIGHDEN-25JAN15-B46.5",
            "count": 120,
            "created_time": "2025-01-15T15:40:07.361977Z",
            "yes_price": 27,
            "no_price": 73,
            "taker_side": "no"
        },
        {
            "trade_id": "9e876aad-415f-4134-9480-0044f2e4a783",
            "ticker": "KXHIGHDEN-25JAN15-B46.5",
            "count": 50,
            "created_time": "2025-01-15T15:37:32.788532Z",
            "yes_price": 28,
            "no_price": 72,
            "taker_side": "yes"
        },
        {
            "trade_id": "8f27141e-e71e-4022-8e8b-6311dab8ce5e",
            "ticker": "KXHIGHDEN-25JAN15-B46.5",
            "count": 5,
            "created_time": "2025-01-15T15:37:26.537905Z",
            "yes_price": 29,
            "no_price": 71,
            "taker_side": "yes"
        },
        {
            "trade_id": "868f8a83-cab1-4458-b11a-4ce5bb79ae66",
            "ticker": "KXHIGHDEN-25JAN15-B46.5",
            "count": 109,
            "created_time": "2025-01-15T15:37:20.708973Z",
            "yes_price": 27,
            "no_price": 73,
            "taker_side": "no"
        },
        {
            "trade_id": "73583a83-eb34-41ae-86d7-c2444ab113c3",
            "ticker": "KXHIGHDEN-25JAN15-B46.5",
            "count": 50,
            "created_time": "2025-01-15T15:34:14.844024Z",
            "yes_price": 28,
            "no_price": 72,
            "taker_side": "yes"
        },
        {
            "trade_id": "e381ddbe-2a46-4d67-ad89-467d37923fae",
            "ticker": "KXHIGHDEN-25JAN15-B46.5",
            "count": 50,
            "created_time": "2025-01-15T15:04:49.958386Z",
            "yes_price": 32,
            "no_price": 68,
            "taker_side": "yes"
        },
        {
            "trade_id": "ab8add4c-26bc-4b89-bcac-364ab542475b",
            "ticker": "KXHIGHDEN-25JAN15-B46.5",
            "count": 2000,
            "created_time": "2025-01-15T14:59:16.393652Z",
            "yes_price": 25,
            "no_price": 75,
            "taker_side": "yes"
        },
        {
            "trade_id": "2f5f39c0-94f3-45e9-928f-93293477f329",
            "ticker": "KXHIGHDEN-25JAN15-B46.5",
            "count": 66,
            "created_time": "2025-01-15T14:48:34.176629Z",
            "yes_price": 24,
            "no_price": 76,
            "taker_side": "no"
        },
        {
            "trade_id": "67b972ae-2168-4330-a416-de19c17f8975",
            "ticker": "KXHIGHDEN-25JAN15-B46.5",
            "count": 40,
            "created_time": "2025-01-15T14:46:52.292754Z",
            "yes_price": 24,
            "no_price": 76,
            "taker_side": "no"
        },
        {
            "trade_id": "cc9f4649-4185-4947-8235-51e39a4fa16d",
            "ticker": "KXHIGHDEN-25JAN15-B46.5",
            "count": 83,
            "created_time": "2025-01-15T14:22:30.3213Z",
            "yes_price": 23,
            "no_price": 77,
            "taker_side": "no"
        },
        {
            "trade_id": "9ea3a2a2-bd53-4c07-a499-65e473c1f42e",
            "ticker": "KXHIGHDEN-25JAN15-B46.5",
            "count": 2,
            "created_time": "2025-01-15T14:22:30.3213Z",
            "yes_price": 24,
            "no_price": 76,
            "taker_side": "no"
        },
        {
            "trade_id": "5375150e-bff7-4e92-b5f5-59ecc31d905c",
            "ticker": "KXHIGHDEN-25JAN15-B46.5",
            "count": 38,
            "created_time": "2025-01-15T14:17:09.270749Z",
            "yes_price": 24,
            "no_price": 76,
            "taker_side": "no"
        },
        {
            "trade_id": "56f56790-a53c-41c7-b81f-13c23a1ccf8b",
            "ticker": "KXHIGHDEN-25JAN15-B46.5",
            "count": 84,
            "created_time": "2025-01-15T14:00:04.721629Z",
            "yes_price": 23,
            "no_price": 77,
            "taker_side": "no"
        },
        {
            "trade_id": "3a60f646-0129-47cb-904e-432246cc9c51",
            "ticker": "KXHIGHDEN-25JAN15-B46.5",
            "count": 166,
            "created_time": "2025-01-15T14:00:04.721629Z",
            "yes_price": 21,
            "no_price": 79,
            "taker_side": "no"
        },
        {
            "trade_id": "7218833a-0538-4996-a289-7b776cbb231a",
            "ticker": "KXHIGHDEN-25JAN15-B46.5",
            "count": 59,
            "created_time": "2025-01-15T13:59:38.261051Z",
            "yes_price": 22,
            "no_price": 78,
            "taker_side": "no"
        },
        {
            "trade_id": "fae91b22-6943-4044-b32d-67cadd6bc837",
            "ticker": "KXHIGHDEN-25JAN15-B46.5",
            "count": 1,
            "created_time": "2025-01-15T13:59:29.028653Z",
            "yes_price": 26,
            "no_price": 74,
            "taker_side": "no"
        },
        {
            "trade_id": "544272c3-30e3-4a15-b332-29489fe28e7d",
            "ticker": "KXHIGHDEN-25JAN15-B46.5",
            "count": 15,
            "created_time": "2025-01-15T13:59:29.028653Z",
            "yes_price": 26,
            "no_price": 74,
            "taker_side": "no"
        },
        {
            "trade_id": "145c6c09-3bf1-46ec-a8a6-6e9b291b411a",
            "ticker": "KXHIGHDEN-25JAN15-B46.5",
            "count": 300,
            "created_time": "2025-01-15T13:59:29.028653Z",
            "yes_price": 24,
            "no_price": 76,
            "taker_side": "no"
        },
        {
            "trade_id": "01371d3f-72b8-4e56-b423-f010ae12a5ce",
            "ticker": "KXHIGHDEN-25JAN15-B46.5",
            "count": 15,
            "created_time": "2025-01-15T13:57:57.835827Z",
            "yes_price": 31,
            "no_price": 69,
            "taker_side": "yes"
        },
        {
            "trade_id": "0d9e7819-1f52-4222-a021-843028eae799",
            "ticker": "KXHIGHDEN-25JAN15-B46.5",
            "count": 15,
            "created_time": "2025-01-15T13:57:55.338215Z",
            "yes_price": 31,
            "no_price": 69,
            "taker_side": "yes"
        },
        {
            "trade_id": "f278ac0f-50e2-4244-9240-28d9fee56253",
            "ticker": "KXHIGHDEN-25JAN15-B46.5",
            "count": 12,
            "created_time": "2025-01-15T13:50:52.826031Z",
            "yes_price": 31,
            "no_price": 69,
            "taker_side": "yes"
        },
        {
            "trade_id": "072af96c-c82a-4de1-8524-5090c7af002a",
            "ticker": "KXHIGHDEN-25JAN15-B46.5",
            "count": 18,
            "created_time": "2025-01-15T13:50:52.826031Z",
            "yes_price": 32,
            "no_price": 68,
            "taker_side": "yes"
        },
        {
            "trade_id": "7654db9b-3261-4fcc-ba2c-31b024c9d830",
            "ticker": "KXHIGHDEN-25JAN15-B46.5",
            "count": 58,
            "created_time": "2025-01-15T13:44:55.381954Z",
            "yes_price": 32,
            "no_price": 68,
            "taker_side": "yes"
        },
        {
            "trade_id": "0ff9fcc4-d45d-4d5e-82e0-90301fedd5aa",
            "ticker": "KXHIGHDEN-25JAN15-B46.5",
            "count": 59,
            "created_time": "2025-01-15T13:44:55.381954Z",
            "yes_price": 31,
            "no_price": 69,
            "taker_side": "yes"
        },
        {
            "trade_id": "09db9b88-78b7-4c33-95eb-46d46962ab1f",
            "ticker": "KXHIGHDEN-25JAN15-B46.5",
            "count": 4,
            "created_time": "2025-01-15T13:44:55.381954Z",
            "yes_price": 31,
            "no_price": 69,
            "taker_side": "yes"
        },
        {
            "trade_id": "e2740fb8-98cf-431d-9ad7-430d74962ee1",
            "ticker": "KXHIGHDEN-25JAN15-B46.5",
            "count": 300,
            "created_time": "2025-01-15T13:28:58.631758Z",
            "yes_price": 32,
            "no_price": 68,
            "taker_side": "yes"
        },
        {
            "trade_id": "ac7553bf-f2de-4be0-910f-af991e18acb0",
            "ticker": "KXHIGHDEN-25JAN15-B46.5",
            "count": 2,
            "created_time": "2025-01-15T13:28:58.631758Z",
            "yes_price": 30,
            "no_price": 70,
            "taker_side": "yes"
        },
        {
            "trade_id": "5ba20710-e667-4a97-a5a6-16626e04718b",
            "ticker": "KXHIGHDEN-25JAN15-B46.5",
            "count": 38,
            "created_time": "2025-01-15T13:28:58.631758Z",
            "yes_price": 30,
            "no_price": 70,
            "taker_side": "yes"
        },
        {
            "trade_id": "2aebc238-9645-413e-928f-d45a112d60c3",
            "ticker": "KXHIGHDEN-25JAN15-B46.5",
            "count": 35,
            "created_time": "2025-01-15T13:28:58.631758Z",
            "yes_price": 30,
            "no_price": 70,
            "taker_side": "yes"
        },
        {
            "trade_id": "0d9496d3-1a4c-45e3-931a-ba8cf902d175",
            "ticker": "KXHIGHDEN-25JAN15-B46.5",
            "count": 13,
            "created_time": "2025-01-15T13:19:12.44101Z",
            "yes_price": 30,
            "no_price": 70,
            "taker_side": "no"
        },
        {
            "trade_id": "7022925c-03c1-45df-83ab-02cdca15e137",
            "ticker": "KXHIGHDEN-25JAN15-B46.5",
            "count": 25,
            "created_time": "2025-01-15T13:18:51.404668Z",
            "yes_price": 30,
            "no_price": 70,
            "taker_side": "no"
        },
        {
            "trade_id": "7e51ba65-cce7-4ecc-871a-649a44ca124b",
            "ticker": "KXHIGHDEN-25JAN15-B46.5",
            "count": 53,
            "created_time": "2025-01-15T13:18:01.587921Z",
            "yes_price": 30,
            "no_price": 70,
            "taker_side": "no"
        },
        {
            "trade_id": "e80eabd4-ed4a-40cd-817d-143ac63ec1af",
            "ticker": "KXHIGHDEN-25JAN15-B46.5",
            "count": 300,
            "created_time": "2025-01-15T13:17:37.159761Z",
            "yes_price": 30,
            "no_price": 70,
            "taker_side": "yes"
        },
        {
            "trade_id": "af1663fb-bdc6-4464-9dea-135092686cba",
            "ticker": "KXHIGHDEN-25JAN15-B46.5",
            "count": 14,
            "created_time": "2025-01-15T13:17:37.159761Z",
            "yes_price": 28,
            "no_price": 72,
            "taker_side": "yes"
        },
        {
            "trade_id": "82090b9e-fdbb-4bac-b025-c8dbccdfaff9",
            "ticker": "KXHIGHDEN-25JAN15-B46.5",
            "count": 56,
            "created_time": "2025-01-15T13:17:37.159761Z",
            "yes_price": 28,
            "no_price": 72,
            "taker_side": "yes"
        },
        {
            "trade_id": "02c61300-d068-47b3-93dd-ba89ac97e72e",
            "ticker": "KXHIGHDEN-25JAN15-B46.5",
            "count": 39,
            "created_time": "2025-01-15T13:17:37.159761Z",
            "yes_price": 28,
            "no_price": 72,
            "taker_side": "yes"
        },
        {
            "trade_id": "e483fa97-ec02-4607-bbf7-b0d60b747c15",
            "ticker": "KXHIGHDEN-25JAN15-B46.5",
            "count": 1,
            "created_time": "2025-01-15T13:16:04.053595Z",
            "yes_price": 25,
            "no_price": 75,
            "taker_side": "yes"
        },
        {
            "trade_id": "9fac5e00-0cf8-4611-ad53-bdfd932bf497",
            "ticker": "KXHIGHDEN-25JAN15-B46.5",
            "count": 5,
            "created_time": "2025-01-15T13:16:04.053595Z",
            "yes_price": 25,
            "no_price": 75,
            "taker_side": "yes"
        },
        {
            "trade_id": "959ca903-fb4c-4700-b397-68e01dbc518c",
            "ticker": "KXHIGHDEN-25JAN15-B46.5",
            "count": 126,
            "created_time": "2025-01-15T13:16:04.053595Z",
            "yes_price": 29,
            "no_price": 71,
            "taker_side": "yes"
        },
        {
            "trade_id": "60ded558-88f2-4cba-a848-73a4b7a4b5a6",
            "ticker": "KXHIGHDEN-25JAN15-B46.5",
            "count": 300,
            "created_time": "2025-01-15T13:16:04.053595Z",
            "yes_price": 27,
            "no_price": 73,
            "taker_side": "yes"
        },
        {
            "trade_id": "f7899d03-4b38-4d37-8d55-33769418be85",
            "ticker": "KXHIGHDEN-25JAN15-B46.5",
            "count": 52,
            "created_time": "2025-01-15T13:15:19.680727Z",
            "yes_price": 24,
            "no_price": 76,
            "taker_side": "yes"
        },
        {
            "trade_id": "7b47e349-d992-42ea-8026-993c88b4e324",
            "ticker": "KXHIGHDEN-25JAN15-B46.5",
            "count": 103,
            "created_time": "2025-01-15T07:58:39.502355Z",
            "yes_price": 21,
            "no_price": 79,
            "taker_side": "no"
        },
        {
            "trade_id": "fb54ddac-3f74-4b8c-8e9e-fc8f8fc04414",
            "ticker": "KXHIGHDEN-25JAN15-B46.5",
            "count": 60,
            "created_time": "2025-01-15T06:38:21.766332Z",
            "yes_price": 32,
            "no_price": 68,
            "taker_side": "yes"
        },
        {
            "trade_id": "c7dfe782-cb7c-4b41-8e63-149f65cc91e2",
            "ticker": "KXHIGHDEN-25JAN15-B46.5",
            "count": 240,
            "created_time": "2025-01-15T06:38:21.766332Z",
            "yes_price": 30,
            "no_price": 70,
            "taker_side": "yes"
        },
        {
            "trade_id": "7e743e9a-b13e-40aa-a82f-18e04c38714b",
            "ticker": "KXHIGHDEN-25JAN15-B46.5",
            "count": 14,
            "created_time": "2025-01-15T06:38:21.766332Z",
            "yes_price": 28,
            "no_price": 72,
            "taker_side": "yes"
        },
        {
            "trade_id": "3b5cbdd1-d42e-43e0-ba70-2c8a1d6c393e",
            "ticker": "KXHIGHDEN-25JAN15-B46.5",
            "count": 20,
            "created_time": "2025-01-15T06:20:20.990546Z",
            "yes_price": 27,
            "no_price": 73,
            "taker_side": "no"
        },
        {
            "trade_id": "3cbaf4f5-115d-4121-a146-d57ad3a1091f",
            "ticker": "KXHIGHDEN-25JAN15-B46.5",
            "count": 78,
            "created_time": "2025-01-15T06:03:28.592849Z",
            "yes_price": 29,
            "no_price": 71,
            "taker_side": "yes"
        },
        {
            "trade_id": "f2ad8586-4763-4531-aa1c-cc5d89868368",
            "ticker": "KXHIGHDEN-25JAN15-B46.5",
            "count": 3,
            "created_time": "2025-01-15T05:49:27.757156Z",
            "yes_price": 26,
            "no_price": 74,
            "taker_side": "yes"
        },
        {
            "trade_id": "81f65753-66ce-470c-ba47-73f9839578e2",
            "ticker": "KXHIGHDEN-25JAN15-B46.5",
            "count": 70,
            "created_time": "2025-01-15T05:49:27.757156Z",
            "yes_price": 26,
            "no_price": 74,
            "taker_side": "yes"
        },
        {
            "trade_id": "12fec362-f1da-45a2-a4c4-41156474336b",
            "ticker": "KXHIGHDEN-25JAN15-B46.5",
            "count": 40,
            "created_time": "2025-01-15T05:39:13.905949Z",
            "yes_price": 25,
            "no_price": 75,
            "taker_side": "no"
        },
        {
            "trade_id": "a8eb7d09-7592-4aaf-b33b-efc65122f1eb",
            "ticker": "KXHIGHDEN-25JAN15-B46.5",
            "count": 40,
            "created_time": "2025-01-15T05:37:43.144286Z",
            "yes_price": 25,
            "no_price": 75,
            "taker_side": "no"
        },
        {
            "trade_id": "331519bf-ee71-4b60-a72c-71413e665250",
            "ticker": "KXHIGHDEN-25JAN15-B46.5",
            "count": 121,
            "created_time": "2025-01-15T05:34:04.58007Z",
            "yes_price": 25,
            "no_price": 75,
            "taker_side": "no"
        },
        {
            "trade_id": "9bf94166-296f-4966-b0df-c163a672175c",
            "ticker": "KXHIGHDEN-25JAN15-B46.5",
            "count": 5,
            "created_time": "2025-01-15T05:33:54.90621Z",
            "yes_price": 25,
            "no_price": 75,
            "taker_side": "no"
        },
        {
            "trade_id": "c2a2ea03-a40e-47ba-8868-0f3931e40ee8",
            "ticker": "KXHIGHDEN-25JAN15-B46.5",
            "count": 4,
            "created_time": "2025-01-15T05:33:48.325489Z",
            "yes_price": 26,
            "no_price": 74,
            "taker_side": "no"
        },
        {
            "trade_id": "167324e0-d305-4d01-86b9-7ed5373b0556",
            "ticker": "KXHIGHDEN-25JAN15-B46.5",
            "count": 18,
            "created_time": "2025-01-15T05:33:48.325489Z",
            "yes_price": 27,
            "no_price": 73,
            "taker_side": "no"
        },
        {
            "trade_id": "889da5cc-856b-42c3-af95-c82825d70026",
            "ticker": "KXHIGHDEN-25JAN15-B46.5",
            "count": 7,
            "created_time": "2025-01-15T05:33:48.077405Z",
            "yes_price": 27,
            "no_price": 73,
            "taker_side": "no"
        },
        {
            "trade_id": "226dabb5-6c31-44ad-b60e-8c0117d30d65",
            "ticker": "KXHIGHDEN-25JAN15-B46.5",
            "count": 8,
            "created_time": "2025-01-15T05:33:47.67621Z",
            "yes_price": 28,
            "no_price": 72,
            "taker_side": "no"
        },
        {
            "trade_id": "958c00d1-413e-4854-9d2c-10b996db500e",
            "ticker": "KXHIGHDEN-25JAN15-B46.5",
            "count": 12,
            "created_time": "2025-01-15T05:33:46.46387Z",
            "yes_price": 28,
            "no_price": 72,
            "taker_side": "no"
        },
        {
            "trade_id": "85aaa9f7-ae98-40e9-bd36-f1559486f970",
            "ticker": "KXHIGHDEN-25JAN15-B46.5",
            "count": 17,
            "created_time": "2025-01-15T05:33:45.762999Z",
            "yes_price": 28,
            "no_price": 72,
            "taker_side": "no"
        },
        {
            "trade_id": "fc870658-3db9-44d3-9e9b-5f4a4cdce4ba",
            "ticker": "KXHIGHDEN-25JAN15-B46.5",
            "count": 40,
            "created_time": "2025-01-15T04:48:20.711422Z",
            "yes_price": 33,
            "no_price": 67,
            "taker_side": "no"
        },
        {
            "trade_id": "eb9efda5-5ba2-47d0-bd2f-b33053ab5d2a",
            "ticker": "KXHIGHDEN-25JAN15-B46.5",
            "count": 3,
            "created_time": "2025-01-15T04:48:20.711422Z",
            "yes_price": 33,
            "no_price": 67,
            "taker_side": "no"
        },
        {
            "trade_id": "3bf58df0-271c-4f66-a108-c2fb69304b59",
            "ticker": "KXHIGHDEN-25JAN15-B46.5",
            "count": 1,
            "created_time": "2025-01-15T04:38:06.106019Z",
            "yes_price": 34,
            "no_price": 66,
            "taker_side": "no"
        },
        {
            "trade_id": "58ae3c9f-b278-4185-b455-0b7b0008a923",
            "ticker": "KXHIGHDEN-25JAN15-B46.5",
            "count": 16,
            "created_time": "2025-01-15T04:31:29.743887Z",
            "yes_price": 44,
            "no_price": 56,
            "taker_side": "yes"
        },
        {
            "trade_id": "28d38efa-cc66-4525-a31b-75a374f35409",
            "ticker": "KXHIGHDEN-25JAN15-B46.5",
            "count": 16,
            "created_time": "2025-01-15T04:31:29.743887Z",
            "yes_price": 45,
            "no_price": 55,
            "taker_side": "yes"
        },
        {
            "trade_id": "67499b7e-2509-4019-a3ae-72b7643754ee",
            "ticker": "KXHIGHDEN-25JAN15-B46.5",
            "count": 18,
            "created_time": "2025-01-15T04:05:11.700243Z",
            "yes_price": 44,
            "no_price": 56,
            "taker_side": "yes"
        },
        {
            "trade_id": "51933cca-4e6d-4d7a-956a-e70a41bf9d57",
            "ticker": "KXHIGHDEN-25JAN15-B46.5",
            "count": 196,
            "created_time": "2025-01-15T04:05:11.700243Z",
            "yes_price": 45,
            "no_price": 55,
            "taker_side": "yes"
        },
        {
            "trade_id": "d6e70845-dd57-4f27-b882-f49251cb59ff",
            "ticker": "KXHIGHDEN-25JAN15-B46.5",
            "count": 1,
            "created_time": "2025-01-15T02:05:52.19949Z",
            "yes_price": 48,
            "no_price": 52,
            "taker_side": "yes"
        },
        {
            "trade_id": "57dcdc79-1a5d-4f30-be02-635f9ba1b42d",
            "ticker": "KXHIGHDEN-25JAN15-B46.5",
            "count": 2,
            "created_time": "2025-01-15T02:05:52.19949Z",
            "yes_price": 49,
            "no_price": 51,
            "taker_side": "yes"
        },
        {
            "trade_id": "2dfcdd94-82a2-4970-8629-28bcd02dd942",
            "ticker": "KXHIGHDEN-25JAN15-B46.5",
            "count": 20,
            "created_time": "2025-01-15T02:03:31.872752Z",
            "yes_price": 48,
            "no_price": 52,
            "taker_side": "yes"
        },
        {
            "trade_id": "0b890c1b-ea8d-4982-87d3-7e33ba4ad606",
            "ticker": "KXHIGHDEN-25JAN15-B46.5",
            "count": 29,
            "created_time": "2025-01-15T01:55:53.514164Z",
            "yes_price": 48,
            "no_price": 52,
            "taker_side": "yes"
        },
        {
            "trade_id": "6bbdacd7-5241-4b30-a81a-fdd314975bc6",
            "ticker": "KXHIGHDEN-25JAN15-B46.5",
            "count": 20,
            "created_time": "2025-01-15T01:33:11.75049Z",
            "yes_price": 48,
            "no_price": 52,
            "taker_side": "yes"
        },
        {
            "trade_id": "d22d665e-d609-4343-8f42-501b552acee1",
            "ticker": "KXHIGHDEN-25JAN15-B46.5",
            "count": 163,
            "created_time": "2025-01-15T01:08:24.991095Z",
            "yes_price": 48,
            "no_price": 52,
            "taker_side": "yes"
        },
        {
            "trade_id": "7137f824-1fd7-4475-a06e-f03f8a799621",
            "ticker": "KXHIGHDEN-25JAN15-B46.5",
            "count": 484,
            "created_time": "2025-01-15T00:50:33.269254Z",
            "yes_price": 50,
            "no_price": 50,
            "taker_side": "yes"
        },
        {
            "trade_id": "565951a3-f83f-4c3f-82f9-a8dd83245d7f",
            "ticker": "KXHIGHDEN-25JAN15-B46.5",
            "count": 16,
            "created_time": "2025-01-15T00:50:33.269254Z",
            "yes_price": 49,
            "no_price": 51,
            "taker_side": "yes"
        },
        {
            "trade_id": "ddcb3014-c6a4-45e9-aa1f-6b4a3c6f3a77",
            "ticker": "KXHIGHDEN-25JAN15-B46.5",
            "count": 34,
            "created_time": "2025-01-15T00:37:47.652808Z",
            "yes_price": 49,
            "no_price": 51,
            "taker_side": "yes"
        },
        {
            "trade_id": "7ba42033-1991-442b-b433-957fbb6889fd",
            "ticker": "KXHIGHDEN-25JAN15-B46.5",
            "count": 100,
            "created_time": "2025-01-15T00:37:47.652808Z",
            "yes_price": 45,
            "no_price": 55,
            "taker_side": "yes"
        },
        {
            "trade_id": "47d1e56d-040a-48e6-9e4c-e28f1b5ea225",
            "ticker": "KXHIGHDEN-25JAN15-B46.5",
            "count": 40,
            "created_time": "2025-01-15T00:37:47.652808Z",
            "yes_price": 44,
            "no_price": 56,
            "taker_side": "yes"
        },
        {
            "trade_id": "30b49f52-6061-4819-be71-bef45fa9c9e5",
            "ticker": "KXHIGHDEN-25JAN15-B46.5",
            "count": 37,
            "created_time": "2025-01-15T00:37:47.652808Z",
            "yes_price": 46,
            "no_price": 54,
            "taker_side": "yes"
        },
        {
            "trade_id": "3a80158e-b74a-44b3-87f0-1f66ea426bc8",
            "ticker": "KXHIGHDEN-25JAN15-B46.5",
            "count": 145,
            "created_time": "2025-01-15T00:08:11.445104Z",
            "yes_price": 45,
            "no_price": 55,
            "taker_side": "yes"
        },
        {
            "trade_id": "4c2c509d-d742-4199-b60c-14be9fe8050b",
            "ticker": "KXHIGHDEN-25JAN15-B46.5",
            "count": 4,
            "created_time": "2025-01-14T23:55:18.654124Z",
            "yes_price": 45,
            "no_price": 55,
            "taker_side": "yes"
        },
        {
            "trade_id": "d6b9368d-ff3d-453c-a559-e92ae4d1b790",
            "ticker": "KXHIGHDEN-25JAN15-B46.5",
            "count": 4,
            "created_time": "2025-01-14T23:18:55.628522Z",
            "yes_price": 26,
            "no_price": 74,
            "taker_side": "no"
        },
        {
            "trade_id": "d246e9df-413e-4ef6-a38b-0ba8ba85512a",
            "ticker": "KXHIGHDEN-25JAN15-B46.5",
            "count": 12,
            "created_time": "2025-01-14T23:13:46.712522Z",
            "yes_price": 46,
            "no_price": 54,
            "taker_side": "yes"
        },
        {
            "trade_id": "129c7e02-fedd-4016-9ff3-545b98513d3f",
            "ticker": "KXHIGHDEN-25JAN15-B46.5",
            "count": 1,
            "created_time": "2025-01-14T23:06:39.724652Z",
            "yes_price": 46,
            "no_price": 54,
            "taker_side": "yes"
        },
        {
            "trade_id": "57ea6007-9a30-4221-bd00-38538327b056",
            "ticker": "KXHIGHDEN-25JAN15-B46.5",
            "count": 6,
            "created_time": "2025-01-14T15:24:06.447029Z",
            "yes_price": 17,
            "no_price": 83,
            "taker_side": "no"
        }
    ],
    "KXHIGHDEN-25JAN15-B48.5": [
        {
            "trade_id": "06b43b77-06ff-457e-8b05-41c03859c49a",
            "ticker": "KXHIGHDEN-25JAN15-B48.5",
            "count": 138,
            "created_time": "2025-01-16T05:37:06.375432Z",
            "yes_price": 99,
            "no_price": 1,
            "taker_side": "no"
        },
        {
            "trade_id": "e8a58c91-700d-4c74-90be-62efdd9eb8c1",
            "ticker": "KXHIGHDEN-25JAN15-B48.5",
            "count": 1,
            "created_time": "2025-01-16T02:26:26.297508Z",
            "yes_price": 99,
            "no_price": 1,
            "taker_side": "no"
        },
        {
            "trade_id": "d1750280-ef43-48fd-a575-b1648e4950d8",
            "ticker": "KXHIGHDEN-25JAN15-B48.5",
            "count": 23,
            "created_time": "2025-01-16T02:00:47.135889Z",
            "yes_price": 99,
            "no_price": 1,
            "taker_side": "no"
        },
        {
            "trade_id": "a3bbeed2-836b-4489-a87d-91b722c2cf7b",
            "ticker": "KXHIGHDEN-25JAN15-B48.5",
            "count": 25,
            "created_time": "2025-01-16T01:59:34.405564Z",
            "yes_price": 99,
            "no_price": 1,
            "taker_side": "no"
        },
        {
            "trade_id": "a5b9640b-1ac2-4dec-8aba-520c2ded1ebd",
            "ticker": "KXHIGHDEN-25JAN15-B48.5",
            "count": 50,
            "created_time": "2025-01-16T01:57:50.11426Z",
            "yes_price": 99,
            "no_price": 1,
            "taker_side": "no"
        },
        {
            "trade_id": "64bc2d4d-b4b6-4aa8-aaad-ae96318bd385",
            "ticker": "KXHIGHDEN-25JAN15-B48.5",
            "count": 7,
            "created_time": "2025-01-16T01:54:50.710356Z",
            "yes_price": 99,
            "no_price": 1,
            "taker_side": "no"
        },
        {
            "trade_id": "37e9addb-a2ea-463b-80e3-3d300dbf6581",
            "ticker": "KXHIGHDEN-25JAN15-B48.5",
            "count": 50,
            "created_time": "2025-01-16T01:51:35.409165Z",
            "yes_price": 99,
            "no_price": 1,
            "taker_side": "no"
        },
        {
            "trade_id": "784fbdd4-2fa0-40ad-94a3-a00a52861174",
            "ticker": "KXHIGHDEN-25JAN15-B48.5",
            "count": 50,
            "created_time": "2025-01-16T01:50:24.102317Z",
            "yes_price": 99,
            "no_price": 1,
            "taker_side": "no"
        },
        {
            "trade_id": "f0a51ea0-4a0d-406f-9a5e-0fafd546b459",
