{
    "KXHIGHDEN-25JAN14-T37": [
        {
            "trade_id": "a600651a-e58a-474c-a7a3-7c0d46674955",
            "ticker": "KXHIGHDEN-25JAN14-T37",
            "count": 13,
            "created_time": "2025-01-14T21:11:11.019545Z",
            "yes_price": 1,
            "no_price": 99,
            "taker_side": "yes"
        },
        {
            "trade_id": "f6457201-d779-4329-9bda-e98054be3312",
            "ticker": "KXHIGHDEN-25JAN14-T37",
            "count": 100,
            "created_time": "2025-01-14T18:55:18.325273Z",
            "yes_price": 1,
            "no_price": 99,
            "taker_side": "no"
        },
        {
            "trade_id": "ccc15897-8d55-4215-a24c-2138275e23e3",
            "ticker": "KXHIGHDEN-25JAN14-T37",
            "count": 120,
            "created_time": "2025-01-14T18:55:18.325273Z",
            "yes_price": 1,
            "no_price": 99,
            "taker_side": "no"
        },
        {
            "trade_id": "7d4534a8-9e7b-4481-816a-db80a647ded1",
            "ticker": "KXHIGHDEN-25JAN14-T37",
            "count": 40,
            "created_time": "2025-01-14T18:55:18.325273Z",
            "yes_price": 2,
            "no_price": 98,
            "taker_side": "no"
        },
        {
            "trade_id": "714ea5b5-d5ad-4320-b826-1d76036bc467",
            "ticker": "KXHIGHDEN-25JAN14-T37",
            "count": 764,
            "created_time": "2025-01-14T18:55:18.325273Z",
            "yes_price": 2,
            "no_price": 98,
            "taker_side": "no"
        },
        {
            "trade_id": "5598b906-5f36-4460-89db-faf6fb9b7b1f",
            "ticker": "KXHIGHDEN-25JAN14-T37",
            "count": 40,
            "created_time": "2025-01-14T18:55:18.325273Z",
            "yes_price": 2,
            "no_price": 98,
            "taker_side": "no"
        },
        {
            "trade_id": "41a844b2-7654-49c1-be51-f47ead89c687",
            "ticker": "KXHIGHDEN-25JAN14-T37",
            "count": 150,
            "created_time": "2025-01-14T18:55:18.325273Z",
            "yes_price": 1,
            "no_price": 99,
            "taker_side": "no"
        },
        {
            "trade_id": "330acd57-6aa8-46f5-a5d8-823ba6acbf61",
            "ticker": "KXHIGHDEN-25JAN14-T37",
            "count": 50,
            "created_time": "2025-01-14T18:55:18.325273Z",
            "yes_price": 1,
            "no_price": 99,
            "taker_side": "no"
        },
        {
            "trade_id": "b896d401-26da-4d34-acb8-657b23dbb0cf",
            "ticker": "KXHIGHDEN-25JAN14-T37",
            "count": 10,
            "created_time": "2025-01-14T18:32:26.853654Z",
            "yes_price": 3,
            "no_price": 97,
            "taker_side": "no"
        },
        {
            "trade_id": "65562f24-1c71-4950-b240-ccfe1cc0a762",
            "ticker": "KXHIGHDEN-25JAN14-T37",
            "count": 50,
            "created_time": "2025-01-14T18:21:26.550341Z",
            "yes_price": 6,
            "no_price": 94,
            "taker_side": "no"
        },
        {
            "trade_id": "c2ef2632-c1f6-4fa2-a435-973aa93ba636",
            "ticker": "KXHIGHDEN-25JAN14-T37",
            "count": 200,
            "created_time": "2025-01-14T18:21:25.955516Z",
            "yes_price": 6,
            "no_price": 94,
            "taker_side": "no"
        },
        {
            "trade_id": "5370e9c3-a3e6-449e-9674-76fd3d825b46",
            "ticker": "KXHIGHDEN-25JAN14-T37",
            "count": 104,
            "created_time": "2025-01-14T17:57:18.009951Z",
            "yes_price": 5,
            "no_price": 95,
            "taker_side": "no"
        },
        {
            "trade_id": "024090e0-b636-494a-a2e2-458b929d80ea",
            "ticker": "KXHIGHDEN-25JAN14-T37",
            "count": 25,
            "created_time": "2025-01-14T17:43:09.542394Z",
            "yes_price": 5,
            "no_price": 95,
            "taker_side": "no"
        },
        {
            "trade_id": "400fce5e-32b7-4e13-bb9e-f223df07f18c",
            "ticker": "KXHIGHDEN-25JAN14-T37",
            "count": 33,
            "created_time": "2025-01-14T17:42:23.12777Z",
            "yes_price": 14,
            "no_price": 86,
            "taker_side": "yes"
        },
        {
            "trade_id": "a787f302-f83b-4fcf-9b07-833dad677fa4",
            "ticker": "KXHIGHDEN-25JAN14-T37",
            "count": 20,
            "created_time": "2025-01-14T17:39:48.544044Z",
            "yes_price": 14,
            "no_price": 86,
            "taker_side": "yes"
        },
        {
            "trade_id": "742dcbac-78ba-4579-b36c-164af11d3a5f",
            "ticker": "KXHIGHDEN-25JAN14-T37",
            "count": 5,
            "created_time": "2025-01-14T17:39:31.350243Z",
            "yes_price": 9,
            "no_price": 91,
            "taker_side": "yes"
        },
        {
            "trade_id": "018efecd-2ee6-412d-97c9-781ccaa3ad08",
            "ticker": "KXHIGHDEN-25JAN14-T37",
            "count": 9,
            "created_time": "2025-01-14T17:39:31.350243Z",
            "yes_price": 14,
            "no_price": 86,
            "taker_side": "yes"
        },
        {
            "trade_id": "fb9b6a16-3816-4dd2-bed9-1da368cbc242",
            "ticker": "KXHIGHDEN-25JAN14-T37",
            "count": 50,
            "created_time": "2025-01-14T17:30:16.245112Z",
            "yes_price": 6,
            "no_price": 94,
            "taker_side": "no"
        },
        {
            "trade_id": "6220b06c-a7e2-46f6-9e45-9b6a80165054",
            "ticker": "KXHIGHDEN-25JAN14-T37",
            "count": 3,
            "created_time": "2025-01-14T17:28:43.178125Z",
            "yes_price": 6,
            "no_price": 94,
            "taker_side": "no"
        },
        {
            "trade_id": "024275f7-e428-4543-81bf-3ce227a686a2",
            "ticker": "KXHIGHDEN-25JAN14-T37",
            "count": 50,
            "created_time": "2025-01-14T17:28:43.178125Z",
            "yes_price": 6,
            "no_price": 94,
            "taker_side": "no"
        },
        {
            "trade_id": "3e46a891-663d-49e1-9105-b6f72166ae9a",
            "ticker": "KXHIGHDEN-25JAN14-T37",
            "count": 100,
            "created_time": "2025-01-14T17:28:31.583738Z",
            "yes_price": 6,
            "no_price": 94,
            "taker_side": "no"
        },
        {
            "trade_id": "2b20578c-8662-4233-9319-fad39dc63197",
            "ticker": "KXHIGHDEN-25JAN14-T37",
            "count": 67,
            "created_time": "2025-01-14T17:22:57.632427Z",
            "yes_price": 14,
            "no_price": 86,
            "taker_side": "yes"
        },
        {
            "trade_id": "3830ba89-7f1b-4da4-b629-8df9d3cf2951",
            "ticker": "KXHIGHDEN-25JAN14-T37",
            "count": 33,
            "created_time": "2025-01-14T17:20:32.736616Z",
            "yes_price": 14,
            "no_price": 86,
            "taker_side": "yes"
        },
        {
            "trade_id": "500811ec-443a-4491-83c3-f1292134bd01",
            "ticker": "KXHIGHDEN-25JAN14-T37",
            "count": 5,
            "created_time": "2025-01-14T17:19:22.481128Z",
            "yes_price": 9,
            "no_price": 91,
            "taker_side": "no"
        },
        {
            "trade_id": "89635da4-5bcb-4685-996f-193c3ca9e4a9",
            "ticker": "KXHIGHDEN-25JAN14-T37",
            "count": 22,
            "created_time": "2025-01-14T17:16:16.414519Z",
            "yes_price": 15,
            "no_price": 85,
            "taker_side": "yes"
        },
        {
            "trade_id": "ff3b5dfc-ad23-4f07-833b-4260283be4d0",
            "ticker": "KXHIGHDEN-25JAN14-T37",
            "count": 50,
            "created_time": "2025-01-14T16:58:29.55585Z",
            "yes_price": 16,
            "no_price": 84,
            "taker_side": "no"
        },
        {
            "trade_id": "bc75ba85-01f2-4676-aee7-d506dc0cb89b",
            "ticker": "KXHIGHDEN-25JAN14-T37",
            "count": 125,
            "created_time": "2025-01-14T16:58:29.55585Z",
            "yes_price": 15,
            "no_price": 85,
            "taker_side": "no"
        },
        {
            "trade_id": "8de4ff09-4c77-41df-b8b8-2ab6cbbb4d04",
            "ticker": "KXHIGHDEN-25JAN14-T37",
            "count": 200,
            "created_time": "2025-01-14T16:56:56.613273Z",
            "yes_price": 17,
            "no_price": 83,
            "taker_side": "no"
        },
        {
            "trade_id": "0dcd97d4-5973-49ac-95a5-c761c83fede2",
            "ticker": "KXHIGHDEN-25JAN14-T37",
            "count": 37,
            "created_time": "2025-01-14T16:56:56.613273Z",
            "yes_price": 16,
            "no_price": 84,
            "taker_side": "no"
        },
        {
            "trade_id": "9603e656-77ee-4342-af3f-13c6da088608",
            "ticker": "KXHIGHDEN-25JAN14-T37",
            "count": 7,
            "created_time": "2025-01-14T16:47:41.995082Z",
            "yes_price": 16,
            "no_price": 84,
            "taker_side": "no"
        },
        {
            "trade_id": "edc88696-c284-4d1a-b2da-6adf14daf53f",
            "ticker": "KXHIGHDEN-25JAN14-T37",
            "count": 50,
            "created_time": "2025-01-14T16:47:31.5023Z",
            "yes_price": 16,
            "no_price": 84,
            "taker_side": "no"
        },
        {
            "trade_id": "b050d58e-4a76-42ff-a64b-93f4fe6e2519",
            "ticker": "KXHIGHDEN-25JAN14-T37",
            "count": 200,
            "created_time": "2025-01-14T16:47:31.5023Z",
            "yes_price": 18,
            "no_price": 82,
            "taker_side": "no"
        },
        {
            "trade_id": "9be44430-588d-44e9-ac68-cc107599dba2",
            "ticker": "KXHIGHDEN-25JAN14-T37",
            "count": 101,
            "created_time": "2025-01-14T16:47:31.5023Z",
            "yes_price": 18,
            "no_price": 82,
            "taker_side": "no"
        },
        {
            "trade_id": "886076a0-2d13-4859-9a0d-21cd7428c99a",
            "ticker": "KXHIGHDEN-25JAN14-T37",
            "count": 65,
            "created_time": "2025-01-14T16:47:31.5023Z",
            "yes_price": 15,
            "no_price": 85,
            "taker_side": "no"
        },
        {
            "trade_id": "fee3fde5-c846-49f1-95d3-7608e19a3109",
            "ticker": "KXHIGHDEN-25JAN14-T37",
            "count": 13,
            "created_time": "2025-01-14T16:37:57.748357Z",
            "yes_price": 16,
            "no_price": 84,
            "taker_side": "no"
        },
        {
            "trade_id": "f7e84730-c337-4ad8-8df5-313e30f43168",
            "ticker": "KXHIGHDEN-25JAN14-T37",
            "count": 50,
            "created_time": "2025-01-14T16:36:03.378476Z",
            "yes_price": 23,
            "no_price": 77,
            "taker_side": "yes"
        },
        {
            "trade_id": "70aff333-ac2a-473e-9030-3b1e6fba0685",
            "ticker": "KXHIGHDEN-25JAN14-T37",
            "count": 101,
            "created_time": "2025-01-14T16:36:03.378476Z",
            "yes_price": 23,
            "no_price": 77,
            "taker_side": "yes"
        },
        {
            "trade_id": "ed29640e-ab45-4904-9d51-6c66a5a2d415",
            "ticker": "KXHIGHDEN-25JAN14-T37",
            "count": 14,
            "created_time": "2025-01-14T16:33:24.68292Z",
            "yes_price": 16,
            "no_price": 84,
            "taker_side": "no"
        },
        {
            "trade_id": "acc8db8e-e4a6-4a27-8f39-ebcf2969d639",
            "ticker": "KXHIGHDEN-25JAN14-T37",
            "count": 50,
            "created_time": "2025-01-14T16:31:00.084194Z",
            "yes_price": 24,
            "no_price": 76,
            "taker_side": "yes"
        },
        {
            "trade_id": "8bcf2893-bad0-4d42-a959-da84807b994a",
            "ticker": "KXHIGHDEN-25JAN14-T37",
            "count": 14,
            "created_time": "2025-01-14T16:31:00.084194Z",
            "yes_price": 24,
            "no_price": 76,
            "taker_side": "yes"
        },
        {
            "trade_id": "ad1ec95b-f826-4b2b-8be4-d0b7055590f4",
            "ticker": "KXHIGHDEN-25JAN14-T37",
            "count": 25,
            "created_time": "2025-01-14T16:30:56.974235Z",
            "yes_price": 23,
            "no_price": 77,
            "taker_side": "yes"
        },
        {
            "trade_id": "934ba6cb-975a-4467-932c-18105554858b",
            "ticker": "KXHIGHDEN-25JAN14-T37",
            "count": 13,
            "created_time": "2025-01-14T16:23:46.459265Z",
            "yes_price": 22,
            "no_price": 78,
            "taker_side": "yes"
        },
        {
            "trade_id": "2b5b4b96-a6cd-4d17-9db2-9ff1282747ff",
            "ticker": "KXHIGHDEN-25JAN14-T37",
            "count": 50,
            "created_time": "2025-01-14T16:23:46.459265Z",
            "yes_price": 24,
            "no_price": 76,
            "taker_side": "yes"
        },
        {
            "trade_id": "85e56343-bce7-45b4-859a-635f04a91f77",
            "ticker": "KXHIGHDEN-25JAN14-T37",
            "count": 5,
            "created_time": "2025-01-14T16:14:53.745799Z",
            "yes_price": 26,
            "no_price": 74,
            "taker_side": "yes"
        },
        {
            "trade_id": "05e00155-65c3-423a-8ec3-c9d481a579a5",
            "ticker": "KXHIGHDEN-25JAN14-T37",
            "count": 14,
            "created_time": "2025-01-14T16:14:53.745799Z",
            "yes_price": 26,
            "no_price": 74,
            "taker_side": "yes"
        },
        {
            "trade_id": "639f76b2-e835-42b9-927d-d0866f7a5a93",
            "ticker": "KXHIGHDEN-25JAN14-T37",
            "count": 500,
            "created_time": "2025-01-14T16:14:38.210141Z",
            "yes_price": 25,
            "no_price": 75,
            "taker_side": "yes"
        },
        {
            "trade_id": "60f2a6e4-664c-402f-9367-446cc89a5bd8",
            "ticker": "KXHIGHDEN-25JAN14-T37",
            "count": 32,
            "created_time": "2025-01-14T16:14:38.210141Z",
            "yes_price": 25,
            "no_price": 75,
            "taker_side": "yes"
        },
        {
            "trade_id": "484fe4a1-193e-4309-beff-aa5c3fd5b039",
            "ticker": "KXHIGHDEN-25JAN14-T37",
            "count": 50,
            "created_time": "2025-01-14T16:14:38.210141Z",
            "yes_price": 21,
            "no_price": 79,
            "taker_side": "yes"
        },
        {
            "trade_id": "289e0917-9f6d-495d-a833-3ff36dfe1b21",
            "ticker": "KXHIGHDEN-25JAN14-T37",
            "count": 12,
            "created_time": "2025-01-14T16:14:38.210141Z",
            "yes_price": 15,
            "no_price": 85,
            "taker_side": "yes"
        },
        {
            "trade_id": "25e41640-d904-416b-b0c4-05e3067a15f8",
            "ticker": "KXHIGHDEN-25JAN14-T37",
            "count": 13,
            "created_time": "2025-01-14T16:04:46.970534Z",
            "yes_price": 10,
            "no_price": 90,
            "taker_side": "no"
        },
        {
            "trade_id": "8e38ac39-4cec-4e5c-9022-7273ffb7c0d0",
            "ticker": "KXHIGHDEN-25JAN14-T37",
            "count": 205,
            "created_time": "2025-01-14T15:32:12.112484Z",
            "yes_price": 14,
            "no_price": 86,
            "taker_side": "no"
        },
        {
            "trade_id": "2b9d3ccb-8bb3-430b-8d5b-c0dc6a34cd88",
            "ticker": "KXHIGHDEN-25JAN14-T37",
            "count": 23,
            "created_time": "2025-01-14T15:32:12.112484Z",
            "yes_price": 8,
            "no_price": 92,
            "taker_side": "no"
        },
        {
            "trade_id": "d39d5116-3083-4167-8842-73eb744f2923",
            "ticker": "KXHIGHDEN-25JAN14-T37",
            "count": 33,
            "created_time": "2025-01-14T15:14:33.892413Z",
            "yes_price": 12,
            "no_price": 88,
            "taker_side": "yes"
        },
        {
            "trade_id": "9a31349d-9bd1-460b-b522-30b73617c40d",
            "ticker": "KXHIGHDEN-25JAN14-T37",
            "count": 12,
            "created_time": "2025-01-14T15:14:33.892413Z",
            "yes_price": 13,
            "no_price": 87,
            "taker_side": "yes"
        },
        {
            "trade_id": "2c6d6cc8-0597-4eb6-a830-f4bfecd08785",
            "ticker": "KXHIGHDEN-25JAN14-T37",
            "count": 7,
            "created_time": "2025-01-14T15:11:53.036229Z",
            "yes_price": 12,
            "no_price": 88,
            "taker_side": "yes"
        },
        {
            "trade_id": "eeee4f0c-abb8-4378-bb0c-4b92e61fae02",
            "ticker": "KXHIGHDEN-25JAN14-T37",
            "count": 108,
            "created_time": "2025-01-14T15:11:52.22565Z",
            "yes_price": 8,
            "no_price": 92,
            "taker_side": "no"
        },
        {
            "trade_id": "e6870b3d-c504-422e-9366-3a1754c02fdf",
            "ticker": "KXHIGHDEN-25JAN14-T37",
            "count": 216,
            "created_time": "2025-01-14T15:11:41.524283Z",
            "yes_price": 8,
            "no_price": 92,
            "taker_side": "no"
        },
        {
            "trade_id": "f4c5dee2-2f1c-4f16-8423-ee60a8645de3",
            "ticker": "KXHIGHDEN-25JAN14-T37",
            "count": 250,
            "created_time": "2025-01-14T14:38:11.224021Z",
            "yes_price": 9,
            "no_price": 91,
            "taker_side": "no"
        },
        {
            "trade_id": "ce4c8595-2dfd-40c4-9932-eb1304d89966",
            "ticker": "KXHIGHDEN-25JAN14-T37",
            "count": 20,
            "created_time": "2025-01-14T14:38:11.224021Z",
            "yes_price": 13,
            "no_price": 87,
            "taker_side": "no"
        },
        {
            "trade_id": "9eb97c4b-212a-4dd6-8ba0-f67ba7c54723",
            "ticker": "KXHIGHDEN-25JAN14-T37",
            "count": 250,
            "created_time": "2025-01-14T14:38:11.224021Z",
            "yes_price": 6,
            "no_price": 94,
            "taker_side": "no"
        },
        {
            "trade_id": "7d1010e9-4733-465c-b7c4-d5c5d95c319c",
            "ticker": "KXHIGHDEN-25JAN14-T37",
            "count": 20,
            "created_time": "2025-01-14T14:38:11.224021Z",
            "yes_price": 5,
            "no_price": 95,
            "taker_side": "no"
        },
        {
            "trade_id": "7bbd64be-61ad-48f6-8367-7f127375b939",
            "ticker": "KXHIGHDEN-25JAN14-T37",
            "count": 7,
            "created_time": "2025-01-14T14:38:11.224021Z",
            "yes_price": 15,
            "no_price": 85,
            "taker_side": "no"
        },
        {
            "trade_id": "693939eb-16cb-49bc-8e5e-6113160f842e",
            "ticker": "KXHIGHDEN-25JAN14-T37",
            "count": 500,
            "created_time": "2025-01-14T14:38:11.224021Z",
            "yes_price": 15,
            "no_price": 85,
            "taker_side": "no"
        },
        {
            "trade_id": "469075c1-a591-4d9f-bcb5-872bc3772096",
            "ticker": "KXHIGHDEN-25JAN14-T37",
            "count": 144,
            "created_time": "2025-01-14T14:38:11.224021Z",
            "yes_price": 12,
            "no_price": 88,
            "taker_side": "no"
        },
        {
            "trade_id": "3fe02c19-93bd-49cf-bab9-7d8e851b2e5b",
            "ticker": "KXHIGHDEN-25JAN14-T37",
            "count": 500,
            "created_time": "2025-01-14T14:38:11.224021Z",
            "yes_price": 3,
            "no_price": 97,
            "taker_side": "no"
        },
        {
            "trade_id": "33c8889d-219f-4010-b8a1-c1e90166cacf",
            "ticker": "KXHIGHDEN-25JAN14-T37",
            "count": 100,
            "created_time": "2025-01-14T14:38:11.224021Z",
            "yes_price": 3,
            "no_price": 97,
            "taker_side": "no"
        },
        {
            "trade_id": "33655478-936b-4803-ae2b-4a0b41512b6b",
            "ticker": "KXHIGHDEN-25JAN14-T37",
            "count": 20,
            "created_time": "2025-01-14T14:38:11.224021Z",
            "yes_price": 11,
            "no_price": 89,
            "taker_side": "no"
        },
        {
            "trade_id": "280ac4b8-8538-455d-9935-15dd8cac5815",
            "ticker": "KXHIGHDEN-25JAN14-T37",
            "count": 73,
            "created_time": "2025-01-14T14:38:11.224021Z",
            "yes_price": 7,
            "no_price": 93,
            "taker_side": "no"
        },
        {
            "trade_id": "255a45e6-18f1-4918-91b6-592c7facf6a4",
            "ticker": "KXHIGHDEN-25JAN14-T37",
            "count": 40,
            "created_time": "2025-01-14T14:38:11.224021Z",
            "yes_price": 3,
            "no_price": 97,
            "taker_side": "no"
        },
        {
            "trade_id": "15464090-97d1-4425-b776-f99f4a1588b2",
            "ticker": "KXHIGHDEN-25JAN14-T37",
            "count": 128,
            "created_time": "2025-01-14T14:38:11.224021Z",
            "yes_price": 2,
            "no_price": 98,
            "taker_side": "no"
        },
        {
            "trade_id": "1208806b-d333-4d39-b37e-5b7aeb2d9577",
            "ticker": "KXHIGHDEN-25JAN14-T37",
            "count": 250,
            "created_time": "2025-01-14T14:38:11.224021Z",
            "yes_price": 4,
            "no_price": 96,
            "taker_side": "no"
        },
        {
            "trade_id": "114d3321-0c65-4191-aca4-d64de9ba8e3b",
            "ticker": "KXHIGHDEN-25JAN14-T37",
            "count": 40,
            "created_time": "2025-01-14T14:38:11.224021Z",
            "yes_price": 3,
            "no_price": 97,
            "taker_side": "no"
        },
        {
            "trade_id": "0872c3af-c0d2-45d6-8180-fcb069d77979",
            "ticker": "KXHIGHDEN-25JAN14-T37",
            "count": 75,
            "created_time": "2025-01-14T14:38:11.224021Z",
            "yes_price": 5,
            "no_price": 95,
            "taker_side": "no"
        },
        {
            "trade_id": "1a9c36f5-b25f-4128-90f4-91082b39051d",
            "ticker": "KXHIGHDEN-25JAN14-T37",
            "count": 10,
            "created_time": "2025-01-14T14:37:07.347314Z",
            "yes_price": 16,
            "no_price": 84,
            "taker_side": "no"
        },
        {
            "trade_id": "f97248db-e4e6-4a7f-a750-001abef66a22",
            "ticker": "KXHIGHDEN-25JAN14-T37",
            "count": 20,
            "created_time": "2025-01-14T14:28:58.820958Z",
            "yes_price": 18,
            "no_price": 82,
            "taker_side": "yes"
        },
        {
            "trade_id": "f13db17a-f9d7-4592-a9a0-e8aece96929f",
            "ticker": "KXHIGHDEN-25JAN14-T37",
            "count": 17,
            "created_time": "2025-01-14T14:28:58.820958Z",
            "yes_price": 25,
            "no_price": 75,
            "taker_side": "yes"
        },
        {
            "trade_id": "c841e52e-de81-443b-abf4-f7a2e69ebeba",
            "ticker": "KXHIGHDEN-25JAN14-T37",
            "count": 2,
            "created_time": "2025-01-14T14:28:58.820958Z",
            "yes_price": 16,
            "no_price": 84,
            "taker_side": "yes"
        },
        {
            "trade_id": "aba706d7-afeb-4f8a-b651-47981e96dc91",
            "ticker": "KXHIGHDEN-25JAN14-T37",
            "count": 4,
            "created_time": "2025-01-14T14:28:58.820958Z",
            "yes_price": 16,
            "no_price": 84,
            "taker_side": "yes"
        },
        {
            "trade_id": "905682e1-2720-4055-96b2-a78aadc57158",
            "ticker": "KXHIGHDEN-25JAN14-T37",
            "count": 8,
            "created_time": "2025-01-14T14:28:58.820958Z",
            "yes_price": 25,
            "no_price": 75,
            "taker_side": "yes"
        },
        {
            "trade_id": "8f9c39b1-010e-4fa4-80ad-31c62d348b57",
            "ticker": "KXHIGHDEN-25JAN14-T37",
            "count": 20,
            "created_time": "2025-01-14T14:28:58.820958Z",
            "yes_price": 20,
            "no_price": 80,
            "taker_side": "yes"
        },
        {
            "trade_id": "4a06f54b-c66a-4bd4-9f37-478eda359f24",
            "ticker": "KXHIGHDEN-25JAN14-T37",
            "count": 14,
            "created_time": "2025-01-14T14:28:58.820958Z",
            "yes_price": 22,
            "no_price": 78,
            "taker_side": "yes"
        },
        {
            "trade_id": "385872f8-ad17-4e54-8bc2-6eecf0fccdaa",
            "ticker": "KXHIGHDEN-25JAN14-T37",
            "count": 500,
            "created_time": "2025-01-14T14:28:58.820958Z",
            "yes_price": 25,
            "no_price": 75,
            "taker_side": "yes"
        },
        {
            "trade_id": "cbb091ec-c11e-4829-9451-cc236af6b33e",
            "ticker": "KXHIGHDEN-25JAN14-T37",
            "count": 6,
            "created_time": "2025-01-14T14:20:02.557277Z",
            "yes_price": 16,
            "no_price": 84,
            "taker_side": "yes"
        },
        {
            "trade_id": "ab37d347-f9fa-4c9c-bfc5-bb447dec4cc0",
            "ticker": "KXHIGHDEN-25JAN14-T37",
            "count": 380,
            "created_time": "2025-01-14T14:20:02.557277Z",
            "yes_price": 17,
            "no_price": 83,
            "taker_side": "yes"
        },
        {
            "trade_id": "ab392fed-3cee-43a1-b3e7-27750e8946a4",
            "ticker": "KXHIGHDEN-25JAN14-T37",
            "count": 300,
            "created_time": "2025-01-14T14:08:21.24479Z",
            "yes_price": 15,
            "no_price": 85,
            "taker_side": "no"
        },
        {
            "trade_id": "fe1a92c8-7d64-487a-8460-86bb1ba0ea0f",
            "ticker": "KXHIGHDEN-25JAN14-T37",
            "count": 80,
            "created_time": "2025-01-14T14:06:21.892519Z",
            "yes_price": 17,
            "no_price": 83,
            "taker_side": "yes"
        },
        {
            "trade_id": "88fdd8bd-1220-4dc0-800d-b060cc6839c4",
            "ticker": "KXHIGHDEN-25JAN14-T37",
            "count": 15,
            "created_time": "2025-01-14T14:02:49.174967Z",
            "yes_price": 15,
            "no_price": 85,
            "taker_side": "yes"
        },
        {
            "trade_id": "dce1c6db-c12b-4812-a962-aebc3b9e05cd",
            "ticker": "KXHIGHDEN-25JAN14-T37",
            "count": 6,
            "created_time": "2025-01-14T13:49:00.824788Z",
            "yes_price": 15,
            "no_price": 85,
            "taker_side": "yes"
        },
        {
            "trade_id": "dbe0cf24-3fab-4957-81f5-8aa1f74e3d8e",
            "ticker": "KXHIGHDEN-25JAN14-T37",
            "count": 11,
            "created_time": "2025-01-14T13:48:40.660649Z",
            "yes_price": 13,
            "no_price": 87,
            "taker_side": "yes"
        },
        {
            "trade_id": "a6dfda7a-435e-4e8e-b806-f3eec3408d79",
            "ticker": "KXHIGHDEN-25JAN14-T37",
            "count": 80,
            "created_time": "2025-01-14T13:48:40.660649Z",
            "yes_price": 15,
            "no_price": 85,
            "taker_side": "yes"
        },
        {
            "trade_id": "fa90abce-cb81-4706-9cfa-e809642f9de8",
            "ticker": "KXHIGHDEN-25JAN14-T37",
            "count": 11,
            "created_time": "2025-01-14T13:41:04.173694Z",
            "yes_price": 13,
            "no_price": 87,
            "taker_side": "yes"
        },
        {
            "trade_id": "72ffd2c9-1207-4e3a-b8dd-6139ad4ae9d8",
            "ticker": "KXHIGHDEN-25JAN14-T37",
            "count": 1,
            "created_time": "2025-01-14T13:41:04.173694Z",
            "yes_price": 13,
            "no_price": 87,
            "taker_side": "yes"
        },
        {
            "trade_id": "5e96b1c5-3ca0-496c-be38-9b61f4e25ff8",
            "ticker": "KXHIGHDEN-25JAN14-T37",
            "count": 8,
            "created_time": "2025-01-14T13:41:04.173694Z",
            "yes_price": 15,
            "no_price": 85,
            "taker_side": "yes"
        },
        {
            "trade_id": "1584bd02-1ad1-4b24-b64a-f8c75e78f65d",
            "ticker": "KXHIGHDEN-25JAN14-T37",
            "count": 50,
            "created_time": "2025-01-14T13:27:20.141082Z",
            "yes_price": 8,
            "no_price": 92,
            "taker_side": "no"
        },
        {
            "trade_id": "1571dcdd-153c-4292-abad-a889e0310ebd",
            "ticker": "KXHIGHDEN-25JAN14-T37",
            "count": 38,
            "created_time": "2025-01-14T13:27:20.141082Z",
            "yes_price": 8,
            "no_price": 92,
            "taker_side": "no"
        },
        {
            "trade_id": "50f99af7-cee1-43bc-9eec-8d5313a04e60",
            "ticker": "KXHIGHDEN-25JAN14-T37",
            "count": 2,
            "created_time": "2025-01-14T13:26:40.347478Z",
            "yes_price": 11,
            "no_price": 89,
            "taker_side": "no"
        },
        {
            "trade_id": "4ba514e7-5b0e-44e0-85a9-58b0b3db325e",
            "ticker": "KXHIGHDEN-25JAN14-T37",
            "count": 80,
            "created_time": "2025-01-14T13:26:40.347478Z",
            "yes_price": 9,
            "no_price": 91,
            "taker_side": "no"
        },
        {
            "trade_id": "142dc827-c13e-44c8-8afc-310f873549dc",
            "ticker": "KXHIGHDEN-25JAN14-T37",
            "count": 36,
            "created_time": "2025-01-14T13:26:40.347478Z",
            "yes_price": 10,
            "no_price": 90,
            "taker_side": "no"
        },
        {
            "trade_id": "0d0e293b-b9a7-4de8-add5-a7b236c0e71d",
            "ticker": "KXHIGHDEN-25JAN14-T37",
            "count": 7,
            "created_time": "2025-01-14T13:26:40.347478Z",
            "yes_price": 11,
            "no_price": 89,
            "taker_side": "no"
        },
        {
            "trade_id": "c524d4e1-b454-4fca-b6ba-ceb4c8b4d8f1",
            "ticker": "KXHIGHDEN-25JAN14-T37",
            "count": 5,
            "created_time": "2025-01-14T13:24:17.693772Z",
            "yes_price": 15,
            "no_price": 85,
            "taker_side": "yes"
        },
        {
            "trade_id": "98830a65-5f3b-4a0b-a2d1-2fff88140d53",
            "ticker": "KXHIGHDEN-25JAN14-T37",
            "count": 16,
            "created_time": "2025-01-14T13:24:17.693772Z",
            "yes_price": 17,
            "no_price": 83,
            "taker_side": "yes"
        },
        {
            "trade_id": "4afd69c0-e2b7-4e48-9c18-5b3ed08a5974",
            "ticker": "KXHIGHDEN-25JAN14-T37",
            "count": 9,
            "created_time": "2025-01-14T13:24:17.693772Z",
            "yes_price": 17,
            "no_price": 83,
            "taker_side": "yes"
        },
        {
            "trade_id": "e4adb4b9-2b6d-4fd7-b048-1e6b3e0f3ace",
            "ticker": "KXHIGHDEN-25JAN14-T37",
            "count": 10,
            "created_time": "2025-01-14T13:21:46.099259Z",
            "yes_price": 11,
            "no_price": 89,
            "taker_side": "no"
        },
        {
            "trade_id": "776c9d16-d1c4-4d37-8ceb-6e4f0f127646",
            "ticker": "KXHIGHDEN-25JAN14-T37",
            "count": 96,
            "created_time": "2025-01-14T13:02:41.070748Z",
            "yes_price": 10,
            "no_price": 90,
            "taker_side": "no"
        },
        {
            "trade_id": "06329189-f4c5-4de7-82ef-ad98d4fba1f8",
            "ticker": "KXHIGHDEN-25JAN14-T37",
            "count": 51,
            "created_time": "2025-01-14T13:02:41.070748Z",
            "yes_price": 12,
            "no_price": 88,
            "taker_side": "no"
        },
        {
            "trade_id": "a82d606c-8d7b-4d50-b976-e8496b9c066a",
            "ticker": "KXHIGHDEN-25JAN14-T37",
            "count": 27,
            "created_time": "2025-01-14T13:01:58.19692Z",
            "yes_price": 7,
            "no_price": 93,
            "taker_side": "no"
        },
        {
            "trade_id": "a0958d7c-a9a7-42c3-acf3-0801c6cc362f",
            "ticker": "KXHIGHDEN-25JAN14-T37",
            "count": 10,
            "created_time": "2025-01-14T13:01:58.19692Z",
            "yes_price": 16,
            "no_price": 84,
            "taker_side": "no"
        },
        {
            "trade_id": "8291332f-0a99-4a04-8691-a01cc3f12d7f",
            "ticker": "KXHIGHDEN-25JAN14-T37",
            "count": 22,
            "created_time": "2025-01-14T13:01:58.19692Z",
            "yes_price": 16,
            "no_price": 84,
            "taker_side": "no"
        },
        {
            "trade_id": "49e3e249-e806-448e-ad87-2dd954225407",
            "ticker": "KXHIGHDEN-25JAN14-T37",
            "count": 3,
            "created_time": "2025-01-14T13:01:58.19692Z",
            "yes_price": 16,
            "no_price": 84,
            "taker_side": "no"
        },
        {
            "trade_id": "30b53bea-ae2b-402d-8880-ba03e8ebbe59",
            "ticker": "KXHIGHDEN-25JAN14-T37",
            "count": 240,
            "created_time": "2025-01-14T13:01:58.19692Z",
            "yes_price": 14,
            "no_price": 86,
            "taker_side": "no"
        },
        {
            "trade_id": "0e354f17-335c-4dab-9f43-75e599277f0f",
            "ticker": "KXHIGHDEN-25JAN14-T37",
            "count": 100,
            "created_time": "2025-01-14T13:01:58.19692Z",
            "yes_price": 11,
            "no_price": 89,
            "taker_side": "no"
        },
        {
            "trade_id": "09177183-98bd-4be8-b79b-f865518f906f",
            "ticker": "KXHIGHDEN-25JAN14-T37",
            "count": 240,
            "created_time": "2025-01-14T13:01:58.19692Z",
            "yes_price": 12,
            "no_price": 88,
            "taker_side": "no"
        },
        {
            "trade_id": "f9ce3508-9e78-432a-b513-6d663c42d6f2",
            "ticker": "KXHIGHDEN-25JAN14-T37",
            "count": 392,
            "created_time": "2025-01-14T06:49:32.701279Z",
            "yes_price": 18,
            "no_price": 82,
            "taker_side": "no"
        },
        {
            "trade_id": "994e2653-19e4-4ace-a42f-22f5fe35f1bc",
            "ticker": "KXHIGHDEN-25JAN14-T37",
            "count": 56,
            "created_time": "2025-01-14T06:49:32.701279Z",
            "yes_price": 19,
            "no_price": 81,
            "taker_side": "no"
        },
        {
            "trade_id": "94c789a0-8fbb-49fe-9c82-82562a713815",
            "ticker": "KXHIGHDEN-25JAN14-T37",
            "count": 2,
            "created_time": "2025-01-14T06:49:32.701279Z",
            "yes_price": 19,
            "no_price": 81,
            "taker_side": "no"
        },
        {
            "trade_id": "93a958bc-f4bd-48fe-abae-2f271f1f595f",
            "ticker": "KXHIGHDEN-25JAN14-T37",
            "count": 96,
            "created_time": "2025-01-14T06:49:32.701279Z",
            "yes_price": 19,
            "no_price": 81,
            "taker_side": "no"
        },
        {
            "trade_id": "585108db-cba1-4264-86f3-418d7abbe7bd",
            "ticker": "KXHIGHDEN-25JAN14-T37",
            "count": 21,
            "created_time": "2025-01-14T06:49:32.701279Z",
            "yes_price": 19,
            "no_price": 81,
            "taker_side": "no"
        },
        {
            "trade_id": "4f45707e-d050-43ff-bbf6-3edafacac7fc",
            "ticker": "KXHIGHDEN-25JAN14-T37",
            "count": 50,
            "created_time": "2025-01-14T06:49:32.701279Z",
            "yes_price": 21,
            "no_price": 79,
            "taker_side": "no"
        },
        {
            "trade_id": "7736aea7-c9f1-49b7-aea1-7510fc2b93b2",
            "ticker": "KXHIGHDEN-25JAN14-T37",
            "count": 1,
            "created_time": "2025-01-14T06:29:48.09358Z",
            "yes_price": 24,
            "no_price": 76,
            "taker_side": "yes"
        },
        {
            "trade_id": "c1a5ec81-846b-4fb5-8520-236823876099",
            "ticker": "KXHIGHDEN-25JAN14-T37",
            "count": 1,
            "created_time": "2025-01-14T06:18:16.778309Z",
            "yes_price": 24,
            "no_price": 76,
            "taker_side": "yes"
        },
        {
            "trade_id": "a460a6e1-2b14-4339-a19e-978226e316ba",
            "ticker": "KXHIGHDEN-25JAN14-T37",
            "count": 2,
            "created_time": "2025-01-14T06:18:16.778309Z",
            "yes_price": 24,
            "no_price": 76,
            "taker_side": "yes"
        },
        {
            "trade_id": "02115d57-332b-446b-9cc8-d3474987c825",
            "ticker": "KXHIGHDEN-25JAN14-T37",
            "count": 5,
            "created_time": "2025-01-14T06:04:02.606248Z",
            "yes_price": 25,
            "no_price": 75,
            "taker_side": "no"
        },
        {
            "trade_id": "9594d38f-866e-4355-80aa-9f4214fc4a26",
            "ticker": "KXHIGHDEN-25JAN14-T37",
            "count": 240,
            "created_time": "2025-01-14T06:04:02.14649Z",
            "yes_price": 25,
            "no_price": 75,
            "taker_side": "yes"
        },
        {
            "trade_id": "78bd9c32-20f1-4019-986e-bf9c813649c4",
            "ticker": "KXHIGHDEN-25JAN14-T37",
            "count": 9,
            "created_time": "2025-01-14T06:04:02.14649Z",
            "yes_price": 21,
            "no_price": 79,
            "taker_side": "yes"
        },
        {
            "trade_id": "22e9ddd0-41f4-43be-80bb-1b49d3fa4af8",
            "ticker": "KXHIGHDEN-25JAN14-T37",
            "count": 240,
            "created_time": "2025-01-14T06:04:02.14649Z",
            "yes_price": 23,
            "no_price": 77,
            "taker_side": "yes"
        },
        {
            "trade_id": "f538dbf0-19d3-4098-b9d4-c50fceb0285c",
            "ticker": "KXHIGHDEN-25JAN14-T37",
            "count": 12,
            "created_time": "2025-01-14T05:54:46.43625Z",
            "yes_price": 25,
            "no_price": 75,
            "taker_side": "yes"
        },
        {
            "trade_id": "ca21e952-b9a8-4a4b-bf49-1f488da22bf5",
            "ticker": "KXHIGHDEN-25JAN14-T37",
            "count": 9,
            "created_time": "2025-01-14T05:54:46.43625Z",
            "yes_price": 25,
            "no_price": 75,
            "taker_side": "yes"
        },
        {
            "trade_id": "b8788acf-f279-4675-b85a-15b3ba205b5f",
            "ticker": "KXHIGHDEN-25JAN14-T37",
            "count": 1,
            "created_time": "2025-01-14T05:54:46.43625Z",
            "yes_price": 26,
            "no_price": 74,
            "taker_side": "yes"
        },
        {
            "trade_id": "6895e8fc-7729-4973-8e2e-ab1527b82d75",
            "ticker": "KXHIGHDEN-25JAN14-T37",
            "count": 3,
            "created_time": "2025-01-14T05:54:46.43625Z",
            "yes_price": 25,
            "no_price": 75,
            "taker_side": "yes"
        },
        {
            "trade_id": "1367c073-533c-42e2-9b12-db92c8624a4e",
            "ticker": "KXHIGHDEN-25JAN14-T37",
            "count": 12,
            "created_time": "2025-01-14T05:54:46.43625Z",
            "yes_price": 25,
            "no_price": 75,
            "taker_side": "yes"
        },
        {
            "trade_id": "bb67a4b7-545f-4a68-9e63-6861e80212b8",
            "ticker": "KXHIGHDEN-25JAN14-T37",
            "count": 102,
            "created_time": "2025-01-14T05:47:41.363861Z",
            "yes_price": 22,
            "no_price": 78,
            "taker_side": "yes"
        },
        {
            "trade_id": "b8fa456c-3e20-4468-b877-b753c721d69e",
            "ticker": "KXHIGHDEN-25JAN14-T37",
            "count": 7,
            "created_time": "2025-01-14T05:47:41.363861Z",
            "yes_price": 22,
            "no_price": 78,
            "taker_side": "yes"
        },
        {
            "trade_id": "8c485f72-5ea9-417f-a65a-43e36d703883",
            "ticker": "KXHIGHDEN-25JAN14-T37",
            "count": 81,
            "created_time": "2025-01-14T05:47:41.363861Z",
            "yes_price": 24,
            "no_price": 76,
            "taker_side": "yes"
        },
        {
            "trade_id": "874526b4-6902-49ac-b19e-41d8ae91453b",
            "ticker": "KXHIGHDEN-25JAN14-T37",
            "count": 3,
            "created_time": "2025-01-14T05:47:41.363861Z",
            "yes_price": 22,
            "no_price": 78,
            "taker_side": "yes"
        },
        {
            "trade_id": "a426390d-cd34-4a06-8900-fa767c8dd9ae",
            "ticker": "KXHIGHDEN-25JAN14-T37",
            "count": 2,
            "created_time": "2025-01-14T05:47:23.467063Z",
            "yes_price": 16,
            "no_price": 84,
            "taker_side": "no"
        },
        {
            "trade_id": "87dd07e9-ef0c-44e6-b45e-c0e5ce0e32d9",
            "ticker": "KXHIGHDEN-25JAN14-T37",
            "count": 277,
            "created_time": "2025-01-14T05:47:16.701102Z",
            "yes_price": 20,
            "no_price": 80,
            "taker_side": "no"
        },
        {
            "trade_id": "36b8c59a-776f-48d1-8f21-3f3126d789c3",
            "ticker": "KXHIGHDEN-25JAN14-T37",
            "count": 23,
            "created_time": "2025-01-14T05:47:06.281909Z",
            "yes_price": 20,
            "no_price": 80,
            "taker_side": "no"
        },
        {
            "trade_id": "d9ca4c82-9c77-42b7-80a9-1d1ffa344504",
            "ticker": "KXHIGHDEN-25JAN14-T37",
            "count": 240,
            "created_time": "2025-01-14T05:46:52.290399Z",
            "yes_price": 22,
            "no_price": 78,
            "taker_side": "yes"
        },
        {
            "trade_id": "c9794417-b1b3-4017-a81e-e55021fb52f7",
            "ticker": "KXHIGHDEN-25JAN14-T37",
            "count": 3,
            "created_time": "2025-01-14T05:46:52.290399Z",
            "yes_price": 20,
            "no_price": 80,
            "taker_side": "yes"
        },
        {
            "trade_id": "e445be75-a7c6-458e-9ddf-8427deba865d",
            "ticker": "KXHIGHDEN-25JAN14-T37",
            "count": 240,
            "created_time": "2025-01-14T05:45:30.985359Z",
            "yes_price": 21,
            "no_price": 79,
            "taker_side": "yes"
        },
        {
            "trade_id": "4cb6af95-f8ec-4e4b-82c4-6e733d58f062",
            "ticker": "KXHIGHDEN-25JAN14-T37",
            "count": 240,
            "created_time": "2025-01-14T05:45:30.985359Z",
            "yes_price": 23,
            "no_price": 77,
            "taker_side": "yes"
        },
        {
            "trade_id": "4b0d98bf-dc2c-41a4-8dea-7825912677c2",
            "ticker": "KXHIGHDEN-25JAN14-T37",
            "count": 1,
            "created_time": "2025-01-14T05:45:30.985359Z",
            "yes_price": 19,
            "no_price": 81,
            "taker_side": "yes"
        },
        {
            "trade_id": "2e7e89d7-b0ef-4fb4-9a5a-2bdb99e65936",
            "ticker": "KXHIGHDEN-25JAN14-T37",
            "count": 11,
            "created_time": "2025-01-14T05:45:30.985359Z",
            "yes_price": 23,
            "no_price": 77,
            "taker_side": "yes"
        },
        {
            "trade_id": "def08ed6-a890-4a9d-b13b-a1c2cd73288c",
            "ticker": "KXHIGHDEN-25JAN14-T37",
            "count": 6,
            "created_time": "2025-01-14T05:44:47.054055Z",
            "yes_price": 19,
            "no_price": 81,
            "taker_side": "yes"
        },
        {
            "trade_id": "6990a9d3-c28f-452e-b2e5-e844a1e3a2ea",
            "ticker": "KXHIGHDEN-25JAN14-T37",
            "count": 6,
            "created_time": "2025-01-14T05:44:47.054055Z",
            "yes_price": 19,
            "no_price": 81,
            "taker_side": "yes"
        },
        {
            "trade_id": "a907b1d5-7788-4cf1-8b52-860828737f97",
            "ticker": "KXHIGHDEN-25JAN14-T37",
            "count": 84,
            "created_time": "2025-01-14T05:43:45.699206Z",
            "yes_price": 17,
            "no_price": 83,
            "taker_side": "yes"
        },
        {
            "trade_id": "3e3a6e56-f68e-41b0-b017-dd0eb640e4ac",
            "ticker": "KXHIGHDEN-25JAN14-T37",
            "count": 2,
            "created_time": "2025-01-14T05:43:45.699206Z",
            "yes_price": 17,
            "no_price": 83,
            "taker_side": "yes"
        },
        {
            "trade_id": "03a8af85-9990-4085-922b-b55e8b3a9e79",
            "ticker": "KXHIGHDEN-25JAN14-T37",
            "count": 240,
            "created_time": "2025-01-14T05:43:45.699206Z",
            "yes_price": 19,
            "no_price": 81,
            "taker_side": "yes"
        },
        {
            "trade_id": "d08a036d-ab9a-46d5-84ea-39bea53449fa",
            "ticker": "KXHIGHDEN-25JAN14-T37",
            "count": 50,
            "created_time": "2025-01-14T05:42:18.593258Z",
            "yes_price": 20,
            "no_price": 80,
            "taker_side": "yes"
        },
        {
            "trade_id": "a9c0fd24-750b-4419-b218-ecf42a3a907f",
            "ticker": "KXHIGHDEN-25JAN14-T37",
            "count": 10,
            "created_time": "2025-01-14T05:42:18.593258Z",
            "yes_price": 20,
            "no_price": 80,
            "taker_side": "yes"
        },
        {
            "trade_id": "59e73603-fd45-4ff4-9304-8e115fc5589e",
            "ticker": "KXHIGHDEN-25JAN14-T37",
            "count": 20,
            "created_time": "2025-01-14T05:32:10.012466Z",
            "yes_price": 17,
            "no_price": 83,
            "taker_side": "no"
        },
        {
            "trade_id": "ed030567-f585-45e3-b0a4-be388a84dd8b",
            "ticker": "KXHIGHDEN-25JAN14-T37",
            "count": 120,
            "created_time": "2025-01-14T05:32:09.685932Z",
            "yes_price": 16,
            "no_price": 84,
            "taker_side": "yes"
        },
        {
            "trade_id": "cab21e5c-adaa-4bb9-923a-912a299c2005",
            "ticker": "KXHIGHDEN-25JAN14-T37",
            "count": 50,
            "created_time": "2025-01-14T05:32:09.685932Z",
            "yes_price": 15,
            "no_price": 85,
            "taker_side": "yes"
        },
        {
            "trade_id": "7d9e6476-3afc-4e3d-82e2-9f1b8c127d46",
            "ticker": "KXHIGHDEN-25JAN14-T37",
            "count": 120,
            "created_time": "2025-01-14T05:32:09.685932Z",
            "yes_price": 17,
            "no_price": 83,
            "taker_side": "yes"
        },
        {
            "trade_id": "3af1a8bb-6213-475e-9864-75735abeb3b4",
            "ticker": "KXHIGHDEN-25JAN14-T37",
            "count": 3,
            "created_time": "2025-01-14T05:32:09.685932Z",
            "yes_price": 15,
            "no_price": 85,
            "taker_side": "yes"
        },
        {
            "trade_id": "4ef3a3d5-7527-4bc9-88dd-6d86ac8dc04e",
            "ticker": "KXHIGHDEN-25JAN14-T37",
            "count": 10,
            "created_time": "2025-01-14T05:18:50.938373Z",
            "yes_price": 18,
            "no_price": 82,
            "taker_side": "yes"
        },
        {
            "trade_id": "f0581c3b-ef56-4a12-a230-80e05807d757",
            "ticker": "KXHIGHDEN-25JAN14-T37",
            "count": 13,
            "created_time": "2025-01-14T05:14:30.110365Z",
            "yes_price": 11,
            "no_price": 89,
            "taker_side": "yes"
        },
        {
            "trade_id": "e14545ac-30a9-4e97-8f9d-87106e19511a",
            "ticker": "KXHIGHDEN-25JAN14-T37",
            "count": 78,
            "created_time": "2025-01-14T05:14:30.110365Z",
            "yes_price": 12,
            "no_price": 88,
            "taker_side": "yes"
        },
        {
            "trade_id": "cd61773f-4aa9-407e-8456-9f72124d8473",
            "ticker": "KXHIGHDEN-25JAN14-T37",
            "count": 41,
            "created_time": "2025-01-14T05:14:30.110365Z",
            "yes_price": 12,
            "no_price": 88,
            "taker_side": "yes"
        },
        {
            "trade_id": "4f01e444-603a-4856-aff7-73160ef17291",
            "ticker": "KXHIGHDEN-25JAN14-T37",
            "count": 1,
            "created_time": "2025-01-14T05:14:30.110365Z",
            "yes_price": 12,
            "no_price": 88,
            "taker_side": "yes"
        },
        {
            "trade_id": "4d3235a6-51a3-4fe0-8866-0c8c4d52c681",
            "ticker": "KXHIGHDEN-25JAN14-T37",
            "count": 120,
            "created_time": "2025-01-14T05:14:30.110365Z",
            "yes_price": 13,
            "no_price": 87,
            "taker_side": "yes"
        },
        {
            "trade_id": "e32a7756-8a30-49e7-bb69-299b39ab574d",
            "ticker": "KXHIGHDEN-25JAN14-T37",
            "count": 4,
            "created_time": "2025-01-14T02:21:00.165264Z",
            "yes_price": 10,
            "no_price": 90,
            "taker_side": "no"
        },
        {
            "trade_id": "bbfa341c-f907-4af7-ad51-d6c8b25c1e44",
            "ticker": "KXHIGHDEN-25JAN14-T37",
            "count": 3,
            "created_time": "2025-01-14T02:21:00.165264Z",
            "yes_price": 1,
            "no_price": 99,
            "taker_side": "no"
        },
        {
            "trade_id": "a71be69c-6bb6-4d0b-8fe3-a98192c2259b",
            "ticker": "KXHIGHDEN-25JAN14-T37",
            "count": 120,
            "created_time": "2025-01-14T02:21:00.165264Z",
            "yes_price": 8,
            "no_price": 92,
            "taker_side": "no"
        },
        {
            "trade_id": "504b660c-3423-4945-ab30-06089cc2b40a",
            "ticker": "KXHIGHDEN-25JAN14-T37",
            "count": 58,
            "created_time": "2025-01-14T02:21:00.165264Z",
            "yes_price": 10,
            "no_price": 90,
            "taker_side": "no"
        },
        {
            "trade_id": "04c7b670-3d85-475e-856b-e59efc1e6c5c",
            "ticker": "KXHIGHDEN-25JAN14-T37",
            "count": 120,
            "created_time": "2025-01-14T02:21:00.165264Z",
            "yes_price": 9,
            "no_price": 91,
            "taker_side": "no"
        },
        {
            "trade_id": "f0590a82-6053-46d8-bbb9-43d49795ff3b",
            "ticker": "KXHIGHDEN-25JAN14-T37",
            "count": 2,
            "created_time": "2025-01-14T01:21:15.089996Z",
            "yes_price": 11,
            "no_price": 89,
            "taker_side": "no"
        },
        {
            "trade_id": "387d0fdb-2529-4ba4-93fb-29b02c9ade72",
            "ticker": "KXHIGHDEN-25JAN14-T37",
            "count": 10,
            "created_time": "2025-01-14T01:21:15.089996Z",
            "yes_price": 11,
            "no_price": 89,
            "taker_side": "no"
        },
        {
            "trade_id": "17cae087-ee8f-4a85-858c-e5b59114c270",
            "ticker": "KXHIGHDEN-25JAN14-T37",
            "count": 88,
            "created_time": "2025-01-14T01:21:15.089996Z",
            "yes_price": 11,
            "no_price": 89,
            "taker_side": "no"
        },
        {
            "trade_id": "b2918989-077a-40bc-af71-40f76bad3ab3",
            "ticker": "KXHIGHDEN-25JAN14-T37",
            "count": 17,
            "created_time": "2025-01-13T22:51:26.610618Z",
            "yes_price": 12,
            "no_price": 88,
            "taker_side": "yes"
        },
        {
            "trade_id": "afcec261-8653-4a90-8117-29769103b6ef",
            "ticker": "KXHIGHDEN-25JAN14-T37",
            "count": 7,
            "created_time": "2025-01-13T22:51:26.610618Z",
            "yes_price": 12,
            "no_price": 88,
            "taker_side": "yes"
        },
        {
            "trade_id": "957d6f2a-4753-4359-9c47-482e8c384f76",
            "ticker": "KXHIGHDEN-25JAN14-T37",
            "count": 55,
            "created_time": "2025-01-13T22:51:26.610618Z",
            "yes_price": 16,
            "no_price": 84,
            "taker_side": "yes"
        },
        {
            "trade_id": "7da629f0-c50d-4d14-9d7f-526af5412344",
            "ticker": "KXHIGHDEN-25JAN14-T37",
            "count": 200,
            "created_time": "2025-01-13T22:51:26.610618Z",
            "yes_price": 14,
            "no_price": 86,
            "taker_side": "yes"
        },
        {
            "trade_id": "311d9b1e-d954-4117-8284-445b4e019e8a",
            "ticker": "KXHIGHDEN-25JAN14-T37",
            "count": 101,
            "created_time": "2025-01-13T22:51:26.610618Z",
            "yes_price": 14,
            "no_price": 86,
            "taker_side": "yes"
        },
        {
            "trade_id": "1b1caf85-9b80-4acc-9ea7-433d8ccf69e9",
            "ticker": "KXHIGHDEN-25JAN14-T37",
            "count": 26,
            "created_time": "2025-01-13T22:51:26.610618Z",
            "yes_price": 12,
            "no_price": 88,
            "taker_side": "yes"
        },
        {
            "trade_id": "1556411a-04bc-4f06-b01c-b6440af1f4f6",
            "ticker": "KXHIGHDEN-25JAN14-T37",
            "count": 10,
            "created_time": "2025-01-13T22:51:26.610618Z",
            "yes_price": 14,
            "no_price": 86,
            "taker_side": "yes"
        },
        {
            "trade_id": "fe91d171-6945-4e1f-ad27-f961445c3193",
            "ticker": "KXHIGHDEN-25JAN14-T37",
            "count": 10,
            "created_time": "2025-01-13T22:00:23.398537Z",
            "yes_price": 11,
            "no_price": 89,
            "taker_side": "no"
        }
    ],
    "KXHIGHDEN-25JAN14-B37.5": [
        {
            "trade_id": "41923d73-f3a9-46a4-a227-ba429aba22e8",
            "ticker": "KXHIGHDEN-25JAN14-B37.5",
            "count": 1,
            "created_time": "2025-01-15T04:30:06.022575Z",
            "yes_price": 1,
            "no_price": 99,
            "taker_side": "yes"
        },
        {
            "trade_id": "9812fbfe-066f-44ae-a29c-86e48b87ac3e",
            "ticker": "KXHIGHDEN-25JAN14-B37.5",
            "count": 28,
            "created_time": "2025-01-14T22:32:45.288277Z",
            "yes_price": 1,
            "no_price": 99,
            "taker_side": "yes"
        },
        {
            "trade_id": "df5e37ec-3d23-4008-9e3a-970384376619",
            "ticker": "KXHIGHDEN-25JAN14-B37.5",
            "count": 20,
            "created_time": "2025-01-14T20:52:16.514521Z",
            "yes_price": 1,
            "no_price": 99,
            "taker_side": "yes"
        },
        {
            "trade_id": "986b4f00-d53c-4c72-8159-b1a29397fa9c",
            "ticker": "KXHIGHDEN-25JAN14-B37.5",
            "count": 28,
            "created_time": "2025-01-14T20:38:01.132487Z",
            "yes_price": 1,
            "no_price": 99,
            "taker_side": "yes"
        },
        {
            "trade_id": "e2afffb5-6b4b-482a-bc40-ff6d6f1c4c48",
            "ticker": "KXHIGHDEN-25JAN14-B37.5",
            "count": 50,
            "created_time": "2025-01-14T20:06:38.133109Z",
            "yes_price": 1,
            "no_price": 99,
            "taker_side": "yes"
        },
        {
            "trade_id": "aa278cc8-aa28-4f44-ad19-6f70bfa8ecee",
            "ticker": "KXHIGHDEN-25JAN14-B37.5",
            "count": 100,
            "created_time": "2025-01-14T19:59:52.232704Z",
            "yes_price": 1,
            "no_price": 99,
            "taker_side": "yes"
        },
        {
            "trade_id": "dfce8d16-d48d-466c-989d-61ada39bbd07",
            "ticker": "KXHIGHDEN-25JAN14-B37.5",
            "count": 51,
            "created_time": "2025-01-14T19:59:03.904224Z",
            "yes_price": 1,
            "no_price": 99,
            "taker_side": "yes"
        },
        {
            "trade_id": "a69852b2-a649-4711-9855-fa09270381fe",
            "ticker": "KXHIGHDEN-25JAN14-B37.5",
            "count": 40,
            "created_time": "2025-01-14T19:55:27.037427Z",
            "yes_price": 1,
            "no_price": 99,
            "taker_side": "yes"
        },
        {
            "trade_id": "0f5cfec5-11c9-4f79-8a79-a3134fe879ea",
            "ticker": "KXHIGHDEN-25JAN14-B37.5",
            "count": 23,
            "created_time": "2025-01-14T19:53:24.097677Z",
            "yes_price": 1,
            "no_price": 99,
            "taker_side": "yes"
        },
        {
            "trade_id": "86ca04e7-c388-458e-9a7d-668df5cb746e",
            "ticker": "KXHIGHDEN-25JAN14-B37.5",
            "count": 40,
            "created_time": "2025-01-14T19:50:18.308172Z",
            "yes_price": 1,
            "no_price": 99,
            "taker_side": "yes"
        },
        {
            "trade_id": "444f5c80-5512-4d1f-b4ca-4060a9673ff2",
            "ticker": "KXHIGHDEN-25JAN14-B37.5",
            "count": 50,
            "created_time": "2025-01-14T19:47:12.20093Z",
            "yes_price": 1,
            "no_price": 99,
            "taker_side": "yes"
        },
        {
            "trade_id": "fe1e6fb0-4c08-4aef-933c-04d398b68b69",
            "ticker": "KXHIGHDEN-25JAN14-B37.5",
            "count": 61,
            "created_time": "2025-01-14T19:47:11.813482Z",
            "yes_price": 1,
            "no_price": 99,
            "taker_side": "no"
        },
        {
            "trade_id": "e27b8d49-a911-411a-9b96-7e770dda26eb",
            "ticker": "KXHIGHDEN-25JAN14-B37.5",
            "count": 50,
            "created_time": "2025-01-14T19:47:11.813482Z",
            "yes_price": 6,
            "no_price": 94,
            "taker_side": "no"
        },
        {
            "trade_id": "d9e242b6-8f4a-4307-b83b-f80c92cc521b",
            "ticker": "KXHIGHDEN-25JAN14-B37.5",
            "count": 40,
            "created_time": "2025-01-14T19:47:11.813482Z",
            "yes_price": 5,
            "no_price": 95,
            "taker_side": "no"
        },
        {
            "trade_id": "cff57ac5-4dce-4cf0-b3e0-fd506bd1d129",
            "ticker": "KXHIGHDEN-25JAN14-B37.5",
            "count": 40,
            "created_time": "2025-01-14T19:47:11.813482Z",
            "yes_price": 1,
            "no_price": 99,
            "taker_side": "no"
        },
        {
            "trade_id": "b16db198-49da-49ba-a7b5-69dea3eaa003",
            "ticker": "KXHIGHDEN-25JAN14-B37.5",
            "count": 45,
            "created_time": "2025-01-14T19:47:11.813482Z",
            "yes_price": 1,
            "no_price": 99,
            "taker_side": "no"
        },
        {
            "trade_id": "a4de9453-b8e5-406f-a73f-f4a1a555e26a",
            "ticker": "KXHIGHDEN-25JAN14-B37.5",
            "count": 102,
            "created_time": "2025-01-14T19:47:11.813482Z",
            "yes_price": 4,
            "no_price": 96,
            "taker_side": "no"
        },
        {
            "trade_id": "7d73ce18-b5c9-4ff3-9233-ff77761f1d94",
            "ticker": "KXHIGHDEN-25JAN14-B37.5",
            "count": 200,
            "created_time": "2025-01-14T19:47:11.813482Z",
            "yes_price": 1,
            "no_price": 99,
            "taker_side": "no"
        },
        {
            "trade_id": "6f51b97a-64ae-4ff0-8732-b06d84a244fd",
            "ticker": "KXHIGHDEN-25JAN14-B37.5",
            "count": 100,
            "created_time": "2025-01-14T19:47:11.813482Z",
            "yes_price": 3,
            "no_price": 97,
            "taker_side": "no"
        },
        {
            "trade_id": "5fb7610a-105b-4bc7-8d31-3116a9bf3b97",
            "ticker": "KXHIGHDEN-25JAN14-B37.5",
            "count": 40,
            "created_time": "2025-01-14T19:47:11.813482Z",
            "yes_price": 3,
            "no_price": 97,
            "taker_side": "no"
        },
        {
            "trade_id": "374e9782-29cb-4314-818e-7b0f1d5ae57f",
            "ticker": "KXHIGHDEN-25JAN14-B37.5",
            "count": 30,
            "created_time": "2025-01-14T19:47:11.813482Z",
            "yes_price": 1,
            "no_price": 99,
            "taker_side": "no"
        },
        {
            "trade_id": "1d519b6b-f2ba-446b-849a-45833b46741d",
            "ticker": "KXHIGHDEN-25JAN14-B37.5",
            "count": 46,
            "created_time": "2025-01-14T19:47:11.813482Z",
            "yes_price": 5,
            "no_price": 95,
            "taker_side": "no"
        },
        {
            "trade_id": "0543c3f5-03bb-40e7-8a73-11175989c783",
            "ticker": "KXHIGHDEN-25JAN14-B37.5",
            "count": 120,
            "created_time": "2025-01-14T19:47:11.813482Z",
            "yes_price": 1,
            "no_price": 99,
            "taker_side": "no"
        },
        {
            "trade_id": "f70a4196-06d3-4133-888f-38d6d02d6de7",
            "ticker": "KXHIGHDEN-25JAN14-B37.5",
            "count": 49,
            "created_time": "2025-01-14T19:32:53.96891Z",
            "yes_price": 4,
            "no_price": 96,
            "taker_side": "no"
        },
        {
            "trade_id": "7ef306ec-e9b2-4d5e-a57e-1beb4215083e",
            "ticker": "KXHIGHDEN-25JAN14-B37.5",
            "count": 40,
            "created_time": "2025-01-14T19:32:53.96891Z",
            "yes_price": 7,
            "no_price": 93,
            "taker_side": "no"
        },
        {
            "trade_id": "fdfc3d70-cf88-4edb-80af-bc09d888fe00",
            "ticker": "KXHIGHDEN-25JAN14-B37.5",
            "count": 24,
            "created_time": "2025-01-14T19:30:49.77318Z",
            "yes_price": 18,
            "no_price": 82,
            "taker_side": "yes"
        },
        {
            "trade_id": "d646aa1f-9b45-4267-b552-58340451c9e3",
            "ticker": "KXHIGHDEN-25JAN14-B37.5",
            "count": 50,
            "created_time": "2025-01-14T19:26:55.582981Z",
            "yes_price": 9,
            "no_price": 91,
            "taker_side": "yes"
        },
        {
            "trade_id": "03c36a9b-a00f-4e9d-8f6e-8152956ae361",
            "ticker": "KXHIGHDEN-25JAN14-B37.5",
            "count": 26,
            "created_time": "2025-01-14T19:26:55.582981Z",
            "yes_price": 10,
            "no_price": 90,
            "taker_side": "yes"
        },
        {
            "trade_id": "82bbd5af-d1ff-46ea-badf-2a75a22cd962",
            "ticker": "KXHIGHDEN-25JAN14-B37.5",
            "count": 40,
            "created_time": "2025-01-14T19:25:57.609861Z",
            "yes_price": 10,
            "no_price": 90,
            "taker_side": "no"
        },
        {
            "trade_id": "03dff6b0-a288-482c-9073-baaaa04dbd54",
            "ticker": "KXHIGHDEN-25JAN14-B37.5",
            "count": 100,
            "created_time": "2025-01-14T19:25:37.267243Z",
            "yes_price": 12,
            "no_price": 88,
            "taker_side": "yes"
        },
        {
            "trade_id": "f6eca3a4-7511-4ece-af10-40646a6773e1",
            "ticker": "KXHIGHDEN-25JAN14-B37.5",
            "count": 39,
            "created_time": "2025-01-14T19:20:21.426068Z",
            "yes_price": 1,
            "no_price": 99,
            "taker_side": "no"
        },
        {
            "trade_id": "96354a14-e41a-4857-a4c8-3d479b90d82f",
            "ticker": "KXHIGHDEN-25JAN14-B37.5",
            "count": 101,
            "created_time": "2025-01-14T19:20:21.426068Z",
            "yes_price": 9,
            "no_price": 91,
            "taker_side": "no"
        },
        {
            "trade_id": "86db0049-8aee-4f36-b0f7-eee0c0124b04",
            "ticker": "KXHIGHDEN-25JAN14-B37.5",
            "count": 100,
            "created_time": "2025-01-14T19:20:21.426068Z",
            "yes_price": 15,
            "no_price": 85,
            "taker_side": "no"
        },
        {
            "trade_id": "8039447a-75bc-46ba-8322-c49492da4c4d",
            "ticker": "KXHIGHDEN-25JAN14-B37.5",
            "count": 40,
            "created_time": "2025-01-14T19:20:21.426068Z",
            "yes_price": 5,
            "no_price": 95,
            "taker_side": "no"
        },
        {
            "trade_id": "5a0f9bc9-9cf0-428a-ab8f-f0a2c5ac6726",
            "ticker": "KXHIGHDEN-25JAN14-B37.5",
            "count": 3,
            "created_time": "2025-01-14T19:20:21.426068Z",
            "yes_price": 6,
            "no_price": 94,
            "taker_side": "no"
        },
        {
            "trade_id": "44c3cdb9-e5a0-4910-904a-077b41851a07",
            "ticker": "KXHIGHDEN-25JAN14-B37.5",
            "count": 40,
            "created_time": "2025-01-14T19:20:21.426068Z",
            "yes_price": 7,
            "no_price": 93,
            "taker_side": "no"
        },
        {
            "trade_id": "1a207f3c-ed0b-4afc-8159-24908c141817",
            "ticker": "KXHIGHDEN-25JAN14-B37.5",
            "count": 40,
            "created_time": "2025-01-14T19:20:14.959743Z",
            "yes_price": 18,
            "no_price": 82,
            "taker_side": "no"
        },
        {
            "trade_id": "378415bc-5193-49c3-bc9d-8b7e507d4b7c",
            "ticker": "KXHIGHDEN-25JAN14-B37.5",
            "count": 101,
            "created_time": "2025-01-14T19:19:45.890595Z",
            "yes_price": 19,
            "no_price": 81,
            "taker_side": "no"
        },
        {
            "trade_id": "1d95ddd3-c7ac-4b94-a039-8ff93456d02a",
            "ticker": "KXHIGHDEN-25JAN14-B37.5",
            "count": 7,
            "created_time": "2025-01-14T19:19:45.890595Z",
            "yes_price": 20,
            "no_price": 80,
            "taker_side": "no"
        },
        {
            "trade_id": "6102675b-7e94-4eec-be1a-bb0cacb91114",
            "ticker": "KXHIGHDEN-25JAN14-B37.5",
            "count": 95,
            "created_time": "2025-01-14T19:12:27.441069Z",
            "yes_price": 24,
            "no_price": 76,
            "taker_side": "yes"
        },
        {
            "trade_id": "42753012-0a67-4de2-80d7-662d3e967710",
            "ticker": "KXHIGHDEN-25JAN14-B37.5",
            "count": 100,
            "created_time": "2025-01-14T19:12:11.29363Z",
            "yes_price": 24,
            "no_price": 76,
            "taker_side": "yes"
        },
        {
            "trade_id": "834d7c71-8cc0-478f-8088-fed56c7c4e21",
            "ticker": "KXHIGHDEN-25JAN14-B37.5",
            "count": 9,
            "created_time": "2025-01-14T19:11:09.670503Z",
            "yes_price": 21,
            "no_price": 79,
            "taker_side": "no"
        },
        {
            "trade_id": "6763c90d-03b8-44d3-b036-b9d0c22f79c3",
            "ticker": "KXHIGHDEN-25JAN14-B37.5",
            "count": 10,
            "created_time": "2025-01-14T19:09:25.113599Z",
            "yes_price": 25,
            "no_price": 75,
            "taker_side": "yes"
        },
        {
            "trade_id": "257a8040-1cf8-4f00-8666-ac820d4e83b2",
            "ticker": "KXHIGHDEN-25JAN14-B37.5",
            "count": 16,
            "created_time": "2025-01-14T19:07:03.255986Z",
            "yes_price": 30,
            "no_price": 70,
            "taker_side": "yes"
        },
        {
            "trade_id": "d7f30aca-4139-40f4-8d01-2e96510a48b9",
            "ticker": "KXHIGHDEN-25JAN14-B37.5",
            "count": 2,
            "created_time": "2025-01-14T19:06:25.355121Z",
            "yes_price": 29,
            "no_price": 71,
            "taker_side": "yes"
        },
        {
            "trade_id": "105e515a-0a7c-4d38-abe1-be7c65f3e7d6",
            "ticker": "KXHIGHDEN-25JAN14-B37.5",
            "count": 47,
            "created_time": "2025-01-14T19:06:25.355121Z",
            "yes_price": 30,
            "no_price": 70,
            "taker_side": "yes"
        },
        {
            "trade_id": "72fe3565-6973-4aed-a243-354f3a27c998",
            "ticker": "KXHIGHDEN-25JAN14-B37.5",
            "count": 10,
            "created_time": "2025-01-14T19:05:41.412051Z",
            "yes_price": 24,
            "no_price": 76,
            "taker_side": "no"
        },
        {
            "trade_id": "e5d09fbd-e4ef-46d9-a1b3-83ac5b17d3c4",
            "ticker": "KXHIGHDEN-25JAN14-B37.5",
            "count": 44,
            "created_time": "2025-01-14T19:05:37.460409Z",
            "yes_price": 21,
            "no_price": 79,
            "taker_side": "no"
        },
        {
            "trade_id": "bdab59a7-6c3a-4d94-93ed-6df99acc343c",
            "ticker": "KXHIGHDEN-25JAN14-B37.5",
            "count": 55,
            "created_time": "2025-01-14T19:05:37.460409Z",
            "yes_price": 20,
            "no_price": 80,
            "taker_side": "no"
        },
        {
            "trade_id": "27641708-47e9-498e-9646-1af99c6f13a5",
            "ticker": "KXHIGHDEN-25JAN14-B37.5",
            "count": 1,
            "created_time": "2025-01-14T19:05:37.460409Z",
            "yes_price": 21,
            "no_price": 79,
            "taker_side": "no"
        },
        {
            "trade_id": "420ae7d5-e1ab-41b1-8f3d-335c56cb5f8a",
            "ticker": "KXHIGHDEN-25JAN14-B37.5",
            "count": 10,
            "created_time": "2025-01-14T19:05:21.599811Z",
            "yes_price": 19,
            "no_price": 81,
            "taker_side": "no"
        },
        {
            "trade_id": "53d4d79e-7229-44a4-8fed-3013cac01e6c",
            "ticker": "KXHIGHDEN-25JAN14-B37.5",
            "count": 254,
            "created_time": "2025-01-14T19:03:03.906117Z",
            "yes_price": 30,
            "no_price": 70,
            "taker_side": "yes"
        },
        {
            "trade_id": "ba4aa75c-774f-410e-aa7d-975ac075b2c8",
            "ticker": "KXHIGHDEN-25JAN14-B37.5",
            "count": 39,
            "created_time": "2025-01-14T19:02:54.911312Z",
            "yes_price": 26,
            "no_price": 74,
            "taker_side": "no"
        },
        {
            "trade_id": "9e21f9b0-ab1e-4328-92b9-2ebcb532e8ef",
            "ticker": "KXHIGHDEN-25JAN14-B37.5",
            "count": 10,
            "created_time": "2025-01-14T19:02:31.819895Z",
            "yes_price": 26,
            "no_price": 74,
            "taker_side": "yes"
        },
        {
            "trade_id": "3d047c2d-484f-4bc9-b251-45bf2c6530d3",
            "ticker": "KXHIGHDEN-25JAN14-B37.5",
            "count": 40,
            "created_time": "2025-01-14T19:02:26.068671Z",
            "yes_price": 26,
            "no_price": 74,
            "taker_side": "no"
        },
        {
            "trade_id": "f4dba0a6-1817-4428-b521-2a71dae6d113",
            "ticker": "KXHIGHDEN-25JAN14-B37.5",
            "count": 10,
            "created_time": "2025-01-14T19:01:39.664244Z",
            "yes_price": 25,
            "no_price": 75,
            "taker_side": "yes"
        },
        {
            "trade_id": "e2c0c275-3d4f-4616-9189-21a648795b78",
            "ticker": "KXHIGHDEN-25JAN14-B37.5",
            "count": 59,
            "created_time": "2025-01-14T19:01:36.357463Z",
            "yes_price": 32,
            "no_price": 68,
            "taker_side": "yes"
        },
        {
            "trade_id": "4fefe6ec-a2cd-41fe-ac61-5e0ed78871a5",
            "ticker": "KXHIGHDEN-25JAN14-B37.5",
            "count": 46,
            "created_time": "2025-01-14T19:01:16.038552Z",
            "yes_price": 33,
            "no_price": 67,
            "taker_side": "yes"
        },
        {
            "trade_id": "061b750b-3e57-4fd0-ad1a-01565dc8cf53",
            "ticker": "KXHIGHDEN-25JAN14-B37.5",
            "count": 101,
            "created_time": "2025-01-14T19:01:16.038552Z",
            "yes_price": 32,
            "no_price": 68,
            "taker_side": "yes"
        },
        {
            "trade_id": "91149227-9573-47f0-a3c9-ef3511d8d060",
            "ticker": "KXHIGHDEN-25JAN14-B37.5",
            "count": 5,
            "created_time": "2025-01-14T19:01:08.23679Z",
            "yes_price": 17,
            "no_price": 83,
            "taker_side": "no"
        },
        {
            "trade_id": "8d355861-f2bc-4dc6-8c1c-69a1b920876e",
            "ticker": "KXHIGHDEN-25JAN14-B37.5",
            "count": 100,
            "created_time": "2025-01-14T19:01:08.23679Z",
            "yes_price": 30,
            "no_price": 70,
            "taker_side": "no"
        },
        {
            "trade_id": "51a969d5-18a8-4f42-b7e8-1bed821909ff",
            "ticker": "KXHIGHDEN-25JAN14-B37.5",
            "count": 50,
            "created_time": "2025-01-14T19:01:08.23679Z",
            "yes_price": 28,
            "no_price": 72,
            "taker_side": "no"
        },
        {
            "trade_id": "3ad94073-4880-4d78-b87c-5de521a1a138",
            "ticker": "KXHIGHDEN-25JAN14-B37.5",
            "count": 4,
            "created_time": "2025-01-14T19:01:08.23679Z",
            "yes_price": 21,
            "no_price": 79,
            "taker_side": "no"
        },
        {
            "trade_id": "1af2b79f-23b2-43c5-9f65-b680f6c1bbfb",
            "ticker": "KXHIGHDEN-25JAN14-B37.5",
            "count": 101,
            "created_time": "2025-01-14T19:01:08.23679Z",
            "yes_price": 27,
            "no_price": 73,
            "taker_side": "no"
        },
        {
            "trade_id": "05281b45-ec6f-4871-949b-bbcd2ceb89f3",
            "ticker": "KXHIGHDEN-25JAN14-B37.5",
            "count": 40,
            "created_time": "2025-01-14T19:01:08.23679Z",
            "yes_price": 21,
            "no_price": 79,
            "taker_side": "no"
        },
        {
            "trade_id": "891d21b3-0e0e-4b03-a83f-4096de45412f",
            "ticker": "KXHIGHDEN-25JAN14-B37.5",
            "count": 30,
            "created_time": "2025-01-14T18:45:10.604879Z",
            "yes_price": 43,
            "no_price": 57,
            "taker_side": "yes"
        },
        {
            "trade_id": "b566d2b5-a47e-4e99-9e88-86494018ca7f",
            "ticker": "KXHIGHDEN-25JAN14-B37.5",
            "count": 8,
            "created_time": "2025-01-14T18:43:59.884752Z",
            "yes_price": 33,
            "no_price": 67,
            "taker_side": "no"
        },
        {
            "trade_id": "74025962-5de8-4641-94c2-ae213da8c71a",
            "ticker": "KXHIGHDEN-25JAN14-B37.5",
            "count": 9,
            "created_time": "2025-01-14T18:41:17.966916Z",
            "yes_price": 34,
            "no_price": 66,
            "taker_side": "no"
        },
        {
            "trade_id": "1eaa092c-67ab-4d26-acfd-6b63a9584661",
            "ticker": "KXHIGHDEN-25JAN14-B37.5",
            "count": 30,
            "created_time": "2025-01-14T18:41:17.966916Z",
            "yes_price": 33,
            "no_price": 67,
            "taker_side": "no"
        },
        {
            "trade_id": "629d6779-6e3f-420b-be85-84085b082861",
            "ticker": "KXHIGHDEN-25JAN14-B37.5",
            "count": 28,
            "created_time": "2025-01-14T18:31:42.11539Z",
            "yes_price": 37,
            "no_price": 63,
            "taker_side": "yes"
        },
        {
            "trade_id": "3c2fda89-4910-4ea3-8b1a-ffbadbbd26cc",
            "ticker": "KXHIGHDEN-25JAN14-B37.5",
            "count": 5,
            "created_time": "2025-01-14T18:26:32.214184Z",
            "yes_price": 49,
            "no_price": 51,
            "taker_side": "no"
        },
        {
            "trade_id": "03e66315-3944-4299-83c0-f15f71a7b519",
            "ticker": "KXHIGHDEN-25JAN14-B37.5",
            "count": 57,
            "created_time": "2025-01-14T18:23:00.113285Z",
            "yes_price": 50,
            "no_price": 50,
            "taker_side": "yes"
        },
        {
            "trade_id": "f63922f6-79f9-4967-ab87-c5b8a0e32813",
            "ticker": "KXHIGHDEN-25JAN14-B37.5",
            "count": 4,
            "created_time": "2025-01-14T18:22:17.962325Z",
            "yes_price": 50,
            "no_price": 50,
            "taker_side": "no"
        },
        {
            "trade_id": "e3cf246b-f197-4519-b0e9-beff01fe8a64",
            "ticker": "KXHIGHDEN-25JAN14-B37.5",
            "count": 30,
            "created_time": "2025-01-14T18:19:09.349423Z",
            "yes_price": 51,
            "no_price": 49,
            "taker_side": "yes"
        },
        {
            "trade_id": "8e905cde-8677-4cfb-8a86-d1681d6e7d00",
            "ticker": "KXHIGHDEN-25JAN14-B37.5",
            "count": 50,
            "created_time": "2025-01-14T18:19:09.349423Z",
            "yes_price": 51,
            "no_price": 49,
            "taker_side": "yes"
        },
        {
            "trade_id": "8df73fc6-6e63-476a-ac39-33f1006b77b1",
            "ticker": "KXHIGHDEN-25JAN14-B37.5",
            "count": 190,
            "created_time": "2025-01-14T18:11:03.983853Z",
            "yes_price": 51,
            "no_price": 49,
            "taker_side": "yes"
        },
        {
            "trade_id": "27a9cf8d-6fe2-494a-8dd5-43bbe1e9b981",
            "ticker": "KXHIGHDEN-25JAN14-B37.5",
            "count": 56,
            "created_time": "2025-01-14T18:09:13.433278Z",
            "yes_price": 51,
            "no_price": 49,
            "taker_side": "yes"
        },
        {
            "trade_id": "16d9e706-718d-47e1-b6ba-711278e50a99",
            "ticker": "KXHIGHDEN-25JAN14-B37.5",
            "count": 4,
            "created_time": "2025-01-14T18:09:08.992344Z",
            "yes_price": 51,
            "no_price": 49,
            "taker_side": "no"
        },
        {
            "trade_id": "a9a308e8-210e-45b9-922d-0c53d3871d6b",
            "ticker": "KXHIGHDEN-25JAN14-B37.5",
            "count": 46,
            "created_time": "2025-01-14T18:08:23.446748Z",
            "yes_price": 55,
            "no_price": 45,
            "taker_side": "yes"
        },
        {
            "trade_id": "95d12920-445e-4a3b-a2ee-9d2c2f228090",
            "ticker": "KXHIGHDEN-25JAN14-B37.5",
            "count": 24,
            "created_time": "2025-01-14T18:08:23.446748Z",
            "yes_price": 54,
            "no_price": 46,
            "taker_side": "yes"
        },
        {
            "trade_id": "40c8e706-8bfb-4f38-9458-c9c6527f28b0",
            "ticker": "KXHIGHDEN-25JAN14-B37.5",
            "count": 11,
            "created_time": "2025-01-14T17:38:25.619825Z",
            "yes_price": 54,
            "no_price": 46,
            "taker_side": "yes"
        },
        {
            "trade_id": "f944d1ff-73a5-45c4-a22e-2e215f744e6a",
            "ticker": "KXHIGHDEN-25JAN14-B37.5",
            "count": 13,
            "created_time": "2025-01-14T17:23:37.687779Z",
            "yes_price": 61,
            "no_price": 39,
            "taker_side": "yes"
        },
        {
            "trade_id": "9f4e356b-9f58-4e05-9c93-447e762ee95e",
            "ticker": "KXHIGHDEN-25JAN14-B37.5",
            "count": 20,
            "created_time": "2025-01-14T17:23:37.687779Z",
            "yes_price": 52,
            "no_price": 48,
            "taker_side": "yes"
        },
        {
            "trade_id": "7be2e842-b075-4f93-a398-9bd0317dbe4e",
            "ticker": "KXHIGHDEN-25JAN14-B37.5",
            "count": 30,
            "created_time": "2025-01-14T17:23:37.687779Z",
            "yes_price": 54,
            "no_price": 46,
            "taker_side": "yes"
        },
        {
            "trade_id": "3688cdfd-8d84-426c-80a6-51d8adc93379",
            "ticker": "KXHIGHDEN-25JAN14-B37.5",
            "count": 84,
            "created_time": "2025-01-14T17:23:37.687779Z",
            "yes_price": 65,
            "no_price": 35,
            "taker_side": "yes"
        },
        {
            "trade_id": "0f456524-4318-418c-8b4a-fb437762f349",
            "ticker": "KXHIGHDEN-25JAN14-B37.5",
            "count": 13,
            "created_time": "2025-01-14T17:23:37.687779Z",
            "yes_price": 60,
            "no_price": 40,
            "taker_side": "yes"
        },
        {
            "trade_id": "a13a30b8-8aec-400c-9317-4211bf01a44f",
            "ticker": "KXHIGHDEN-25JAN14-B37.5",
            "count": 59,
            "created_time": "2025-01-14T17:12:23.724171Z",
            "yes_price": 45,
            "no_price": 55,
            "taker_side": "no"
        },
        {
            "trade_id": "063097c5-efe1-4cbd-a21e-8c78a9233655",
            "ticker": "KXHIGHDEN-25JAN14-B37.5",
            "count": 100,
            "created_time": "2025-01-14T17:12:23.724171Z",
            "yes_price": 46,
            "no_price": 54,
            "taker_side": "no"
        },
        {
            "trade_id": "cbd4722c-c202-4ef2-a95e-164401cddcba",
            "ticker": "KXHIGHDEN-25JAN14-B37.5",
            "count": 15,
            "created_time": "2025-01-14T17:10:30.087617Z",
            "yes_price": 50,
            "no_price": 50,
            "taker_side": "yes"
        },
        {
            "trade_id": "1c7fee76-60ee-449a-b339-87360102e095",
            "ticker": "KXHIGHDEN-25JAN14-B37.5",
            "count": 81,
            "created_time": "2025-01-14T17:10:30.087617Z",
            "yes_price": 50,
            "no_price": 50,
            "taker_side": "yes"
        },
        {
            "trade_id": "5cbf2ed5-256b-4056-a41f-9ce1bb60864b",
            "ticker": "KXHIGHDEN-25JAN14-B37.5",
            "count": 19,
            "created_time": "2025-01-14T17:08:10.150569Z",
            "yes_price": 50,
            "no_price": 50,
            "taker_side": "yes"
        },
        {
            "trade_id": "7ebf7caa-41e1-4fcc-8d0f-10303e46f045",
            "ticker": "KXHIGHDEN-25JAN14-B37.5",
            "count": 42,
            "created_time": "2025-01-14T17:03:37.224729Z",
            "yes_price": 43,
            "no_price": 57,
            "taker_side": "no"
        },
        {
            "trade_id": "f3841df1-debf-4977-86c4-d62ab664bf8e",
            "ticker": "KXHIGHDEN-25JAN14-B37.5",
            "count": 40,
            "created_time": "2025-01-14T16:47:47.949659Z",
            "yes_price": 39,
            "no_price": 61,
            "taker_side": "no"
        },
        {
            "trade_id": "d93c20d5-d7dc-4be3-b03f-0e0a292459ba",
            "ticker": "KXHIGHDEN-25JAN14-B37.5",
            "count": 66,
            "created_time": "2025-01-14T16:47:47.949659Z",
            "yes_price": 39,
            "no_price": 61,
            "taker_side": "no"
        },
        {
            "trade_id": "63be2730-036b-4fc4-b66e-78fd1707c3f1",
            "ticker": "KXHIGHDEN-25JAN14-B37.5",
            "count": 105,
            "created_time": "2025-01-14T16:47:47.949659Z",
            "yes_price": 40,
            "no_price": 60,
            "taker_side": "no"
        },
        {
            "trade_id": "1173a88a-f209-4acb-b542-c0934b2c01dc",
            "ticker": "KXHIGHDEN-25JAN14-B37.5",
            "count": 50,
            "created_time": "2025-01-14T16:47:47.949659Z",
            "yes_price": 40,
            "no_price": 60,
            "taker_side": "no"
        },
        {
            "trade_id": "cc75dd43-4787-44f0-ae7d-09ee1444bf3c",
            "ticker": "KXHIGHDEN-25JAN14-B37.5",
            "count": 7,
            "created_time": "2025-01-14T16:38:53.855145Z",
            "yes_price": 51,
            "no_price": 49,
            "taker_side": "yes"
        },
        {
            "trade_id": "f43b63a0-313f-4a17-9b3f-b76ed3050bc4",
            "ticker": "KXHIGHDEN-25JAN14-B37.5",
            "count": 9,
            "created_time": "2025-01-14T16:37:23.764024Z",
            "yes_price": 50,
            "no_price": 50,
            "taker_side": "yes"
        },
        {
            "trade_id": "f97d5030-a550-407f-bd95-8be5d0f4c397",
            "ticker": "KXHIGHDEN-25JAN14-B37.5",
            "count": 11,
            "created_time": "2025-01-14T16:24:37.052443Z",
            "yes_price": 54,
            "no_price": 46,
            "taker_side": "yes"
        },
        {
            "trade_id": "eaf0dbe0-cb83-477b-adbd-fa5ea94c8e22",
            "ticker": "KXHIGHDEN-25JAN14-B37.5",
            "count": 6,
            "created_time": "2025-01-14T16:24:37.052443Z",
            "yes_price": 54,
            "no_price": 46,
            "taker_side": "yes"
        },
        {
            "trade_id": "dd77035a-6049-4b81-b0cd-530d24888544",
            "ticker": "KXHIGHDEN-25JAN14-B37.5",
            "count": 39,
            "created_time": "2025-01-14T16:24:07.205745Z",
            "yes_price": 54,
            "no_price": 46,
            "taker_side": "yes"
        },
        {
            "trade_id": "e5ca3cc5-268b-4fbf-9f50-580d00146b35",
            "ticker": "KXHIGHDEN-25JAN14-B37.5",
            "count": 37,
            "created_time": "2025-01-14T16:15:19.419044Z",
            "yes_price": 60,
            "no_price": 40,
            "taker_side": "yes"
        },
        {
            "trade_id": "7f72d10e-01ed-4b63-b352-49a34f84b718",
            "ticker": "KXHIGHDEN-25JAN14-B37.5",
            "count": 50,
            "created_time": "2025-01-14T16:15:19.419044Z",
            "yes_price": 50,
            "no_price": 50,
            "taker_side": "yes"
        },
        {
            "trade_id": "2e385206-e3d2-44af-a231-da72041f6f61",
            "ticker": "KXHIGHDEN-25JAN14-B37.5",
            "count": 29,
            "created_time": "2025-01-14T16:15:19.419044Z",
            "yes_price": 53,
            "no_price": 47,
            "taker_side": "yes"
        },
        {
            "trade_id": "088791f7-b8f3-474c-93f2-3dc6c7c89148",
            "ticker": "KXHIGHDEN-25JAN14-B37.5",
            "count": 207,
            "created_time": "2025-01-14T16:15:19.419044Z",
            "yes_price": 50,
            "no_price": 50,
            "taker_side": "yes"
        },
        {
            "trade_id": "d972b00c-ab12-4b6c-9c0a-3808ffbf8d5c",
            "ticker": "KXHIGHDEN-25JAN14-B37.5",
            "count": 235,
            "created_time": "2025-01-14T16:14:55.965297Z",
            "yes_price": 49,
            "no_price": 51,
            "taker_side": "yes"
        },
        {
            "trade_id": "d13fecab-8381-4c84-9f22-6ccaf4f906b8",
            "ticker": "KXHIGHDEN-25JAN14-B37.5",
            "count": 21,
            "created_time": "2025-01-14T16:14:55.965297Z",
            "yes_price": 49,
            "no_price": 51,
            "taker_side": "yes"
        },
        {
            "trade_id": "4c698fa2-e45f-4591-a13b-cc29ca4933eb",
            "ticker": "KXHIGHDEN-25JAN14-B37.5",
            "count": 50,
            "created_time": "2025-01-14T16:14:55.965297Z",
            "yes_price": 49,
            "no_price": 51,
            "taker_side": "yes"
        },
        {
            "trade_id": "1c4273ba-1d11-4381-b805-4b670d2420f9",
            "ticker": "KXHIGHDEN-25JAN14-B37.5",
            "count": 43,
            "created_time": "2025-01-14T16:14:55.965297Z",
            "yes_price": 50,
            "no_price": 50,
            "taker_side": "yes"
        },
        {
            "trade_id": "eeb63756-7738-4479-8917-8b9676152e2b",
            "ticker": "KXHIGHDEN-25JAN14-B37.5",
            "count": 10,
            "created_time": "2025-01-14T15:42:39.113094Z",
            "yes_price": 49,
            "no_price": 51,
            "taker_side": "yes"
        },
        {
            "trade_id": "d298dbc4-d0ec-4e4a-9947-c3c39331e250",
            "ticker": "KXHIGHDEN-25JAN14-B37.5",
            "count": 5,
            "created_time": "2025-01-14T15:41:27.311289Z",
            "yes_price": 49,
            "no_price": 51,
            "taker_side": "yes"
        },
        {
            "trade_id": "e4aa5e97-0f99-4a34-aa97-4cbc9821a0bf",
            "ticker": "KXHIGHDEN-25JAN14-B37.5",
            "count": 23,
            "created_time": "2025-01-14T15:40:18.58838Z",
            "yes_price": 46,
            "no_price": 54,
            "taker_side": "yes"
        },
        {
            "trade_id": "508bc441-ed4b-4b75-a5bc-eea164020d60",
            "ticker": "KXHIGHDEN-25JAN14-B37.5",
            "count": 100,
            "created_time": "2025-01-14T15:40:18.58838Z",
            "yes_price": 48,
            "no_price": 52,
            "taker_side": "yes"
        },
        {
            "trade_id": "070186df-f4f8-49db-b5ed-f7b972219444",
            "ticker": "KXHIGHDEN-25JAN14-B37.5",
            "count": 36,
            "created_time": "2025-01-14T15:40:18.58838Z",
            "yes_price": 48,
            "no_price": 52,
            "taker_side": "yes"
        },
        {
            "trade_id": "a4ad4f96-1a6a-4cb3-90e7-0ba37b0b3cb3",
            "ticker": "KXHIGHDEN-25JAN14-B37.5",
            "count": 62,
            "created_time": "2025-01-14T15:38:43.393724Z",
            "yes_price": 37,
            "no_price": 63,
            "taker_side": "no"
        },
        {
            "trade_id": "c3ad972a-fa50-4af1-828c-2eb773834519",
            "ticker": "KXHIGHDEN-25JAN14-B37.5",
            "count": 57,
            "created_time": "2025-01-14T15:37:36.698079Z",
            "yes_price": 37,
            "no_price": 63,
            "taker_side": "no"
        },
        {
            "trade_id": "68bae762-ed77-4b85-b4c2-af797b6e8299",
            "ticker": "KXHIGHDEN-25JAN14-B37.5",
            "count": 50,
            "created_time": "2025-01-14T15:37:36.698079Z",
            "yes_price": 38,
            "no_price": 62,
            "taker_side": "no"
        },
        {
            "trade_id": "73fc5e92-20af-4aed-ae66-d225e55c8871",
            "ticker": "KXHIGHDEN-25JAN14-B37.5",
            "count": 17,
            "created_time": "2025-01-14T15:35:35.260239Z",
            "yes_price": 46,
            "no_price": 54,
            "taker_side": "yes"
        },
        {
            "trade_id": "3f4f43b5-c9af-4388-acea-2f588aea8ed6",
            "ticker": "KXHIGHDEN-25JAN14-B37.5",
            "count": 39,
            "created_time": "2025-01-14T15:06:34.367514Z",
            "yes_price": 49,
            "no_price": 51,
            "taker_side": "yes"
        },
        {
            "trade_id": "229b4b89-f0e7-4a96-80be-b1bce1ec5eed",
            "ticker": "KXHIGHDEN-25JAN14-B37.5",
            "count": 9,
            "created_time": "2025-01-14T15:04:02.653517Z",
            "yes_price": 49,
            "no_price": 51,
            "taker_side": "yes"
        },
        {
            "trade_id": "bb0d8024-58a4-4fab-a65e-7d16aae91574",
            "ticker": "KXHIGHDEN-25JAN14-B37.5",
            "count": 20,
            "created_time": "2025-01-14T15:03:29.612838Z",
            "yes_price": 48,
            "no_price": 52,
            "taker_side": "yes"
        },
        {
            "trade_id": "6b64097c-43b2-4974-b061-d166182384c4",
            "ticker": "KXHIGHDEN-25JAN14-B37.5",
            "count": 223,
            "created_time": "2025-01-14T15:03:29.612838Z",
            "yes_price": 47,
            "no_price": 53,
            "taker_side": "yes"
        },
        {
            "trade_id": "4245965f-e3af-427a-b382-fe25d02c1bef",
            "ticker": "KXHIGHDEN-25JAN14-B37.5",
            "count": 250,
            "created_time": "2025-01-14T15:03:29.612838Z",
            "yes_price": 48,
            "no_price": 52,
            "taker_side": "yes"
        },
        {
            "trade_id": "3e2999b8-b1d6-4af2-97d6-14041094cc7f",
            "ticker": "KXHIGHDEN-25JAN14-B37.5",
            "count": 21,
            "created_time": "2025-01-14T15:03:29.612838Z",
            "yes_price": 47,
            "no_price": 53,
            "taker_side": "yes"
        },
        {
            "trade_id": "e35dda5f-db85-4603-9733-447d7a74724a",
            "ticker": "KXHIGHDEN-25JAN14-B37.5",
            "count": 8,
            "created_time": "2025-01-14T15:01:51.372948Z",
            "yes_price": 47,
            "no_price": 53,
            "taker_side": "yes"
        },
        {
            "trade_id": "62ae557b-7988-4b03-9e45-aa57ca3787fd",
            "ticker": "KXHIGHDEN-25JAN14-B37.5",
            "count": 10,
            "created_time": "2025-01-14T14:59:58.222422Z",
            "yes_price": 47,
            "no_price": 53,
            "taker_side": "yes"
        },
        {
            "trade_id": "7661650b-3c29-44ec-898f-edd94c5254e7",
            "ticker": "KXHIGHDEN-25JAN14-B37.5",
            "count": 2,
            "created_time": "2025-01-14T14:58:12.648351Z",
            "yes_price": 46,
            "no_price": 54,
            "taker_side": "yes"
        },
        {
            "trade_id": "43bf8726-516b-4061-8a33-e5927c564ab9",
            "ticker": "KXHIGHDEN-25JAN14-B37.5",
            "count": 8,
            "created_time": "2025-01-14T14:58:12.648351Z",
            "yes_price": 47,
            "no_price": 53,
            "taker_side": "yes"
        },
        {
            "trade_id": "ba913d25-1356-4f42-ae4d-fd4671fbac60",
            "ticker": "KXHIGHDEN-25JAN14-B37.5",
            "count": 100,
            "created_time": "2025-01-14T14:53:48.74637Z",
            "yes_price": 46,
            "no_price": 54,
            "taker_side": "yes"
        },
        {
            "trade_id": "dbd1240f-0678-4fa9-a3e3-1a999b955db2",
            "ticker": "KXHIGHDEN-25JAN14-B37.5",
            "count": 1,
            "created_time": "2025-01-14T14:42:09.746584Z",
            "yes_price": 47,
            "no_price": 53,
            "taker_side": "yes"
        },
        {
            "trade_id": "5fa77b75-2aa2-4639-9264-f49e92cf00a8",
            "ticker": "KXHIGHDEN-25JAN14-B37.5",
            "count": 1,
            "created_time": "2025-01-14T14:42:09.746584Z",
            "yes_price": 46,
            "no_price": 54,
            "taker_side": "yes"
        },
        {
            "trade_id": "29e783f9-e792-45c0-94c3-d9e830cfd48a",
            "ticker": "KXHIGHDEN-25JAN14-B37.5",
            "count": 1,
            "created_time": "2025-01-14T14:31:23.762489Z",
            "yes_price": 45,
            "no_price": 55,
            "taker_side": "yes"
        },
        {
            "trade_id": "1cf6f1fe-b659-4d8d-bf16-cd39a72c9d3d",
            "ticker": "KXHIGHDEN-25JAN14-B37.5",
            "count": 20,
            "created_time": "2025-01-14T14:31:23.762489Z",
            "yes_price": 45,
            "no_price": 55,
            "taker_side": "yes"
        },
        {
            "trade_id": "7fded7fa-25aa-4674-8504-903edfae3725",
            "ticker": "KXHIGHDEN-25JAN14-B37.5",
            "count": 14,
            "created_time": "2025-01-14T14:30:50.627087Z",
            "yes_price": 43,
            "no_price": 57,
            "taker_side": "yes"
        },
        {
            "trade_id": "648edb09-fd92-471f-a559-e35570b652b0",
            "ticker": "KXHIGHDEN-25JAN14-B37.5",
            "count": 4,
            "created_time": "2025-01-14T14:30:50.627087Z",
            "yes_price": 41,
            "no_price": 59,
            "taker_side": "yes"
        },
        {
            "trade_id": "1d8f8db8-d2e5-4b5d-81d2-6291d67600c8",
            "ticker": "KXHIGHDEN-25JAN14-B37.5",
            "count": 4,
            "created_time": "2025-01-14T14:30:50.627087Z",
            "yes_price": 41,
            "no_price": 59,
            "taker_side": "yes"
        },
        {
            "trade_id": "8082799b-37c4-4702-92b1-7822e254b4d9",
            "ticker": "KXHIGHDEN-25JAN14-B37.5",
            "count": 9,
            "created_time": "2025-01-14T14:28:50.067867Z",
            "yes_price": 45,
            "no_price": 55,
            "taker_side": "yes"
        },
        {
            "trade_id": "7055618e-3964-490a-ad6a-0a3ff30a9b60",
            "ticker": "KXHIGHDEN-25JAN14-B37.5",
            "count": 1,
            "created_time": "2025-01-14T14:28:50.067867Z",
            "yes_price": 43,
            "no_price": 57,
            "taker_side": "yes"
        },
        {
            "trade_id": "400dd0c1-222a-4d1b-bf61-ddbbdf346118",
            "ticker": "KXHIGHDEN-25JAN14-B37.5",
            "count": 4,
            "created_time": "2025-01-14T14:28:50.067867Z",
            "yes_price": 43,
            "no_price": 57,
            "taker_side": "yes"
        },
        {
            "trade_id": "2cadb32e-423f-40c0-b4b7-4e9ecc8d38c7",
            "ticker": "KXHIGHDEN-25JAN14-B37.5",
            "count": 93,
            "created_time": "2025-01-14T14:28:50.067867Z",
            "yes_price": 45,
            "no_price": 55,
            "taker_side": "yes"
        },
        {
            "trade_id": "b23c8b88-788c-4aba-9864-8921663ff291",
            "ticker": "KXHIGHDEN-25JAN14-B37.5",
            "count": 4,
            "created_time": "2025-01-14T14:22:42.084948Z",
            "yes_price": 41,
            "no_price": 59,
            "taker_side": "yes"
        },
        {
            "trade_id": "66ec8b98-b375-4e34-9af4-cb26f0953b3f",
            "ticker": "KXHIGHDEN-25JAN14-B37.5",
            "count": 26,
            "created_time": "2025-01-14T14:22:42.084948Z",
            "yes_price": 43,
            "no_price": 57,
            "taker_side": "yes"
        },
        {
            "trade_id": "29894d17-d575-47d9-907c-ce03cc6cce19",
            "ticker": "KXHIGHDEN-25JAN14-B37.5",
            "count": 57,
            "created_time": "2025-01-14T14:22:42.084948Z",
            "yes_price": 45,
            "no_price": 55,
            "taker_side": "yes"
        },
        {
            "trade_id": "a2fc8bfa-bee9-4642-ab43-4a650b133bad",
            "ticker": "KXHIGHDEN-25JAN14-B37.5",
            "count": 4,
            "created_time": "2025-01-14T14:13:22.863827Z",
            "yes_price": 43,
            "no_price": 57,
            "taker_side": "yes"
        },
        {
            "trade_id": "9908edfb-1227-470b-85ae-9e34f89093b2",
            "ticker": "KXHIGHDEN-25JAN14-B37.5",
            "count": 2,
            "created_time": "2025-01-14T14:13:22.863827Z",
            "yes_price": 39,
            "no_price": 61,
            "taker_side": "yes"
        },
        {
            "trade_id": "724844d2-da03-4a98-8025-141f898f25be",
            "ticker": "KXHIGHDEN-25JAN14-B37.5",
            "count": 13,
            "created_time": "2025-01-14T14:13:22.863827Z",
            "yes_price": 43,
            "no_price": 57,
            "taker_side": "yes"
        },
        {
            "trade_id": "52522bba-d85f-42f8-a241-b90c8809d06e",
            "ticker": "KXHIGHDEN-25JAN14-B37.5",
            "count": 26,
            "created_time": "2025-01-14T14:13:22.863827Z",
            "yes_price": 41,
            "no_price": 59,
            "taker_side": "yes"
        },
        {
            "trade_id": "ffa94253-61ec-438f-aa6c-8e3192d6c36e",
            "ticker": "KXHIGHDEN-25JAN14-B37.5",
            "count": 2,
            "created_time": "2025-01-14T14:13:00.22059Z",
            "yes_price": 35,
            "no_price": 65,
            "taker_side": "no"
        },
        {
            "trade_id": "62b64c72-e527-4132-a21a-bb822799e2f0",
            "ticker": "KXHIGHDEN-25JAN14-B37.5",
            "count": 11,
            "created_time": "2025-01-14T14:13:00.22059Z",
            "yes_price": 35,
            "no_price": 65,
            "taker_side": "no"
        },
        {
            "trade_id": "02961de6-336e-4f20-b84b-5cb0daaa8659",
            "ticker": "KXHIGHDEN-25JAN14-B37.5",
            "count": 40,
            "created_time": "2025-01-14T14:13:00.22059Z",
            "yes_price": 34,
            "no_price": 66,
            "taker_side": "no"
        },
        {
            "trade_id": "74daed6a-333c-4487-9a38-f29d4ed67765",
            "ticker": "KXHIGHDEN-25JAN14-B37.5",
            "count": 2,
