{
    "KXHIGHDEN-25JAN20-T5": [
        {
            "trade_id": "dea3b1d9-8540-41aa-8d12-2f3069e700a0",
            "ticker": "KXHIGHDEN-25JAN20-T5",
            "count": 1,
            "created_time": "2025-01-21T02:02:25.895378Z",
            "yes_price": 1,
            "no_price": 99,
            "taker_side": "yes"
        },
        {
            "trade_id": "3d24c462-84f5-4d07-94e5-18a19c6897ec",
            "ticker": "KXHIGHDEN-25JAN20-T5",
            "count": 93,
            "created_time": "2025-01-20T17:55:01.748922Z",
            "yes_price": 1,
            "no_price": 99,
            "taker_side": "yes"
        },
        {
            "trade_id": "34fa5949-22c1-4a95-9762-5d2e100f417d",
            "ticker": "KXHIGHDEN-25JAN20-T5",
            "count": 93,
            "created_time": "2025-01-20T17:28:21.986805Z",
            "yes_price": 1,
            "no_price": 99,
            "taker_side": "yes"
        },
        {
            "trade_id": "f503a552-95d6-4ab8-bf34-d4ce10512d73",
            "ticker": "KXHIGHDEN-25JAN20-T5",
            "count": 717,
            "created_time": "2025-01-20T15:53:47.343766Z",
            "yes_price": 1,
            "no_price": 99,
            "taker_side": "yes"
        },
        {
            "trade_id": "e3365201-305f-43b7-81c9-b4468f63f1c9",
            "ticker": "KXHIGHDEN-25JAN20-T5",
            "count": 1700,
            "created_time": "2025-01-20T15:53:47.343766Z",
            "yes_price": 1,
            "no_price": 99,
            "taker_side": "yes"
        },
        {
            "trade_id": "d55fccc3-095a-4d77-8393-fe47af3d5ba3",
            "ticker": "KXHIGHDEN-25JAN20-T5",
            "count": 1050,
            "created_time": "2025-01-20T15:53:47.343766Z",
            "yes_price": 1,
            "no_price": 99,
            "taker_side": "yes"
        },
        {
            "trade_id": "c36081d5-9e44-4b31-b3ad-afdb497adae6",
            "ticker": "KXHIGHDEN-25JAN20-T5",
            "count": 1,
            "created_time": "2025-01-20T15:53:47.343766Z",
            "yes_price": 1,
            "no_price": 99,
            "taker_side": "yes"
        },
        {
            "trade_id": "8ddd9a8a-2d15-4aa7-918c-6e61bb879896",
            "ticker": "KXHIGHDEN-25JAN20-T5",
            "count": 506,
            "created_time": "2025-01-20T15:53:47.343766Z",
            "yes_price": 1,
            "no_price": 99,
            "taker_side": "yes"
        },
        {
            "trade_id": "74f8417a-ec83-4367-9c5c-63ab7448d49b",
            "ticker": "KXHIGHDEN-25JAN20-T5",
            "count": 1,
            "created_time": "2025-01-20T15:53:47.343766Z",
            "yes_price": 1,
            "no_price": 99,
            "taker_side": "yes"
        },
        {
            "trade_id": "3719383f-9a0c-468a-8c09-3367b5aefcbf",
            "ticker": "KXHIGHDEN-25JAN20-T5",
            "count": 696,
            "created_time": "2025-01-20T15:53:47.343766Z",
            "yes_price": 1,
            "no_price": 99,
            "taker_side": "yes"
        },
        {
            "trade_id": "c93154dc-23d6-4484-9dd4-952dabe80b82",
            "ticker": "KXHIGHDEN-25JAN20-T5",
            "count": 299,
            "created_time": "2025-01-20T13:21:44.504327Z",
            "yes_price": 1,
            "no_price": 99,
            "taker_side": "yes"
        },
        {
            "trade_id": "3539ed45-8934-49a4-9fa0-d8c5df67dc73",
            "ticker": "KXHIGHDEN-25JAN20-T5",
            "count": 1,
            "created_time": "2025-01-20T07:05:37.791135Z",
            "yes_price": 1,
            "no_price": 99,
            "taker_side": "yes"
        },
        {
            "trade_id": "624086e9-7001-44b3-af33-6d77db9c1faf",
            "ticker": "KXHIGHDEN-25JAN20-T5",
            "count": 40,
            "created_time": "2025-01-20T06:50:32.861354Z",
            "yes_price": 1,
            "no_price": 99,
            "taker_side": "no"
        },
        {
            "trade_id": "c9c23170-21fe-41bb-970c-1a8bd541a036",
            "ticker": "KXHIGHDEN-25JAN20-T5",
            "count": 100,
            "created_time": "2025-01-20T06:49:22.771275Z",
            "yes_price": 1,
            "no_price": 99,
            "taker_side": "no"
        },
        {
            "trade_id": "064cb839-a73c-408e-b0b0-1a89d9b25219",
            "ticker": "KXHIGHDEN-25JAN20-T5",
            "count": 100,
            "created_time": "2025-01-20T06:07:25.904846Z",
            "yes_price": 2,
            "no_price": 98,
            "taker_side": "no"
        },
        {
            "trade_id": "49a1c9e8-c722-4b60-bc07-a498cccdb575",
            "ticker": "KXHIGHDEN-25JAN20-T5",
            "count": 100,
            "created_time": "2025-01-20T05:15:20.12631Z",
            "yes_price": 2,
            "no_price": 98,
            "taker_side": "no"
        },
        {
            "trade_id": "20b3ef86-808e-4a10-b764-4d6948eadc26",
            "ticker": "KXHIGHDEN-25JAN20-T5",
            "count": 1,
            "created_time": "2025-01-20T04:28:23.147592Z",
            "yes_price": 3,
            "no_price": 97,
            "taker_side": "yes"
        }
    ],
    "KXHIGHDEN-25JAN20-B5.5": [
        {
            "trade_id": "7b9abed4-02f4-4952-a0f0-6256002e3905",
            "ticker": "KXHIGHDEN-25JAN20-B5.5",
            "count": 1,
            "created_time": "2025-01-21T02:02:21.830534Z",
            "yes_price": 1,
            "no_price": 99,
            "taker_side": "yes"
        },
        {
            "trade_id": "a512ba50-1455-4bef-9112-6380ffb00ad3",
            "ticker": "KXHIGHDEN-25JAN20-B5.5",
            "count": 151,
            "created_time": "2025-01-20T23:40:06.411029Z",
            "yes_price": 1,
            "no_price": 99,
            "taker_side": "yes"
        },
        {
            "trade_id": "9fcdbcbb-5037-4a5c-bf66-e41789f0163b",
            "ticker": "KXHIGHDEN-25JAN20-B5.5",
            "count": 1644,
            "created_time": "2025-01-20T23:40:06.411029Z",
            "yes_price": 1,
            "no_price": 99,
            "taker_side": "yes"
        },
        {
            "trade_id": "1ebab6bb-47ac-4955-b69d-9c16f5293b36",
            "ticker": "KXHIGHDEN-25JAN20-B5.5",
            "count": 1050,
            "created_time": "2025-01-20T23:40:06.411029Z",
            "yes_price": 1,
            "no_price": 99,
            "taker_side": "yes"
        },
        {
            "trade_id": "9e1ae60f-557a-435a-9207-f39653297642",
            "ticker": "KXHIGHDEN-25JAN20-B5.5",
            "count": 788,
            "created_time": "2025-01-20T20:25:07.097091Z",
            "yes_price": 1,
            "no_price": 99,
            "taker_side": "yes"
        },
        {
            "trade_id": "fb372bc6-70dc-443f-9fd2-01b26694e5fb",
            "ticker": "KXHIGHDEN-25JAN20-B5.5",
            "count": 662,
            "created_time": "2025-01-20T19:06:11.255862Z",
            "yes_price": 1,
            "no_price": 99,
            "taker_side": "yes"
        },
        {
            "trade_id": "ca88d8cb-f152-470e-9ae8-1a732cdabf19",
            "ticker": "KXHIGHDEN-25JAN20-B5.5",
            "count": 192,
            "created_time": "2025-01-20T19:06:11.255862Z",
            "yes_price": 1,
            "no_price": 99,
            "taker_side": "yes"
        },
        {
            "trade_id": "174e4217-6a9c-4d50-b888-4ead23e235ae",
            "ticker": "KXHIGHDEN-25JAN20-B5.5",
            "count": 79,
            "created_time": "2025-01-20T19:06:11.255862Z",
            "yes_price": 1,
            "no_price": 99,
            "taker_side": "yes"
        },
        {
            "trade_id": "96d4b12f-0a70-412d-bb5f-1d193690140a",
            "ticker": "KXHIGHDEN-25JAN20-B5.5",
            "count": 10,
            "created_time": "2025-01-20T18:01:32.681871Z",
            "yes_price": 1,
            "no_price": 99,
            "taker_side": "yes"
        },
        {
            "trade_id": "4012335a-b908-4a8f-9cb9-8540ab1d334e",
            "ticker": "KXHIGHDEN-25JAN20-B5.5",
            "count": 93,
            "created_time": "2025-01-20T17:57:20.353377Z",
            "yes_price": 1,
            "no_price": 99,
            "taker_side": "yes"
        },
        {
            "trade_id": "c72ad51e-f1e1-465f-9bce-144bde69cd37",
            "ticker": "KXHIGHDEN-25JAN20-B5.5",
            "count": 93,
            "created_time": "2025-01-20T17:54:54.657916Z",
            "yes_price": 1,
            "no_price": 99,
            "taker_side": "yes"
        },
        {
            "trade_id": "bb427338-5b0f-4ca1-91f2-13de5c32c2dd",
            "ticker": "KXHIGHDEN-25JAN20-B5.5",
            "count": 93,
            "created_time": "2025-01-20T17:48:36.281921Z",
            "yes_price": 1,
            "no_price": 99,
            "taker_side": "yes"
        },
        {
            "trade_id": "dfe0dc35-3d10-4a35-a134-033256631f49",
            "ticker": "KXHIGHDEN-25JAN20-B5.5",
            "count": 1040,
            "created_time": "2025-01-20T15:54:44.41577Z",
            "yes_price": 1,
            "no_price": 99,
            "taker_side": "yes"
        },
        {
            "trade_id": "cc9b5a9b-dcb3-4a17-be6e-c7aefe4febc5",
            "ticker": "KXHIGHDEN-25JAN20-B5.5",
            "count": 1050,
            "created_time": "2025-01-20T15:54:44.41577Z",
            "yes_price": 1,
            "no_price": 99,
            "taker_side": "yes"
        },
        {
            "trade_id": "97085f3c-7eb5-49e9-8e5e-321c93127198",
            "ticker": "KXHIGHDEN-25JAN20-B5.5",
            "count": 242,
            "created_time": "2025-01-20T15:54:44.41577Z",
            "yes_price": 1,
            "no_price": 99,
            "taker_side": "yes"
        },
        {
            "trade_id": "65d909c2-3c38-4986-af81-884500720cfb",
            "ticker": "KXHIGHDEN-25JAN20-B5.5",
            "count": 1,
            "created_time": "2025-01-20T15:54:44.41577Z",
            "yes_price": 1,
            "no_price": 99,
            "taker_side": "yes"
        },
        {
            "trade_id": "622bc5aa-2f93-4e73-8178-4431329098b3",
            "ticker": "KXHIGHDEN-25JAN20-B5.5",
            "count": 1,
            "created_time": "2025-01-20T15:54:44.41577Z",
            "yes_price": 1,
            "no_price": 99,
            "taker_side": "yes"
        },
        {
            "trade_id": "14b296f6-bbcf-40e3-b589-8648ec5b7508",
            "ticker": "KXHIGHDEN-25JAN20-B5.5",
            "count": 935,
            "created_time": "2025-01-20T14:52:46.492658Z",
            "yes_price": 1,
            "no_price": 99,
            "taker_side": "yes"
        },
        {
            "trade_id": "b6233b5a-3f2a-4b9c-8f7d-8381d037e6e2",
            "ticker": "KXHIGHDEN-25JAN20-B5.5",
            "count": 69,
            "created_time": "2025-01-20T13:03:58.822782Z",
            "yes_price": 1,
            "no_price": 99,
            "taker_side": "yes"
        },
        {
            "trade_id": "4411a325-0be4-4e47-9068-719257fdd33a",
            "ticker": "KXHIGHDEN-25JAN20-B5.5",
            "count": 24,
            "created_time": "2025-01-20T13:03:58.822782Z",
            "yes_price": 1,
            "no_price": 99,
            "taker_side": "yes"
        },
        {
            "trade_id": "fb0fc685-5cea-4ee3-ad99-2b39c92f46f9",
            "ticker": "KXHIGHDEN-25JAN20-B5.5",
            "count": 25,
            "created_time": "2025-01-20T06:49:14.443771Z",
            "yes_price": 1,
            "no_price": 99,
            "taker_side": "no"
        },
        {
            "trade_id": "decaca53-9acb-456f-b05e-bf2e6e74072e",
            "ticker": "KXHIGHDEN-25JAN20-B5.5",
            "count": 1,
            "created_time": "2025-01-20T06:49:14.443771Z",
            "yes_price": 2,
            "no_price": 98,
            "taker_side": "no"
        },
        {
            "trade_id": "8f7ecf4f-006a-4c75-9b45-dd6bd096d932",
            "ticker": "KXHIGHDEN-25JAN20-B5.5",
            "count": 120,
            "created_time": "2025-01-20T06:49:14.443771Z",
            "yes_price": 1,
            "no_price": 99,
            "taker_side": "no"
        },
        {
            "trade_id": "3d3568c0-5291-4e0a-82ae-5dd94d41f2ef",
            "ticker": "KXHIGHDEN-25JAN20-B5.5",
            "count": 174,
            "created_time": "2025-01-20T06:49:14.443771Z",
            "yes_price": 1,
            "no_price": 99,
            "taker_side": "no"
        },
        {
            "trade_id": "284cd944-ae29-4fec-a2fc-bd386ebc2e8a",
            "ticker": "KXHIGHDEN-25JAN20-B5.5",
            "count": 38,
            "created_time": "2025-01-20T06:49:14.443771Z",
            "yes_price": 1,
            "no_price": 99,
            "taker_side": "no"
        },
        {
            "trade_id": "0ebc761e-36a5-4d5a-aad4-ae0b86fb4925",
            "ticker": "KXHIGHDEN-25JAN20-B5.5",
            "count": 40,
            "created_time": "2025-01-20T06:49:14.443771Z",
            "yes_price": 2,
            "no_price": 98,
            "taker_side": "no"
        },
        {
            "trade_id": "597484b2-5a26-48c3-84b5-4e579673c84c",
            "ticker": "KXHIGHDEN-25JAN20-B5.5",
            "count": 1,
            "created_time": "2025-01-20T06:22:09.564611Z",
            "yes_price": 17,
            "no_price": 83,
            "taker_side": "yes"
        },
        {
            "trade_id": "803d4951-b6b4-41a5-92b1-6369d28044a3",
            "ticker": "KXHIGHDEN-25JAN20-B5.5",
            "count": 4,
            "created_time": "2025-01-20T06:20:42.837656Z",
            "yes_price": 2,
            "no_price": 98,
            "taker_side": "no"
        },
        {
            "trade_id": "84e69848-40ae-4f90-a382-a097240bf555",
            "ticker": "KXHIGHDEN-25JAN20-B5.5",
            "count": 40,
            "created_time": "2025-01-20T06:07:39.413687Z",
            "yes_price": 3,
            "no_price": 97,
            "taker_side": "no"
        },
        {
            "trade_id": "3b54f213-80ae-41dc-bced-90de4155543e",
            "ticker": "KXHIGHDEN-25JAN20-B5.5",
            "count": 40,
            "created_time": "2025-01-20T06:07:39.413687Z",
            "yes_price": 4,
            "no_price": 96,
            "taker_side": "no"
        },
        {
            "trade_id": "6bc64cac-3cad-43d0-a2c9-e82e2d2c293d",
            "ticker": "KXHIGHDEN-25JAN20-B5.5",
            "count": 80,
            "created_time": "2025-01-20T05:44:42.394492Z",
            "yes_price": 7,
            "no_price": 93,
            "taker_side": "no"
        },
        {
            "trade_id": "2ff5cc33-a930-467d-87db-a076502b4f35",
            "ticker": "KXHIGHDEN-25JAN20-B5.5",
            "count": 40,
            "created_time": "2025-01-20T05:44:42.394492Z",
            "yes_price": 7,
            "no_price": 93,
            "taker_side": "no"
        },
        {
            "trade_id": "1a8b826c-764b-49c8-b60a-6a8925db9692",
            "ticker": "KXHIGHDEN-25JAN20-B5.5",
            "count": 54,
            "created_time": "2025-01-20T05:44:42.394492Z",
            "yes_price": 7,
            "no_price": 93,
            "taker_side": "no"
        },
        {
            "trade_id": "c529e0b2-da93-43f0-8625-c41eec4dc6a9",
            "ticker": "KXHIGHDEN-25JAN20-B5.5",
            "count": 40,
            "created_time": "2025-01-20T05:01:07.691797Z",
            "yes_price": 10,
            "no_price": 90,
            "taker_side": "no"
        },
        {
            "trade_id": "9c908402-33c4-44e9-bb40-301b88562ceb",
            "ticker": "KXHIGHDEN-25JAN20-B5.5",
            "count": 80,
            "created_time": "2025-01-20T05:01:07.691797Z",
            "yes_price": 12,
            "no_price": 88,
            "taker_side": "no"
        },
        {
            "trade_id": "470ba85f-6ddd-426b-b42c-6cf40c79ed65",
            "ticker": "KXHIGHDEN-25JAN20-B5.5",
            "count": 16,
            "created_time": "2025-01-20T05:01:07.691797Z",
            "yes_price": 7,
            "no_price": 93,
            "taker_side": "no"
        },
        {
            "trade_id": "e2be2467-28f1-454d-9ea4-82acf56febb4",
            "ticker": "KXHIGHDEN-25JAN20-B5.5",
            "count": 10,
            "created_time": "2025-01-20T03:41:39.728235Z",
            "yes_price": 29,
            "no_price": 71,
            "taker_side": "yes"
        },
        {
            "trade_id": "649cdf5b-6d31-44ae-8471-526c703ebf3f",
            "ticker": "KXHIGHDEN-25JAN20-B5.5",
            "count": 1,
            "created_time": "2025-01-20T03:41:39.728235Z",
            "yes_price": 30,
            "no_price": 70,
            "taker_side": "yes"
        },
        {
            "trade_id": "8d5d47a2-3006-4ca0-a7c5-0794976ad2e8",
            "ticker": "KXHIGHDEN-25JAN20-B5.5",
            "count": 56,
            "created_time": "2025-01-20T03:35:11.327006Z",
            "yes_price": 29,
            "no_price": 71,
            "taker_side": "yes"
        },
        {
            "trade_id": "fedba658-bb22-41d9-9e28-70e37728e69c",
            "ticker": "KXHIGHDEN-25JAN20-B5.5",
            "count": 1,
            "created_time": "2025-01-20T03:31:50.77653Z",
            "yes_price": 11,
            "no_price": 89,
            "taker_side": "no"
        },
        {
            "trade_id": "526416f6-60a5-4624-8d36-9e85268d131e",
            "ticker": "KXHIGHDEN-25JAN20-B5.5",
            "count": 1,
            "created_time": "2025-01-20T03:31:04.811554Z",
            "yes_price": 30,
            "no_price": 70,
            "taker_side": "yes"
        },
        {
            "trade_id": "efb21f90-bd35-4fe7-ac05-f57870926393",
            "ticker": "KXHIGHDEN-25JAN20-B5.5",
            "count": 4,
            "created_time": "2025-01-20T03:13:57.428403Z",
            "yes_price": 15,
            "no_price": 85,
            "taker_side": "no"
        },
        {
            "trade_id": "0646c914-10a0-4ea3-8f5d-02a165d57226",
            "ticker": "KXHIGHDEN-25JAN20-B5.5",
            "count": 1,
            "created_time": "2025-01-20T03:13:47.318916Z",
            "yes_price": 18,
            "no_price": 82,
            "taker_side": "no"
        },
        {
            "trade_id": "fe7fce51-b63a-4d66-8c76-d65b3b247a76",
            "ticker": "KXHIGHDEN-25JAN20-B5.5",
            "count": 20,
            "created_time": "2025-01-20T03:11:25.906643Z",
            "yes_price": 41,
            "no_price": 59,
            "taker_side": "yes"
        },
        {
            "trade_id": "c6926a9b-26f3-40f0-903d-216b89d3b09b",
            "ticker": "KXHIGHDEN-25JAN20-B5.5",
            "count": 18,
            "created_time": "2025-01-20T03:11:25.906643Z",
            "yes_price": 41,
            "no_price": 59,
            "taker_side": "yes"
        },
        {
            "trade_id": "23728eb0-6744-470b-a9aa-1e607734b238",
            "ticker": "KXHIGHDEN-25JAN20-B5.5",
            "count": 5,
            "created_time": "2025-01-20T03:09:08.898953Z",
            "yes_price": 45,
            "no_price": 55,
            "taker_side": "yes"
        },
        {
            "trade_id": "058d34fc-5113-489f-8db3-6b013ddef5f6",
            "ticker": "KXHIGHDEN-25JAN20-B5.5",
            "count": 19,
            "created_time": "2025-01-20T03:09:08.898953Z",
            "yes_price": 37,
            "no_price": 63,
            "taker_side": "yes"
        },
        {
            "trade_id": "a9abc3c4-ab64-4381-a04f-434200652fd6",
            "ticker": "KXHIGHDEN-25JAN20-B5.5",
            "count": 15,
            "created_time": "2025-01-20T03:02:49.979557Z",
            "yes_price": 61,
            "no_price": 39,
            "taker_side": "yes"
        },
        {
            "trade_id": "7bef971c-c220-472d-b801-e905ab05e4f5",
            "ticker": "KXHIGHDEN-25JAN20-B5.5",
            "count": 16,
            "created_time": "2025-01-20T03:02:49.979557Z",
            "yes_price": 31,
            "no_price": 69,
            "taker_side": "yes"
        },
        {
            "trade_id": "17fbf633-cae1-4f4a-bb26-512c431752c5",
            "ticker": "KXHIGHDEN-25JAN20-B5.5",
            "count": 32,
            "created_time": "2025-01-20T03:02:49.979557Z",
            "yes_price": 38,
            "no_price": 62,
            "taker_side": "yes"
        },
        {
            "trade_id": "116d4f68-df5e-4783-b0f8-a93ca2420248",
            "ticker": "KXHIGHDEN-25JAN20-B5.5",
            "count": 4,
            "created_time": "2025-01-20T03:02:49.979557Z",
            "yes_price": 23,
            "no_price": 77,
            "taker_side": "yes"
        },
        {
            "trade_id": "7ff873e9-99cf-4137-9de6-d18b3ea0d5ab",
            "ticker": "KXHIGHDEN-25JAN20-B5.5",
            "count": 2,
            "created_time": "2025-01-20T02:59:53.448346Z",
            "yes_price": 23,
            "no_price": 77,
            "taker_side": "yes"
        },
        {
            "trade_id": "896e6b2e-dcf1-4043-8452-11e782c55f6f",
            "ticker": "KXHIGHDEN-25JAN20-B5.5",
            "count": 1,
            "created_time": "2025-01-20T02:59:04.748464Z",
            "yes_price": 10,
            "no_price": 90,
            "taker_side": "yes"
        },
        {
            "trade_id": "de9e1311-b983-49ac-af2a-65570ab8a88b",
            "ticker": "KXHIGHDEN-25JAN20-B5.5",
            "count": 1,
            "created_time": "2025-01-20T02:58:15.381982Z",
            "yes_price": 9,
            "no_price": 91,
            "taker_side": "yes"
        },
        {
            "trade_id": "11431a11-3c07-4882-b439-1adc428e35d8",
            "ticker": "KXHIGHDEN-25JAN20-B5.5",
            "count": 5,
            "created_time": "2025-01-20T02:10:28.516669Z",
            "yes_price": 7,
            "no_price": 93,
            "taker_side": "no"
        },
        {
            "trade_id": "4cdb2dbe-1207-47c4-9cca-303c0c5eddc8",
            "ticker": "KXHIGHDEN-25JAN20-B5.5",
            "count": 25,
            "created_time": "2025-01-20T02:01:43.884867Z",
            "yes_price": 7,
            "no_price": 93,
            "taker_side": "no"
        },
        {
            "trade_id": "858272b3-c232-45e4-a156-4e05aec76f72",
            "ticker": "KXHIGHDEN-25JAN20-B5.5",
            "count": 1,
            "created_time": "2025-01-20T00:38:53.459012Z",
            "yes_price": 7,
            "no_price": 93,
            "taker_side": "no"
        },
        {
            "trade_id": "bb7255a3-3606-4fab-a13f-387347ea6738",
            "ticker": "KXHIGHDEN-25JAN20-B5.5",
            "count": 40,
            "created_time": "2025-01-19T23:39:15.687431Z",
            "yes_price": 11,
            "no_price": 89,
            "taker_side": "no"
        },
        {
            "trade_id": "df31e5f1-051f-4556-a05f-239af2603989",
            "ticker": "KXHIGHDEN-25JAN20-B5.5",
            "count": 10,
            "created_time": "2025-01-19T21:20:59.894489Z",
            "yes_price": 12,
            "no_price": 88,
            "taker_side": "yes"
        },
        {
            "trade_id": "57d19fd6-cb30-4046-a962-b5a0e8d9e5d5",
            "ticker": "KXHIGHDEN-25JAN20-B5.5",
            "count": 16,
            "created_time": "2025-01-19T21:20:59.894489Z",
            "yes_price": 22,
            "no_price": 78,
            "taker_side": "yes"
        }
    ],
    "KXHIGHDEN-25JAN20-B7.5": [
        {
            "trade_id": "aa6c8337-a5a6-4019-8ace-8b146f44ea1c",
            "ticker": "KXHIGHDEN-25JAN20-B7.5",
            "count": 1,
            "created_time": "2025-01-21T02:02:16.279276Z",
            "yes_price": 1,
            "no_price": 99,
            "taker_side": "yes"
        },
        {
            "trade_id": "da30b4ce-087c-4546-9239-2b4b96c0dc00",
            "ticker": "KXHIGHDEN-25JAN20-B7.5",
            "count": 2303,
            "created_time": "2025-01-20T21:17:20.301146Z",
            "yes_price": 1,
            "no_price": 99,
            "taker_side": "yes"
        },
        {
            "trade_id": "783b0ed3-7fb9-45cc-b505-ef1aea1a1fdb",
            "ticker": "KXHIGHDEN-25JAN20-B7.5",
            "count": 2372,
            "created_time": "2025-01-20T21:17:20.301146Z",
            "yes_price": 1,
            "no_price": 99,
            "taker_side": "yes"
        },
        {
            "trade_id": "ad3677fe-470c-44d0-bd08-1adf8858ae19",
            "ticker": "KXHIGHDEN-25JAN20-B7.5",
            "count": 2603,
            "created_time": "2025-01-20T19:32:33.362868Z",
            "yes_price": 1,
            "no_price": 99,
            "taker_side": "yes"
        },
        {
            "trade_id": "8e856a2a-ed0b-407f-a454-8284cb9a175c",
            "ticker": "KXHIGHDEN-25JAN20-B7.5",
            "count": 25,
            "created_time": "2025-01-20T18:22:42.387882Z",
            "yes_price": 1,
            "no_price": 99,
            "taker_side": "yes"
        },
        {
            "trade_id": "240bb83c-526a-45b4-b4e6-0ebf7f58b130",
            "ticker": "KXHIGHDEN-25JAN20-B7.5",
            "count": 812,
            "created_time": "2025-01-20T18:22:42.387882Z",
            "yes_price": 1,
            "no_price": 99,
            "taker_side": "yes"
        },
        {
            "trade_id": "0572094a-1a33-4c41-97b5-058f6f44f878",
            "ticker": "KXHIGHDEN-25JAN20-B7.5",
            "count": 8,
            "created_time": "2025-01-20T18:22:42.387882Z",
            "yes_price": 1,
            "no_price": 99,
            "taker_side": "yes"
        },
        {
            "trade_id": "f4c52845-15ff-4773-b0c7-69316660281e",
            "ticker": "KXHIGHDEN-25JAN20-B7.5",
            "count": 93,
            "created_time": "2025-01-20T18:17:47.734078Z",
            "yes_price": 1,
            "no_price": 99,
            "taker_side": "yes"
        },
        {
            "trade_id": "40cd0990-0e3a-4461-abfc-ec8b731e8e43",
            "ticker": "KXHIGHDEN-25JAN20-B7.5",
            "count": 900,
            "created_time": "2025-01-20T18:11:42.134535Z",
            "yes_price": 1,
            "no_price": 99,
            "taker_side": "yes"
        },
        {
            "trade_id": "749232d3-0f40-475b-8127-42d25b7d504c",
            "ticker": "KXHIGHDEN-25JAN20-B7.5",
            "count": 93,
            "created_time": "2025-01-20T17:56:48.679969Z",
            "yes_price": 1,
            "no_price": 99,
            "taker_side": "yes"
        },
        {
            "trade_id": "ca4aac43-92c5-4182-8fb3-1dfb19c61dee",
            "ticker": "KXHIGHDEN-25JAN20-B7.5",
            "count": 93,
            "created_time": "2025-01-20T17:54:37.94624Z",
            "yes_price": 1,
            "no_price": 99,
            "taker_side": "yes"
        },
        {
            "trade_id": "de789da4-dbb0-457b-94c3-00205b458771",
            "ticker": "KXHIGHDEN-25JAN20-B7.5",
            "count": 93,
            "created_time": "2025-01-20T17:48:24.15983Z",
            "yes_price": 1,
            "no_price": 99,
            "taker_side": "yes"
        },
        {
            "trade_id": "53fe328e-7ca7-408b-a83a-0eb33a15c2c8",
            "ticker": "KXHIGHDEN-25JAN20-B7.5",
            "count": 1870,
            "created_time": "2025-01-20T17:02:55.092496Z",
            "yes_price": 1,
            "no_price": 99,
            "taker_side": "yes"
        },
        {
            "trade_id": "7d7bb75a-9239-4d44-88d2-dcb0206ffc7d",
            "ticker": "KXHIGHDEN-25JAN20-B7.5",
            "count": 1046,
            "created_time": "2025-01-20T16:33:01.045406Z",
            "yes_price": 1,
            "no_price": 99,
            "taker_side": "yes"
        },
        {
            "trade_id": "eff8bb6a-83ee-4131-985f-2aea387ac2c6",
            "ticker": "KXHIGHDEN-25JAN20-B7.5",
            "count": 80,
            "created_time": "2025-01-20T16:27:14.781068Z",
            "yes_price": 1,
            "no_price": 99,
            "taker_side": "yes"
        },
        {
            "trade_id": "e1e38347-f23d-4b76-903b-214c451574b1",
            "ticker": "KXHIGHDEN-25JAN20-B7.5",
            "count": 2500,
            "created_time": "2025-01-20T16:27:14.781068Z",
            "yes_price": 1,
            "no_price": 99,
            "taker_side": "yes"
        },
        {
            "trade_id": "6152fcd7-6388-425f-b7bd-0120ba60a510",
            "ticker": "KXHIGHDEN-25JAN20-B7.5",
            "count": 426,
            "created_time": "2025-01-20T16:27:14.781068Z",
            "yes_price": 1,
            "no_price": 99,
            "taker_side": "yes"
        },
        {
            "trade_id": "382642a5-a3fc-45c1-a9a8-dc968a2ea184",
            "ticker": "KXHIGHDEN-25JAN20-B7.5",
            "count": 1143,
            "created_time": "2025-01-20T16:27:14.781068Z",
            "yes_price": 2,
            "no_price": 98,
            "taker_side": "yes"
        },
        {
            "trade_id": "0118ef88-11ad-4beb-9b75-e1e796f5df33",
            "ticker": "KXHIGHDEN-25JAN20-B7.5",
            "count": 100,
            "created_time": "2025-01-20T16:27:14.781068Z",
            "yes_price": 2,
            "no_price": 98,
            "taker_side": "yes"
        },
        {
            "trade_id": "00e3f517-a89b-425a-978b-e2d19a00142a",
            "ticker": "KXHIGHDEN-25JAN20-B7.5",
            "count": 1,
            "created_time": "2025-01-20T16:27:14.781068Z",
            "yes_price": 1,
            "no_price": 99,
            "taker_side": "yes"
        },
        {
            "trade_id": "5d34e892-fe59-4f5a-b67e-80216b1c7ec5",
            "ticker": "KXHIGHDEN-25JAN20-B7.5",
            "count": 28,
            "created_time": "2025-01-20T16:20:02.513401Z",
            "yes_price": 1,
            "no_price": 99,
            "taker_side": "yes"
        },
        {
            "trade_id": "bf8b2bd8-dd00-4fde-a132-a8d043633f85",
            "ticker": "KXHIGHDEN-25JAN20-B7.5",
            "count": 280,
            "created_time": "2025-01-20T16:12:55.258252Z",
            "yes_price": 1,
            "no_price": 99,
            "taker_side": "yes"
        },
        {
            "trade_id": "66066723-361b-4040-8ee5-ee977c9fbcd2",
            "ticker": "KXHIGHDEN-25JAN20-B7.5",
            "count": 1000,
            "created_time": "2025-01-20T15:38:46.847853Z",
            "yes_price": 1,
            "no_price": 99,
            "taker_side": "yes"
        },
        {
            "trade_id": "ab647d84-b4d4-4548-ab62-288dbf2692ab",
            "ticker": "KXHIGHDEN-25JAN20-B7.5",
            "count": 93,
            "created_time": "2025-01-20T15:12:06.541559Z",
            "yes_price": 1,
            "no_price": 99,
            "taker_side": "yes"
        },
        {
            "trade_id": "a8791b5a-c513-40b0-bacc-973aa61bdf36",
            "ticker": "KXHIGHDEN-25JAN20-B7.5",
            "count": 284,
            "created_time": "2025-01-20T14:43:35.461723Z",
            "yes_price": 1,
            "no_price": 99,
            "taker_side": "yes"
        },
        {
            "trade_id": "05cd1a3c-8da5-4bbe-a099-8ddccc2399bb",
            "ticker": "KXHIGHDEN-25JAN20-B7.5",
            "count": 3173,
            "created_time": "2025-01-20T14:43:35.461723Z",
            "yes_price": 1,
            "no_price": 99,
            "taker_side": "yes"
        },
        {
            "trade_id": "5e4f4476-2d6f-4772-8197-3cea41335e89",
            "ticker": "KXHIGHDEN-25JAN20-B7.5",
            "count": 297,
            "created_time": "2025-01-20T14:42:41.264549Z",
            "yes_price": 1,
            "no_price": 99,
            "taker_side": "yes"
        },
        {
            "trade_id": "45e5fa8f-ecb2-41f6-84cc-e43df8c6fd52",
            "ticker": "KXHIGHDEN-25JAN20-B7.5",
            "count": 203,
            "created_time": "2025-01-20T14:38:22.122779Z",
            "yes_price": 1,
            "no_price": 99,
            "taker_side": "yes"
        },
        {
            "trade_id": "fd112aea-4fb6-4eb8-a4f7-5da589cb5aaa",
            "ticker": "KXHIGHDEN-25JAN20-B7.5",
            "count": 1734,
            "created_time": "2025-01-20T14:29:41.540161Z",
            "yes_price": 1,
            "no_price": 99,
            "taker_side": "yes"
        },
        {
            "trade_id": "981ffe52-ad70-4289-8763-db9ced3e8ce4",
            "ticker": "KXHIGHDEN-25JAN20-B7.5",
            "count": 266,
            "created_time": "2025-01-20T14:29:41.540161Z",
            "yes_price": 1,
            "no_price": 99,
            "taker_side": "yes"
        },
        {
            "trade_id": "ad20755c-8fbd-4e15-b0b6-be42d387c07c",
            "ticker": "KXHIGHDEN-25JAN20-B7.5",
            "count": 28,
            "created_time": "2025-01-20T14:06:51.954534Z",
            "yes_price": 1,
            "no_price": 99,
            "taker_side": "yes"
        },
        {
            "trade_id": "614a2787-4aba-40e9-ad6f-be08076b994d",
            "ticker": "KXHIGHDEN-25JAN20-B7.5",
            "count": 93,
            "created_time": "2025-01-20T13:59:26.077675Z",
            "yes_price": 1,
            "no_price": 99,
            "taker_side": "yes"
        },
        {
            "trade_id": "2470702d-6dc0-4956-a4da-6c5f6aed1629",
            "ticker": "KXHIGHDEN-25JAN20-B7.5",
            "count": 93,
            "created_time": "2025-01-20T13:50:28.240844Z",
            "yes_price": 1,
            "no_price": 99,
            "taker_side": "yes"
        },
        {
            "trade_id": "aa434163-64a8-4ae4-984a-9c9518d0d7ac",
            "ticker": "KXHIGHDEN-25JAN20-B7.5",
            "count": 8,
            "created_time": "2025-01-20T13:46:47.356161Z",
            "yes_price": 1,
            "no_price": 99,
            "taker_side": "yes"
        },
        {
            "trade_id": "9ece0df9-431e-496f-842c-a51c93af9851",
            "ticker": "KXHIGHDEN-25JAN20-B7.5",
            "count": 43,
            "created_time": "2025-01-20T13:04:11.364767Z",
            "yes_price": 1,
            "no_price": 99,
            "taker_side": "yes"
        },
        {
            "trade_id": "186e6a7e-1ccf-4188-9651-635a60111809",
            "ticker": "KXHIGHDEN-25JAN20-B7.5",
            "count": 50,
            "created_time": "2025-01-20T13:04:11.364767Z",
            "yes_price": 1,
            "no_price": 99,
            "taker_side": "yes"
        },
        {
            "trade_id": "acbda0a3-64cc-472a-b0b1-797b76ccf75b",
            "ticker": "KXHIGHDEN-25JAN20-B7.5",
            "count": 110,
            "created_time": "2025-01-20T06:58:27.00868Z",
            "yes_price": 1,
            "no_price": 99,
            "taker_side": "no"
        },
        {
            "trade_id": "6c64ad88-3dd5-4873-9b3f-6f19626d0c68",
            "ticker": "KXHIGHDEN-25JAN20-B7.5",
            "count": 40,
            "created_time": "2025-01-20T06:58:27.00868Z",
            "yes_price": 3,
            "no_price": 97,
            "taker_side": "no"
        },
        {
            "trade_id": "321930c1-e37f-493b-b256-ff26557722bb",
            "ticker": "KXHIGHDEN-25JAN20-B7.5",
            "count": 26,
            "created_time": "2025-01-20T06:58:27.00868Z",
            "yes_price": 4,
            "no_price": 96,
            "taker_side": "no"
        },
        {
            "trade_id": "8791e85e-49d9-485e-acc0-1943b14310cc",
            "ticker": "KXHIGHDEN-25JAN20-B7.5",
            "count": 25,
            "created_time": "2025-01-20T06:51:36.094268Z",
            "yes_price": 1,
            "no_price": 99,
            "taker_side": "no"
        },
        {
            "trade_id": "72510b8e-0f7f-440f-a768-6d3ccb354a9d",
            "ticker": "KXHIGHDEN-25JAN20-B7.5",
            "count": 10,
            "created_time": "2025-01-20T06:51:36.094268Z",
            "yes_price": 1,
            "no_price": 99,
            "taker_side": "no"
        },
        {
            "trade_id": "093fcd53-ec21-4b6c-92bc-2619f0b5dfa9",
            "ticker": "KXHIGHDEN-25JAN20-B7.5",
            "count": 40,
            "created_time": "2025-01-20T06:51:35.422375Z",
            "yes_price": 2,
            "no_price": 98,
            "taker_side": "no"
        },
        {
            "trade_id": "7feedafb-f961-4b5d-b6ab-817f9d744036",
            "ticker": "KXHIGHDEN-25JAN20-B7.5",
            "count": 40,
            "created_time": "2025-01-20T06:51:34.718664Z",
            "yes_price": 5,
            "no_price": 95,
            "taker_side": "no"
        },
        {
            "trade_id": "484f947b-d635-47a0-b7a7-fd712e2003c6",
            "ticker": "KXHIGHDEN-25JAN20-B7.5",
            "count": 40,
            "created_time": "2025-01-20T06:50:03.587523Z",
            "yes_price": 6,
            "no_price": 94,
            "taker_side": "no"
        },
        {
            "trade_id": "eedd8a36-e7ee-4ae6-a113-cdf9fcb2e22c",
            "ticker": "KXHIGHDEN-25JAN20-B7.5",
            "count": 15,
            "created_time": "2025-01-20T06:48:28.732382Z",
            "yes_price": 10,
            "no_price": 90,
            "taker_side": "no"
        },
        {
            "trade_id": "d93ed9df-36c3-486c-a0d7-c1c3427a4c51",
            "ticker": "KXHIGHDEN-25JAN20-B7.5",
            "count": 36,
            "created_time": "2025-01-20T06:48:28.732382Z",
            "yes_price": 14,
            "no_price": 86,
            "taker_side": "no"
        },
        {
            "trade_id": "b51d9514-bcbe-4978-a52f-271bc716573b",
            "ticker": "KXHIGHDEN-25JAN20-B7.5",
            "count": 35,
            "created_time": "2025-01-20T06:48:28.732382Z",
            "yes_price": 10,
            "no_price": 90,
            "taker_side": "no"
        },
        {
            "trade_id": "d34f4b1f-e7ac-48d2-937f-d95e4955e1b7",
            "ticker": "KXHIGHDEN-25JAN20-B7.5",
            "count": 65,
            "created_time": "2025-01-20T06:07:29.554711Z",
            "yes_price": 18,
            "no_price": 82,
            "taker_side": "no"
        },
        {
            "trade_id": "bdd5e35e-c8a5-4e04-9799-8a7bdeecb73c",
            "ticker": "KXHIGHDEN-25JAN20-B7.5",
            "count": 40,
            "created_time": "2025-01-20T06:07:29.554711Z",
            "yes_price": 18,
            "no_price": 82,
            "taker_side": "no"
        },
        {
            "trade_id": "cfec6bd3-be29-4c00-b283-fdba6fafbdf1",
            "ticker": "KXHIGHDEN-25JAN20-B7.5",
            "count": 133,
            "created_time": "2025-01-20T05:57:00.869181Z",
            "yes_price": 23,
            "no_price": 77,
            "taker_side": "no"
        },
        {
            "trade_id": "1ab34fb2-6f12-4352-a3ff-b765c38cc3c1",
            "ticker": "KXHIGHDEN-25JAN20-B7.5",
            "count": 100,
            "created_time": "2025-01-20T05:57:00.869181Z",
            "yes_price": 24,
            "no_price": 76,
            "taker_side": "no"
        },
        {
            "trade_id": "04ba0fdd-a2eb-4d24-88de-71cbb87c60c7",
            "ticker": "KXHIGHDEN-25JAN20-B7.5",
            "count": 171,
            "created_time": "2025-01-20T05:57:00.869181Z",
            "yes_price": 25,
            "no_price": 75,
            "taker_side": "no"
        },
        {
            "trade_id": "2d327437-0be3-4e18-963c-e73f0db62987",
            "ticker": "KXHIGHDEN-25JAN20-B7.5",
            "count": 2,
            "created_time": "2025-01-20T05:42:37.485122Z",
            "yes_price": 39,
            "no_price": 61,
            "taker_side": "yes"
        },
        {
            "trade_id": "52bde38f-db5c-4bdf-a6bf-85c9e257cee7",
            "ticker": "KXHIGHDEN-25JAN20-B7.5",
            "count": 25,
            "created_time": "2025-01-20T04:58:10.301129Z",
            "yes_price": 25,
            "no_price": 75,
            "taker_side": "no"
        },
        {
            "trade_id": "213360cc-1628-48ac-8492-ae725a84445d",
            "ticker": "KXHIGHDEN-25JAN20-B7.5",
            "count": 3,
            "created_time": "2025-01-20T04:51:54.521698Z",
            "yes_price": 25,
            "no_price": 75,
            "taker_side": "no"
        },
        {
            "trade_id": "2326f42d-fcb1-433a-a70c-7a89b1510e6d",
            "ticker": "KXHIGHDEN-25JAN20-B7.5",
            "count": 24,
            "created_time": "2025-01-20T04:32:34.995368Z",
            "yes_price": 39,
            "no_price": 61,
            "taker_side": "yes"
        },
        {
            "trade_id": "f6ce16c3-0d4b-42e4-a5d1-78c1d90570e5",
            "ticker": "KXHIGHDEN-25JAN20-B7.5",
            "count": 1,
            "created_time": "2025-01-20T04:20:22.930168Z",
            "yes_price": 25,
            "no_price": 75,
            "taker_side": "no"
        },
        {
            "trade_id": "a79fb9de-07c4-49ae-beca-5c9f99113880",
            "ticker": "KXHIGHDEN-25JAN20-B7.5",
            "count": 40,
            "created_time": "2025-01-20T04:15:00.34024Z",
            "yes_price": 35,
            "no_price": 65,
            "taker_side": "no"
        },
        {
            "trade_id": "9aa8fd75-50d8-4223-8282-1cc913700af1",
            "ticker": "KXHIGHDEN-25JAN20-B7.5",
            "count": 300,
            "created_time": "2025-01-20T04:15:00.34024Z",
            "yes_price": 36,
            "no_price": 64,
            "taker_side": "no"
        },
        {
            "trade_id": "def062ee-31a1-4f7d-aa7b-b42fe9bcbec1",
            "ticker": "KXHIGHDEN-25JAN20-B7.5",
            "count": 16,
            "created_time": "2025-01-20T04:02:18.141151Z",
            "yes_price": 40,
            "no_price": 60,
            "taker_side": "no"
        },
        {
            "trade_id": "a9435c19-9310-4e3e-82aa-18234734c52e",
            "ticker": "KXHIGHDEN-25JAN20-B7.5",
            "count": 39,
            "created_time": "2025-01-20T03:35:41.848546Z",
            "yes_price": 44,
            "no_price": 56,
            "taker_side": "yes"
        },
        {
            "trade_id": "5a28ada0-d20a-4951-968a-91a4233fd556",
            "ticker": "KXHIGHDEN-25JAN20-B7.5",
            "count": 13,
            "created_time": "2025-01-20T03:35:41.848546Z",
            "yes_price": 44,
            "no_price": 56,
            "taker_side": "yes"
        },
        {
            "trade_id": "82d8177f-5865-4128-ba28-19e58119524c",
            "ticker": "KXHIGHDEN-25JAN20-B7.5",
            "count": 4,
            "created_time": "2025-01-20T03:03:31.648247Z",
            "yes_price": 40,
            "no_price": 60,
            "taker_side": "no"
        },
        {
            "trade_id": "e9bcda5c-bae1-484f-bb69-3eae20161ee1",
            "ticker": "KXHIGHDEN-25JAN20-B7.5",
            "count": 20,
            "created_time": "2025-01-20T02:59:44.722362Z",
            "yes_price": 40,
            "no_price": 60,
            "taker_side": "no"
        },
        {
            "trade_id": "6f2f9080-cabf-4964-b683-4614ce66ddcd",
            "ticker": "KXHIGHDEN-25JAN20-B7.5",
            "count": 120,
            "created_time": "2025-01-20T02:59:44.722362Z",
            "yes_price": 51,
            "no_price": 49,
            "taker_side": "no"
        },
        {
            "trade_id": "594b300e-a680-45ca-a161-d99f1a5bfc79",
            "ticker": "KXHIGHDEN-25JAN20-B7.5",
            "count": 5,
            "created_time": "2025-01-20T02:38:34.037239Z",
            "yes_price": 34,
            "no_price": 66,
            "taker_side": "no"
        },
        {
            "trade_id": "ea076a2a-c30f-47b1-bec6-083034f185ab",
            "ticker": "KXHIGHDEN-25JAN20-B7.5",
            "count": 14,
            "created_time": "2025-01-20T02:04:20.474079Z",
            "yes_price": 60,
            "no_price": 40,
            "taker_side": "yes"
        },
        {
            "trade_id": "dcacf0ef-5bd4-4d0c-8665-f9f3cc1278b6",
            "ticker": "KXHIGHDEN-25JAN20-B7.5",
            "count": 7,
            "created_time": "2025-01-20T01:19:43.36963Z",
            "yes_price": 66,
            "no_price": 34,
            "taker_side": "yes"
        },
        {
            "trade_id": "007301cc-fc6f-4484-a6ce-a1759e5fd0f3",
            "ticker": "KXHIGHDEN-25JAN20-B7.5",
            "count": 7,
            "created_time": "2025-01-20T01:03:56.062912Z",
            "yes_price": 66,
            "no_price": 34,
            "taker_side": "yes"
        },
        {
            "trade_id": "66e9216a-507b-40e1-a019-5408c99d1063",
            "ticker": "KXHIGHDEN-25JAN20-B7.5",
            "count": 16,
            "created_time": "2025-01-20T00:46:15.833624Z",
            "yes_price": 63,
            "no_price": 37,
            "taker_side": "yes"
        },
        {
            "trade_id": "88320159-8e98-4ca1-a7b4-2dd61bcddee0",
            "ticker": "KXHIGHDEN-25JAN20-B7.5",
            "count": 34,
            "created_time": "2025-01-20T00:44:14.816714Z",
            "yes_price": 63,
            "no_price": 37,
            "taker_side": "yes"
        },
        {
            "trade_id": "7c704735-fd12-4b2e-a95a-e3207e22d973",
            "ticker": "KXHIGHDEN-25JAN20-B7.5",
            "count": 1,
            "created_time": "2025-01-20T00:44:14.816714Z",
            "yes_price": 63,
            "no_price": 37,
            "taker_side": "yes"
        },
        {
            "trade_id": "e56ce96c-b138-4bd5-9288-1e28b2df6b64",
            "ticker": "KXHIGHDEN-25JAN20-B7.5",
            "count": 9,
            "created_time": "2025-01-19T23:43:04.453966Z",
            "yes_price": 61,
            "no_price": 39,
            "taker_side": "yes"
        },
        {
            "trade_id": "a04201e5-f7a8-460e-abeb-cd9d51e254ea",
            "ticker": "KXHIGHDEN-25JAN20-B7.5",
            "count": 30,
            "created_time": "2025-01-19T23:39:59.594783Z",
            "yes_price": 46,
            "no_price": 54,
            "taker_side": "yes"
        },
        {
            "trade_id": "87d43a1c-5f11-4ca9-a7bb-b2611c592d65",
            "ticker": "KXHIGHDEN-25JAN20-B7.5",
            "count": 11,
            "created_time": "2025-01-19T23:39:59.594783Z",
            "yes_price": 61,
            "no_price": 39,
            "taker_side": "yes"
        },
        {
            "trade_id": "2c2e19d1-9097-4f52-a99d-3d63b0e892e3",
            "ticker": "KXHIGHDEN-25JAN20-B7.5",
            "count": 31,
            "created_time": "2025-01-19T23:39:59.594783Z",
            "yes_price": 56,
            "no_price": 44,
            "taker_side": "yes"
        },
        {
            "trade_id": "9e3c60b8-13ef-4f54-9950-09053044fd20",
            "ticker": "KXHIGHDEN-25JAN20-B7.5",
            "count": 5,
            "created_time": "2025-01-19T23:38:57.080831Z",
            "yes_price": 46,
            "no_price": 54,
            "taker_side": "yes"
        },
        {
            "trade_id": "44c22233-b27e-4986-8d8b-b9e3cbebfbc0",
            "ticker": "KXHIGHDEN-25JAN20-B7.5",
            "count": 15,
            "created_time": "2025-01-19T23:27:03.366364Z",
            "yes_price": 46,
            "no_price": 54,
            "taker_side": "yes"
        },
        {
            "trade_id": "213a783f-9b57-4f3a-94d8-8011550e378b",
            "ticker": "KXHIGHDEN-25JAN20-B7.5",
            "count": 6,
            "created_time": "2025-01-19T23:27:03.366364Z",
            "yes_price": 40,
            "no_price": 60,
            "taker_side": "yes"
        },
        {
            "trade_id": "63f72135-2d15-42da-ab54-c3c0ef577b3c",
            "ticker": "KXHIGHDEN-25JAN20-B7.5",
            "count": 8,
            "created_time": "2025-01-19T22:11:37.99163Z",
            "yes_price": 23,
            "no_price": 77,
            "taker_side": "no"
        },
        {
            "trade_id": "e6415104-5801-4d4c-8de5-c32646541b11",
            "ticker": "KXHIGHDEN-25JAN20-B7.5",
            "count": 19,
            "created_time": "2025-01-19T21:48:14.670063Z",
            "yes_price": 23,
            "no_price": 77,
            "taker_side": "no"
        },
        {
            "trade_id": "922c27b2-75d0-47db-b83b-7724d179b55a",
            "ticker": "KXHIGHDEN-25JAN20-B7.5",
            "count": 6,
            "created_time": "2025-01-19T19:19:31.228354Z",
            "yes_price": 26,
            "no_price": 74,
            "taker_side": "yes"
        },
        {
            "trade_id": "5a6e8191-40d6-40f4-a4c0-ec127e5931df",
            "ticker": "KXHIGHDEN-25JAN20-B7.5",
            "count": 2,
            "created_time": "2025-01-19T17:06:50.098879Z",
            "yes_price": 26,
            "no_price": 74,
            "taker_side": "yes"
        }
    ],
    "KXHIGHDEN-25JAN20-B9.5": [
        {
            "trade_id": "30477ec3-ab6e-484c-93fe-bc247ea322aa",
            "ticker": "KXHIGHDEN-25JAN20-B9.5",
            "count": 7,
            "created_time": "2025-01-21T05:50:16.099901Z",
            "yes_price": 99,
            "no_price": 1,
            "taker_side": "yes"
        },
        {
            "trade_id": "eaa8e0f0-e7da-4d91-ae95-baa013e144a2",
            "ticker": "KXHIGHDEN-25JAN20-B9.5",
            "count": 1,
            "created_time": "2025-01-21T04:28:02.623263Z",
            "yes_price": 99,
            "no_price": 1,
            "taker_side": "no"
        },
        {
            "trade_id": "680c5477-e7cc-4a5d-b285-c546a1af0872",
            "ticker": "KXHIGHDEN-25JAN20-B9.5",
            "count": 200,
            "created_time": "2025-01-21T04:28:02.623263Z",
            "yes_price": 99,
            "no_price": 1,
            "taker_side": "no"
        },
        {
            "trade_id": "6352c44e-acde-4736-be58-b0e79cd0ad0b",
            "ticker": "KXHIGHDEN-25JAN20-B9.5",
            "count": 1,
            "created_time": "2025-01-21T03:50:04.504964Z",
            "yes_price": 99,
            "no_price": 1,
            "taker_side": "no"
        },
        {
            "trade_id": "eb6db44a-4f53-4d2e-8916-1217d4796a0d",
            "ticker": "KXHIGHDEN-25JAN20-B9.5",
            "count": 197,
            "created_time": "2025-01-21T03:12:04.823651Z",
            "yes_price": 99,
            "no_price": 1,
            "taker_side": "no"
        },
        {
            "trade_id": "4840f599-75b8-4036-9483-3c6ec3c1cf34",
            "ticker": "KXHIGHDEN-25JAN20-B9.5",
            "count": 23,
            "created_time": "2025-01-21T02:48:18.468778Z",
            "yes_price": 99,
            "no_price": 1,
            "taker_side": "no"
        },
        {
            "trade_id": "a74e633b-123d-4528-9052-f195745ac7bb",
            "ticker": "KXHIGHDEN-25JAN20-B9.5",
            "count": 3,
            "created_time": "2025-01-21T02:01:57.316741Z",
            "yes_price": 99,
            "no_price": 1,
            "taker_side": "no"
        },
        {
            "trade_id": "d87e6895-0b67-4ced-8123-86685019def3",
            "ticker": "KXHIGHDEN-25JAN20-B9.5",
            "count": 25,
            "created_time": "2025-01-21T01:56:57.18771Z",
            "yes_price": 99,
            "no_price": 1,
            "taker_side": "no"
        },
        {
            "trade_id": "3a2a7b38-2ae6-4c17-a1f5-3f317b204656",
            "ticker": "KXHIGHDEN-25JAN20-B9.5",
            "count": 107,
            "created_time": "2025-01-21T01:42:56.676073Z",
            "yes_price": 99,
            "no_price": 1,
            "taker_side": "no"
        },
        {
            "trade_id": "0de39b48-d77e-45a6-bf4b-d35b089defcf",
            "ticker": "KXHIGHDEN-25JAN20-B9.5",
            "count": 3,
            "created_time": "2025-01-20T23:26:42.245033Z",
            "yes_price": 99,
            "no_price": 1,
            "taker_side": "yes"
        },
        {
            "trade_id": "2bd81d6e-75a4-4a34-ab04-0efe64c10979",
            "ticker": "KXHIGHDEN-25JAN20-B9.5",
            "count": 3,
            "created_time": "2025-01-20T23:25:05.922908Z",
            "yes_price": 99,
            "no_price": 1,
            "taker_side": "yes"
        },
        {
            "trade_id": "db3979b2-9bc4-49d1-b714-6c0c3eece142",
            "ticker": "KXHIGHDEN-25JAN20-B9.5",
            "count": 40,
            "created_time": "2025-01-20T23:11:02.287765Z",
            "yes_price": 99,
            "no_price": 1,
            "taker_side": "yes"
        },
        {
            "trade_id": "5886c20d-33ee-4490-beae-450d174bc73d",
            "ticker": "KXHIGHDEN-25JAN20-B9.5",
            "count": 15,
            "created_time": "2025-01-20T23:11:02.287765Z",
            "yes_price": 99,
            "no_price": 1,
            "taker_side": "yes"
        },
        {
            "trade_id": "440893db-12d0-4215-9d12-edd25a8e0ac4",
            "ticker": "KXHIGHDEN-25JAN20-B9.5",
            "count": 37,
            "created_time": "2025-01-20T23:11:02.287765Z",
            "yes_price": 99,
            "no_price": 1,
            "taker_side": "yes"
        },
        {
            "trade_id": "3fd83cae-7b3d-4f57-9e97-2e4628199e05",
            "ticker": "KXHIGHDEN-25JAN20-B9.5",
            "count": 6,
            "created_time": "2025-01-20T23:11:02.287765Z",
            "yes_price": 98,
            "no_price": 2,
            "taker_side": "yes"
        },
        {
            "trade_id": "e51b116b-e3f8-4859-9134-b4d80e9fd80f",
            "ticker": "KXHIGHDEN-25JAN20-B9.5",
            "count": 37,
            "created_time": "2025-01-20T23:08:11.193204Z",
            "yes_price": 99,
            "no_price": 1,
            "taker_side": "yes"
        },
        {
            "trade_id": "ddf45a02-232e-4492-a512-52628c1fd2f4",
            "ticker": "KXHIGHDEN-25JAN20-B9.5",
            "count": 243,
            "created_time": "2025-01-20T23:08:11.193204Z",
            "yes_price": 99,
            "no_price": 1,
            "taker_side": "yes"
        },
        {
            "trade_id": "da31db27-8ce1-465f-acbe-4699b566beed",
            "ticker": "KXHIGHDEN-25JAN20-B9.5",
            "count": 40,
            "created_time": "2025-01-20T23:08:11.193204Z",
            "yes_price": 99,
            "no_price": 1,
            "taker_side": "yes"
        },
        {
            "trade_id": "93f50202-e85c-4d37-94cc-55cd0db8f3fb",
            "ticker": "KXHIGHDEN-25JAN20-B9.5",
            "count": 1,
            "created_time": "2025-01-20T23:08:11.193204Z",
            "yes_price": 99,
            "no_price": 1,
            "taker_side": "yes"
        },
        {
            "trade_id": "8ab6267a-2185-4d30-9941-f4bb8f4a3b8c",
            "ticker": "KXHIGHDEN-25JAN20-B9.5",
            "count": 77,
            "created_time": "2025-01-20T23:08:11.193204Z",
            "yes_price": 99,
            "no_price": 1,
            "taker_side": "yes"
        },
        {
            "trade_id": "25d25ce1-236e-4bf1-90b9-415e17d31f6d",
            "ticker": "KXHIGHDEN-25JAN20-B9.5",
            "count": 11,
            "created_time": "2025-01-20T23:08:11.193204Z",
            "yes_price": 98,
            "no_price": 2,
            "taker_side": "yes"
        },
        {
            "trade_id": "24765a72-993d-410f-9a9e-f3771909e810",
            "ticker": "KXHIGHDEN-25JAN20-B9.5",
            "count": 40,
            "created_time": "2025-01-20T23:08:11.193204Z",
            "yes_price": 99,
            "no_price": 1,
            "taker_side": "yes"
        },
        {
            "trade_id": "9c374b12-4e24-4e71-a41f-142709c4d41c",
            "ticker": "KXHIGHDEN-25JAN20-B9.5",
            "count": 117,
            "created_time": "2025-01-20T22:57:18.868946Z",
            "yes_price": 96,
            "no_price": 4,
            "taker_side": "no"
        },
        {
            "trade_id": "8a37fe4a-26b3-4622-b125-268d364ce4e7",
            "ticker": "KXHIGHDEN-25JAN20-B9.5",
            "count": 100,
            "created_time": "2025-01-20T22:49:34.109933Z",
            "yes_price": 97,
            "no_price": 3,
            "taker_side": "no"
        },
        {
            "trade_id": "56f824d2-cd96-49a0-8fc5-1c1f7703725e",
            "ticker": "KXHIGHDEN-25JAN20-B9.5",
            "count": 10,
            "created_time": "2025-01-20T22:49:34.109933Z",
            "yes_price": 97,
            "no_price": 3,
            "taker_side": "no"
        },
        {
            "trade_id": "b4c35177-455f-4be2-b1a7-b5ba16778b9a",
            "ticker": "KXHIGHDEN-25JAN20-B9.5",
            "count": 17,
            "created_time": "2025-01-20T22:33:27.201257Z",
            "yes_price": 98,
            "no_price": 2,
            "taker_side": "yes"
        },
        {
            "trade_id": "acd4c6f8-3c39-4949-a169-2ff97ad1a828",
            "ticker": "KXHIGHDEN-25JAN20-B9.5",
            "count": 37,
            "created_time": "2025-01-20T22:33:27.201257Z",
            "yes_price": 98,
            "no_price": 2,
            "taker_side": "yes"
        },
        {
            "trade_id": "633df00e-a117-4f34-986e-ca0843d56c8b",
            "ticker": "KXHIGHDEN-25JAN20-B9.5",
            "count": 14,
            "created_time": "2025-01-20T22:33:27.201257Z",
            "yes_price": 98,
            "no_price": 2,
            "taker_side": "yes"
        },
        {
            "trade_id": "b80cc04b-c1d3-416b-aafc-4900394f5809",
            "ticker": "KXHIGHDEN-25JAN20-B9.5",
            "count": 3,
            "created_time": "2025-01-20T22:32:44.859731Z",
            "yes_price": 98,
            "no_price": 2,
            "taker_side": "yes"
        },
        {
            "trade_id": "9d68211c-5ee9-4a17-8e2d-e18de1e75d51",
            "ticker": "KXHIGHDEN-25JAN20-B9.5",
            "count": 18,
            "created_time": "2025-01-20T22:30:00.310996Z",
            "yes_price": 98,
            "no_price": 2,
            "taker_side": "yes"
        },
        {
            "trade_id": "66405922-8cef-4946-8d01-21bbaff0bc96",
            "ticker": "KXHIGHDEN-25JAN20-B9.5",
            "count": 72,
            "created_time": "2025-01-20T22:30:00.310996Z",
            "yes_price": 99,
            "no_price": 1,
            "taker_side": "yes"
        },
        {
            "trade_id": "24faf792-e460-4fa4-b3cd-e68dcbfa6d96",
            "ticker": "KXHIGHDEN-25JAN20-B9.5",
            "count": 40,
            "created_time": "2025-01-20T22:30:00.310996Z",
            "yes_price": 98,
            "no_price": 2,
            "taker_side": "yes"
        },
        {
            "trade_id": "2482c4f2-8675-4502-87eb-ab0744a65cb7",
            "ticker": "KXHIGHDEN-25JAN20-B9.5",
            "count": 100,
            "created_time": "2025-01-20T22:19:12.492302Z",
            "yes_price": 97,
            "no_price": 3,
            "taker_side": "yes"
        },
        {
            "trade_id": "757672ae-195d-430c-9fe9-60e1961494a6",
            "ticker": "KXHIGHDEN-25JAN20-B9.5",
            "count": 2,
            "created_time": "2025-01-20T21:59:51.623356Z",
            "yes_price": 96,
            "no_price": 4,
            "taker_side": "no"
        },
        {
            "trade_id": "5446c8ae-736e-46eb-bc9a-507e2ff837f8",
            "ticker": "KXHIGHDEN-25JAN20-B9.5",
            "count": 23,
            "created_time": "2025-01-20T21:57:17.376647Z",
            "yes_price": 96,
            "no_price": 4,
            "taker_side": "no"
        },
        {
            "trade_id": "d07735ce-1460-42bb-9ac2-b2d4c5a9346f",
            "ticker": "KXHIGHDEN-25JAN20-B9.5",
            "count": 1,
            "created_time": "2025-01-20T21:32:33.476018Z",
            "yes_price": 95,
            "no_price": 5,
            "taker_side": "no"
        },
        {
            "trade_id": "a698ab1f-2ac4-4275-9bec-8db4d6de3410",
            "ticker": "KXHIGHDEN-25JAN20-B9.5",
            "count": 40,
            "created_time": "2025-01-20T21:30:11.070327Z",
            "yes_price": 98,
            "no_price": 2,
            "taker_side": "yes"
        },
        {
            "trade_id": "1db29cc4-b27a-4bd7-b723-ac262c10669a",
            "ticker": "KXHIGHDEN-25JAN20-B9.5",
            "count": 19,
            "created_time": "2025-01-20T21:30:11.070327Z",
            "yes_price": 98,
            "no_price": 2,
            "taker_side": "yes"
        },
        {
            "trade_id": "bdb1e136-27d8-4d17-a340-fd0422f2eaea",
            "ticker": "KXHIGHDEN-25JAN20-B9.5",
            "count": 7,
            "created_time": "2025-01-20T21:12:27.965819Z",
            "yes_price": 98,
            "no_price": 2,
            "taker_side": "yes"
        },
        {
            "trade_id": "3d2a058d-3024-465f-8dff-6080568a2bb2",
            "ticker": "KXHIGHDEN-25JAN20-B9.5",
            "count": 7,
            "created_time": "2025-01-20T21:12:27.965819Z",
            "yes_price": 98,
            "no_price": 2,
            "taker_side": "yes"
        },
        {
            "trade_id": "04d10d9e-101c-4bf1-8086-1dc9c0689679",
            "ticker": "KXHIGHDEN-25JAN20-B9.5",
            "count": 185,
            "created_time": "2025-01-20T21:12:27.965819Z",
            "yes_price": 99,
            "no_price": 1,
            "taker_side": "yes"
        },
        {
            "trade_id": "92a925cb-188d-47a2-8085-c8edf165af1c",
            "ticker": "KXHIGHDEN-25JAN20-B9.5",
            "count": 15,
            "created_time": "2025-01-20T21:10:49.706974Z",
            "yes_price": 98,
            "no_price": 2,
            "taker_side": "yes"
        },
        {
            "trade_id": "4e664288-4f5c-468d-b955-ab4506f5e00a",
            "ticker": "KXHIGHDEN-25JAN20-B9.5",
            "count": 40,
            "created_time": "2025-01-20T21:10:49.706974Z",
            "yes_price": 98,
            "no_price": 2,
            "taker_side": "yes"
        },
        {
            "trade_id": "af6084ea-8fc0-4ad6-8bee-3471ee714317",
            "ticker": "KXHIGHDEN-25JAN20-B9.5",
            "count": 25,
            "created_time": "2025-01-20T20:58:19.642208Z",
            "yes_price": 98,
            "no_price": 2,
            "taker_side": "yes"
        },
        {
            "trade_id": "8ec9fd09-3ccf-4053-857c-9a67920abce6",
            "ticker": "KXHIGHDEN-25JAN20-B9.5",
            "count": 1,
            "created_time": "2025-01-20T20:58:19.642208Z",
            "yes_price": 97,
            "no_price": 3,
            "taker_side": "yes"
        },
        {
            "trade_id": "7796e1f7-d220-4526-af6e-8f35e440a3dd",
            "ticker": "KXHIGHDEN-25JAN20-B9.5",
            "count": 40,
            "created_time": "2025-01-20T20:58:19.642208Z",
            "yes_price": 98,
            "no_price": 2,
            "taker_side": "yes"
        },
        {
            "trade_id": "32059288-2131-4e5c-9b3c-2ab80300c6bb",
            "ticker": "KXHIGHDEN-25JAN20-B9.5",
            "count": 2,
            "created_time": "2025-01-20T20:54:26.170807Z",
            "yes_price": 97,
            "no_price": 3,
            "taker_side": "yes"
        },
        {
            "trade_id": "8cd80c67-0e5b-4bcb-a6b5-d3239c308234",
            "ticker": "KXHIGHDEN-25JAN20-B9.5",
            "count": 7,
            "created_time": "2025-01-20T20:52:53.63585Z",
            "yes_price": 96,
            "no_price": 4,
            "taker_side": "yes"
        },
        {
            "trade_id": "fb090ac0-9e97-46d8-984a-a9555b9c12ca",
            "ticker": "KXHIGHDEN-25JAN20-B9.5",
            "count": 1,
            "created_time": "2025-01-20T20:36:11.820699Z",
            "yes_price": 96,
            "no_price": 4,
            "taker_side": "yes"
        },
        {
            "trade_id": "ac841d74-e9fc-4213-9126-73b6aa8ec693",
            "ticker": "KXHIGHDEN-25JAN20-B9.5",
            "count": 16,
            "created_time": "2025-01-20T20:35:20.338479Z",
            "yes_price": 94,
            "no_price": 6,
            "taker_side": "no"
        },
        {
            "trade_id": "db09e0d0-6b68-42a1-a21f-f17c4af06d8f",
            "ticker": "KXHIGHDEN-25JAN20-B9.5",
            "count": 6,
            "created_time": "2025-01-20T19:59:53.797551Z",
            "yes_price": 98,
            "no_price": 2,
            "taker_side": "yes"
        },
        {
            "trade_id": "f2b6b572-4c3f-4f0c-82bd-0119c5921b36",
            "ticker": "KXHIGHDEN-25JAN20-B9.5",
            "count": 40,
            "created_time": "2025-01-20T19:59:31.038177Z",
            "yes_price": 98,
            "no_price": 2,
            "taker_side": "yes"
        },
        {
            "trade_id": "ef9aca42-19f6-4f44-b44a-dba0130765b5",
            "ticker": "KXHIGHDEN-25JAN20-B9.5",
            "count": 29,
            "created_time": "2025-01-20T19:59:31.038177Z",
            "yes_price": 98,
            "no_price": 2,
            "taker_side": "yes"
        },
        {
            "trade_id": "87e03dcc-b25a-401c-b09c-cdef75705e2c",
            "ticker": "KXHIGHDEN-25JAN20-B9.5",
            "count": 60,
            "created_time": "2025-01-20T19:58:14.553518Z",
            "yes_price": 96,
            "no_price": 4,
            "taker_side": "no"
        },
        {
            "trade_id": "2400e859-d1a9-4ee7-9115-576af87a3315",
            "ticker": "KXHIGHDEN-25JAN20-B9.5",
            "count": 10,
            "created_time": "2025-01-20T19:58:14.553518Z",
            "yes_price": 97,
            "no_price": 3,
            "taker_side": "no"
        },
        {
            "trade_id": "9e1a00ce-40c6-4369-8095-70530f17528b",
            "ticker": "KXHIGHDEN-25JAN20-B9.5",
            "count": 4,
            "created_time": "2025-01-20T19:42:23.549238Z",
            "yes_price": 97,
            "no_price": 3,
            "taker_side": "no"
        },
        {
            "trade_id": "1dc62c2f-021c-45c1-9ffa-3e3ff3b3729b",
            "ticker": "KXHIGHDEN-25JAN20-B9.5",
            "count": 40,
            "created_time": "2025-01-20T19:41:43.006213Z",
            "yes_price": 98,
            "no_price": 2,
            "taker_side": "yes"
        },
        {
            "trade_id": "ff3c9e0a-89c6-4bfe-a4a2-5d3b787ca344",
            "ticker": "KXHIGHDEN-25JAN20-B9.5",
            "count": 36,
            "created_time": "2025-01-20T19:41:38.589543Z",
            "yes_price": 97,
            "no_price": 3,
            "taker_side": "yes"
        },
        {
            "trade_id": "27a872ee-c581-4648-9bb5-ad8dbb1ca523",
            "ticker": "KXHIGHDEN-25JAN20-B9.5",
            "count": 1,
            "created_time": "2025-01-20T19:41:27.436622Z",
            "yes_price": 97,
            "no_price": 3,
            "taker_side": "yes"
        },
        {
            "trade_id": "b70dbcb3-1cf3-48be-a7f7-d870eb9884e2",
            "ticker": "KXHIGHDEN-25JAN20-B9.5",
            "count": 1,
            "created_time": "2025-01-20T19:41:24.734301Z",
            "yes_price": 97,
            "no_price": 3,
            "taker_side": "yes"
        },
        {
            "trade_id": "51a64f50-aeed-452e-a5b4-fb625fb61662",
            "ticker": "KXHIGHDEN-25JAN20-B9.5",
            "count": 1,
            "created_time": "2025-01-20T19:41:15.807012Z",
            "yes_price": 97,
            "no_price": 3,
            "taker_side": "yes"
        },
        {
            "trade_id": "4140c108-ec57-4814-b182-6eb229b04b1f",
            "ticker": "KXHIGHDEN-25JAN20-B9.5",
            "count": 1,
            "created_time": "2025-01-20T19:40:15.685735Z",
            "yes_price": 97,
            "no_price": 3,
            "taker_side": "yes"
        },
        {
            "trade_id": "9275fc13-7eb0-4225-9587-63a8b1b4c41b",
            "ticker": "KXHIGHDEN-25JAN20-B9.5",
            "count": 40,
            "created_time": "2025-01-20T19:24:36.479618Z",
            "yes_price": 97,
            "no_price": 3,
            "taker_side": "yes"
        },
        {
            "trade_id": "d02b35b7-3de3-4480-ab28-cc875010bbbc",
            "ticker": "KXHIGHDEN-25JAN20-B9.5",
            "count": 5,
            "created_time": "2025-01-20T19:07:03.831662Z",
            "yes_price": 98,
            "no_price": 2,
            "taker_side": "yes"
        },
        {
            "trade_id": "6a1ed85d-b62d-4245-a77e-5ce758de7e3e",
            "ticker": "KXHIGHDEN-25JAN20-B9.5",
            "count": 14,
            "created_time": "2025-01-20T19:07:03.831662Z",
            "yes_price": 96,
            "no_price": 4,
            "taker_side": "yes"
        },
        {
            "trade_id": "4ccc798d-d2ea-46d7-af9c-a2635d1c4230",
            "ticker": "KXHIGHDEN-25JAN20-B9.5",
            "count": 3,
            "created_time": "2025-01-20T19:07:03.831662Z",
            "yes_price": 98,
            "no_price": 2,
            "taker_side": "yes"
        },
        {
            "trade_id": "498b1713-de34-4122-bd7c-7e12b6530784",
            "ticker": "KXHIGHDEN-25JAN20-B9.5",
            "count": 40,
            "created_time": "2025-01-20T19:07:03.831662Z",
            "yes_price": 97,
            "no_price": 3,
            "taker_side": "yes"
        },
        {
            "trade_id": "222ea3cf-37d6-4d6f-8d1e-7f269bf18565",
            "ticker": "KXHIGHDEN-25JAN20-B9.5",
            "count": 40,
            "created_time": "2025-01-20T19:07:03.831662Z",
            "yes_price": 97,
            "no_price": 3,
            "taker_side": "yes"
        },
        {
            "trade_id": "bf0bab68-544d-4bf8-90ec-dc5b0a246814",
            "ticker": "KXHIGHDEN-25JAN20-B9.5",
            "count": 135,
            "created_time": "2025-01-20T18:57:19.965601Z",
            "yes_price": 87,
            "no_price": 13,
            "taker_side": "no"
        },
        {
            "trade_id": "acccc22b-3a53-450a-9eeb-339b11527ee5",
            "ticker": "KXHIGHDEN-25JAN20-B9.5",
            "count": 10,
            "created_time": "2025-01-20T18:57:19.965601Z",
            "yes_price": 88,
            "no_price": 12,
            "taker_side": "no"
        },
        {
            "trade_id": "d3e34081-bacd-46f7-8ca2-ce3ac7f06770",
            "ticker": "KXHIGHDEN-25JAN20-B9.5",
            "count": 40,
            "created_time": "2025-01-20T18:53:34.982232Z",
            "yes_price": 96,
            "no_price": 4,
            "taker_side": "yes"
        },
        {
            "trade_id": "3f883799-8141-4f78-a2d1-d7e2643d6e3c",
            "ticker": "KXHIGHDEN-25JAN20-B9.5",
            "count": 11,
            "created_time": "2025-01-20T18:53:34.982232Z",
            "yes_price": 96,
            "no_price": 4,
            "taker_side": "yes"
        },
        {
            "trade_id": "bce15b2c-0f04-4081-af80-50f334f0df53",
            "ticker": "KXHIGHDEN-25JAN20-B9.5",
            "count": 35,
            "created_time": "2025-01-20T18:42:15.803599Z",
            "yes_price": 87,
            "no_price": 13,
            "taker_side": "no"
        },
        {
            "trade_id": "8f7b1b8c-455b-4bf9-a861-ddd01ac35a84",
            "ticker": "KXHIGHDEN-25JAN20-B9.5",
            "count": 15,
            "created_time": "2025-01-20T18:42:15.803599Z",
            "yes_price": 90,
            "no_price": 10,
            "taker_side": "no"
        },
        {
            "trade_id": "e434cd55-169a-483a-a5f6-1bddb121ff01",
            "ticker": "KXHIGHDEN-25JAN20-B9.5",
            "count": 25,
            "created_time": "2025-01-20T18:36:53.431364Z",
            "yes_price": 88,
            "no_price": 12,
            "taker_side": "no"
        },
        {
            "trade_id": "a33f24f3-d77d-46a5-85e4-ddd4568fdb41",
            "ticker": "KXHIGHDEN-25JAN20-B9.5",
            "count": 195,
            "created_time": "2025-01-20T18:36:53.431364Z",
            "yes_price": 86,
            "no_price": 14,
            "taker_side": "no"
        },
        {
            "trade_id": "f5c6f2a4-1433-42ff-bf69-947922c321dc",
            "ticker": "KXHIGHDEN-25JAN20-B9.5",
            "count": 25,
            "created_time": "2025-01-20T18:27:01.835997Z",
            "yes_price": 96,
            "no_price": 4,
            "taker_side": "yes"
        },
        {
            "trade_id": "fbb453c1-af04-4760-8abd-a487591eeee8",
            "ticker": "KXHIGHDEN-25JAN20-B9.5",
            "count": 1,
            "created_time": "2025-01-20T17:26:56.835705Z",
            "yes_price": 95,
            "no_price": 5,
            "taker_side": "yes"
        },
        {
            "trade_id": "f1f98cad-1eba-45b9-8265-84c01104431f",
            "ticker": "KXHIGHDEN-25JAN20-B9.5",
            "count": 6,
            "created_time": "2025-01-20T17:26:56.835705Z",
            "yes_price": 98,
            "no_price": 2,
            "taker_side": "yes"
        },
        {
            "trade_id": "e84120ab-d31f-4a32-a701-48d58dab8c7c",
            "ticker": "KXHIGHDEN-25JAN20-B9.5",
            "count": 40,
            "created_time": "2025-01-20T17:26:56.835705Z",
            "yes_price": 96,
            "no_price": 4,
            "taker_side": "yes"
        },
        {
            "trade_id": "778a1f5f-fea1-459c-957e-4248e38aadb1",
            "ticker": "KXHIGHDEN-25JAN20-B9.5",
            "count": 1,
            "created_time": "2025-01-20T17:26:56.835705Z",
            "yes_price": 94,
            "no_price": 6,
            "taker_side": "yes"
        },
        {
            "trade_id": "701ee174-e3a6-450d-8486-cff76cd027c0",
            "ticker": "KXHIGHDEN-25JAN20-B9.5",
            "count": 40,
            "created_time": "2025-01-20T17:26:56.835705Z",
            "yes_price": 93,
            "no_price": 7,
            "taker_side": "yes"
        },
        {
            "trade_id": "65fdbb37-a97c-4294-8e56-a95a89122782",
            "ticker": "KXHIGHDEN-25JAN20-B9.5",
            "count": 1,
            "created_time": "2025-01-20T17:26:56.835705Z",
            "yes_price": 93,
            "no_price": 7,
            "taker_side": "yes"
        },
        {
            "trade_id": "61ab2b3e-1f53-414b-9e73-73eb5113d6f7",
            "ticker": "KXHIGHDEN-25JAN20-B9.5",
            "count": 13,
            "created_time": "2025-01-20T17:26:56.835705Z",
            "yes_price": 93,
            "no_price": 7,
            "taker_side": "yes"
        },
        {
            "trade_id": "5a2421ef-dc26-4d1b-a813-0caf3c24bfb4",
            "ticker": "KXHIGHDEN-25JAN20-B9.5",
            "count": 1,
            "created_time": "2025-01-20T17:26:56.835705Z",
            "yes_price": 98,
            "no_price": 2,
            "taker_side": "yes"
        },
        {
            "trade_id": "4341f4d0-4eb8-45ae-b7b4-8a52eb4b6bf4",
            "ticker": "KXHIGHDEN-25JAN20-B9.5",
            "count": 1,
            "created_time": "2025-01-20T17:26:56.835705Z",
            "yes_price": 96,
            "no_price": 4,
            "taker_side": "yes"
        },
        {
            "trade_id": "0efad7b1-66bf-4233-9846-aaa028db22f5",
            "ticker": "KXHIGHDEN-25JAN20-B9.5",
            "count": 1,
            "created_time": "2025-01-20T17:26:56.835705Z",
            "yes_price": 97,
            "no_price": 3,
            "taker_side": "yes"
        },
        {
            "trade_id": "aaad9d0a-2045-40cb-be79-695a51f4d4f8",
            "ticker": "KXHIGHDEN-25JAN20-B9.5",
            "count": 113,
            "created_time": "2025-01-20T17:23:47.757233Z",
            "yes_price": 86,
            "no_price": 14,
            "taker_side": "no"
        },
        {
            "trade_id": "4b3e545c-1d50-4ff8-841a-12134401169b",
            "ticker": "KXHIGHDEN-25JAN20-B9.5",
            "count": 79,
            "created_time": "2025-01-20T17:23:47.757233Z",
            "yes_price": 85,
            "no_price": 15,
            "taker_side": "no"
        },
        {
            "trade_id": "f0ecf5f7-7400-49a5-bcd2-2030b429545e",
            "ticker": "KXHIGHDEN-25JAN20-B9.5",
            "count": 9,
            "created_time": "2025-01-20T17:14:48.143194Z",
            "yes_price": 85,
            "no_price": 15,
            "taker_side": "no"
        },
        {
            "trade_id": "944d0262-75cc-4e0b-85a5-d6da91e6cdae",
            "ticker": "KXHIGHDEN-25JAN20-B9.5",
            "count": 23,
            "created_time": "2025-01-20T17:14:48.143194Z",
            "yes_price": 86,
            "no_price": 14,
            "taker_side": "no"
        },
        {
            "trade_id": "a87b5506-acd2-4c1c-9207-3cf9cdd6302d",
            "ticker": "KXHIGHDEN-25JAN20-B9.5",
            "count": 119,
            "created_time": "2025-01-20T17:02:22.915593Z",
            "yes_price": 92,
            "no_price": 8,
            "taker_side": "yes"
        },
        {
            "trade_id": "7d101bdd-1ea5-4c1f-8320-0311096bbc78",
            "ticker": "KXHIGHDEN-25JAN20-B9.5",
            "count": 7,
            "created_time": "2025-01-20T17:02:22.915593Z",
            "yes_price": 92,
            "no_price": 8,
            "taker_side": "yes"
        },
        {
            "trade_id": "3c5677e6-5d66-48b8-abe3-dae840ccc844",
            "ticker": "KXHIGHDEN-25JAN20-B9.5",
            "count": 32,
            "created_time": "2025-01-20T17:02:22.915593Z",
            "yes_price": 93,
            "no_price": 7,
            "taker_side": "yes"
        },
        {
            "trade_id": "f6f6e0d6-fed3-4227-ab96-89fbf034f82a",
            "ticker": "KXHIGHDEN-25JAN20-B9.5",
            "count": 8,
            "created_time": "2025-01-20T16:52:47.565956Z",
            "yes_price": 93,
            "no_price": 7,
            "taker_side": "yes"
        },
        {
            "trade_id": "f0c0fc34-afa7-4d2d-b7a3-ea58eca8f969",
            "ticker": "KXHIGHDEN-25JAN20-B9.5",
            "count": 7,
            "created_time": "2025-01-20T16:52:47.565956Z",
            "yes_price": 92,
            "no_price": 8,
            "taker_side": "yes"
        },
        {
            "trade_id": "cc6e8d65-30b4-4311-b4c0-e7e1fe70530f",
            "ticker": "KXHIGHDEN-25JAN20-B9.5",
            "count": 12,
            "created_time": "2025-01-20T16:52:38.346513Z",
            "yes_price": 92,
            "no_price": 8,
            "taker_side": "yes"
        },
        {
            "trade_id": "eb8fa67d-df2f-4a71-b2cb-e0c8fd3b322d",
            "ticker": "KXHIGHDEN-25JAN20-B9.5",
            "count": 16,
            "created_time": "2025-01-20T16:52:28.938367Z",
            "yes_price": 92,
            "no_price": 8,
            "taker_side": "yes"
        },
        {
            "trade_id": "82283418-0a6d-436d-840c-e76ae09dc69a",
            "ticker": "KXHIGHDEN-25JAN20-B9.5",
            "count": 2,
            "created_time": "2025-01-20T16:52:28.938367Z",
            "yes_price": 92,
            "no_price": 8,
            "taker_side": "yes"
        },
        {
            "trade_id": "c64d0ca7-9ec1-407d-8f81-07274f95a17b",
            "ticker": "KXHIGHDEN-25JAN20-B9.5",
            "count": 21,
            "created_time": "2025-01-20T16:17:04.634742Z",
            "yes_price": 82,
            "no_price": 18,
            "taker_side": "no"
        },
        {
            "trade_id": "29a6fccf-d125-4d9a-9564-5e4b4267daf3",
            "ticker": "KXHIGHDEN-25JAN20-B9.5",
            "count": 5,
            "created_time": "2025-01-20T16:14:46.758637Z",
            "yes_price": 82,
            "no_price": 18,
            "taker_side": "no"
        },
        {
            "trade_id": "d26447d4-b59b-4273-82ea-43ce91a3a876",
            "ticker": "KXHIGHDEN-25JAN20-B9.5",
            "count": 1,
            "created_time": "2025-01-20T15:56:03.638414Z",
            "yes_price": 87,
            "no_price": 13,
            "taker_side": "no"
        },
        {
            "trade_id": "c60fbdac-75d0-4d8f-bb24-2119883a6fc7",
            "ticker": "KXHIGHDEN-25JAN20-B9.5",
            "count": 107,
            "created_time": "2025-01-20T15:56:03.638414Z",
            "yes_price": 82,
            "no_price": 18,
            "taker_side": "no"
        },
        {
            "trade_id": "060b2566-fdb4-43ed-b5b2-18ae61c42841",
            "ticker": "KXHIGHDEN-25JAN20-B9.5",
            "count": 19,
            "created_time": "2025-01-20T15:56:03.638414Z",
            "yes_price": 83,
            "no_price": 17,
            "taker_side": "no"
        },
        {
            "trade_id": "32bb39f7-9c85-4d9e-975c-09127ab31743",
            "ticker": "KXHIGHDEN-25JAN20-B9.5",
            "count": 11,
            "created_time": "2025-01-20T15:35:09.256222Z",
            "yes_price": 87,
            "no_price": 13,
            "taker_side": "yes"
        },
        {
            "trade_id": "4f49d8dd-6540-4c56-93af-9629cb620e26",
            "ticker": "KXHIGHDEN-25JAN20-B9.5",
            "count": 1,
            "created_time": "2025-01-20T15:31:12.737065Z",
            "yes_price": 85,
            "no_price": 15,
            "taker_side": "no"
        },
        {
            "trade_id": "f8742652-1cdf-405a-87bc-51242968c289",
            "ticker": "KXHIGHDEN-25JAN20-B9.5",
            "count": 1,
            "created_time": "2025-01-20T15:31:10.101247Z",
            "yes_price": 85,
            "no_price": 15,
            "taker_side": "no"
        },
        {
            "trade_id": "d504ac50-8419-475f-940d-20f4896d793d",
            "ticker": "KXHIGHDEN-25JAN20-B9.5",
            "count": 1,
            "created_time": "2025-01-20T15:31:07.216303Z",
            "yes_price": 85,
            "no_price": 15,
            "taker_side": "no"
        },
        {
            "trade_id": "285287e7-e493-4491-93db-4ddaa9cf131e",
            "ticker": "KXHIGHDEN-25JAN20-B9.5",
            "count": 1,
            "created_time": "2025-01-20T15:31:05.04626Z",
            "yes_price": 85,
            "no_price": 15,
            "taker_side": "no"
        },
        {
            "trade_id": "0e2aa568-07d0-4b6a-b68e-85c3710e577f",
            "ticker": "KXHIGHDEN-25JAN20-B9.5",
            "count": 1,
            "created_time": "2025-01-20T15:31:02.910367Z",
            "yes_price": 85,
            "no_price": 15,
            "taker_side": "no"
        },
        {
            "trade_id": "b5671798-d555-4111-a1a4-c6b73f47740c",
            "ticker": "KXHIGHDEN-25JAN20-B9.5",
            "count": 1,
            "created_time": "2025-01-20T15:31:00.076807Z",
            "yes_price": 85,
            "no_price": 15,
            "taker_side": "no"
        },
        {
            "trade_id": "8375d760-a3e4-4551-bc53-7a42e3c85ead",
            "ticker": "KXHIGHDEN-25JAN20-B9.5",
            "count": 2,
            "created_time": "2025-01-20T15:30:56.793106Z",
            "yes_price": 85,
            "no_price": 15,
            "taker_side": "no"
        },
        {
            "trade_id": "5baf0809-33ef-4b51-9ae9-1d9ab210c04a",
            "ticker": "KXHIGHDEN-25JAN20-B9.5",
            "count": 1,
            "created_time": "2025-01-20T15:30:53.586668Z",
            "yes_price": 85,
            "no_price": 15,
            "taker_side": "no"
        },
        {
            "trade_id": "d6003d1f-ab02-4db2-b337-54bb7ff4162f",
            "ticker": "KXHIGHDEN-25JAN20-B9.5",
            "count": 1,
            "created_time": "2025-01-20T15:30:50.434107Z",
            "yes_price": 85,
            "no_price": 15,
            "taker_side": "no"
        },
        {
            "trade_id": "2d577158-ffb0-4ccf-801b-600aa831c2da",
            "ticker": "KXHIGHDEN-25JAN20-B9.5",
            "count": 100,
            "created_time": "2025-01-20T15:28:16.8626Z",
            "yes_price": 85,
            "no_price": 15,
            "taker_side": "yes"
        },
        {
            "trade_id": "92a131a3-90f0-487c-886c-2fb8dc88b481",
            "ticker": "KXHIGHDEN-25JAN20-B9.5",
            "count": 58,
            "created_time": "2025-01-20T15:27:45.889216Z",
            "yes_price": 85,
            "no_price": 15,
            "taker_side": "yes"
        },
        {
            "trade_id": "72a57934-8ae9-4235-b92f-1383b285f7bf",
            "ticker": "KXHIGHDEN-25JAN20-B9.5",
            "count": 22,
            "created_time": "2025-01-20T15:27:45.889216Z",
            "yes_price": 85,
            "no_price": 15,
            "taker_side": "yes"
        },
        {
            "trade_id": "4f5a1dd6-e0d0-4a08-8684-91eef1f37e84",
            "ticker": "KXHIGHDEN-25JAN20-B9.5",
            "count": 17,
            "created_time": "2025-01-20T15:27:45.889216Z",
            "yes_price": 85,
            "no_price": 15,
            "taker_side": "yes"
        },
        {
            "trade_id": "4d134f3c-958f-44e6-b588-ccf10f606aea",
            "ticker": "KXHIGHDEN-25JAN20-B9.5",
            "count": 3,
            "created_time": "2025-01-20T15:27:45.889216Z",
            "yes_price": 84,
            "no_price": 16,
            "taker_side": "yes"
        },
        {
            "trade_id": "df466e48-26aa-4f2f-a3b9-f0665ff8cd84",
            "ticker": "KXHIGHDEN-25JAN20-B9.5",
            "count": 3,
            "created_time": "2025-01-20T15:27:24.878481Z",
            "yes_price": 84,
            "no_price": 16,
            "taker_side": "yes"
        },
        {
            "trade_id": "a853cd22-cf4b-4752-8e31-ac8a70eb5bab",
            "ticker": "KXHIGHDEN-25JAN20-B9.5",
            "count": 5,
            "created_time": "2025-01-20T15:27:11.169072Z",
            "yes_price": 84,
            "no_price": 16,
            "taker_side": "yes"
        },
        {
            "trade_id": "481279dc-4654-4e74-b291-a48abca32ae4",
            "ticker": "KXHIGHDEN-25JAN20-B9.5",
            "count": 1,
            "created_time": "2025-01-20T15:24:23.37598Z",
            "yes_price": 83,
            "no_price": 17,
            "taker_side": "no"
        },
        {
            "trade_id": "736bc7ef-39b7-43e5-aaaf-f9d62849eaf9",
            "ticker": "KXHIGHDEN-25JAN20-B9.5",
            "count": 1,
            "created_time": "2025-01-20T15:19:00.380582Z",
            "yes_price": 82,
            "no_price": 18,
            "taker_side": "no"
        },
        {
            "trade_id": "d1e19f7f-e6f5-4257-bdf7-a6142d2598b4",
            "ticker": "KXHIGHDEN-25JAN20-B9.5",
            "count": 1,
            "created_time": "2025-01-20T15:12:23.220619Z",
            "yes_price": 82,
            "no_price": 18,
            "taker_side": "no"
        },
        {
            "trade_id": "bb061f9b-198b-49b8-a9ee-b7d948d5d22f",
            "ticker": "KXHIGHDEN-25JAN20-B9.5",
            "count": 30,
            "created_time": "2025-01-20T15:08:43.410105Z",
            "yes_price": 85,
            "no_price": 15,
            "taker_side": "yes"
        },
        {
            "trade_id": "2ec04255-e3f9-42da-a70f-b3929822e024",
            "ticker": "KXHIGHDEN-25JAN20-B9.5",
            "count": 20,
            "created_time": "2025-01-20T15:08:43.410105Z",
            "yes_price": 85,
            "no_price": 15,
            "taker_side": "yes"
        },
        {
            "trade_id": "e38d9e57-95f8-44a4-be46-f99dc29596ed",
            "ticker": "KXHIGHDEN-25JAN20-B9.5",
            "count": 62,
            "created_time": "2025-01-20T15:07:40.451505Z",
            "yes_price": 84,
            "no_price": 16,
            "taker_side": "yes"
        },
        {
            "trade_id": "13ca4b1c-38e5-412d-9c5e-7ac0a69e9f88",
            "ticker": "KXHIGHDEN-25JAN20-B9.5",
            "count": 6,
            "created_time": "2025-01-20T15:07:40.451505Z",
            "yes_price": 83,
            "no_price": 17,
            "taker_side": "yes"
        },
        {
            "trade_id": "4ceb905c-b7c8-4af4-984f-7345491be106",
            "ticker": "KXHIGHDEN-25JAN20-B9.5",
            "count": 5,
            "created_time": "2025-01-20T15:00:43.901255Z",
            "yes_price": 79,
            "no_price": 21,
            "taker_side": "yes"
        },
        {
            "trade_id": "97dddbaa-fa88-41d0-86f0-736911cc738b",
            "ticker": "KXHIGHDEN-25JAN20-B9.5",
            "count": 113,
            "created_time": "2025-01-20T14:58:51.289799Z",
            "yes_price": 80,
            "no_price": 20,
            "taker_side": "yes"
        },
        {
            "trade_id": "7505e2b7-cbba-4cc5-ac75-b007c04303ee",
            "ticker": "KXHIGHDEN-25JAN20-B9.5",
            "count": 2,
            "created_time": "2025-01-20T14:58:51.289799Z",
            "yes_price": 79,
            "no_price": 21,
            "taker_side": "yes"
        },
        {
            "trade_id": "4f3c180b-fd36-40ff-9e51-6a36014a9b57",
            "ticker": "KXHIGHDEN-25JAN20-B9.5",
            "count": 50,
            "created_time": "2025-01-20T14:58:51.289799Z",
            "yes_price": 79,
            "no_price": 21,
            "taker_side": "yes"
        },
        {
            "trade_id": "96a16e91-0ec0-455e-83f8-078256bea179",
            "ticker": "KXHIGHDEN-25JAN20-B9.5",
            "count": 3,
            "created_time": "2025-01-20T14:58:28.614002Z",
            "yes_price": 77,
            "no_price": 23,
            "taker_side": "yes"
        },
        {
            "trade_id": "077df259-5c2e-4620-8556-bd7b19e4ca42",
            "ticker": "KXHIGHDEN-25JAN20-B9.5",
            "count": 240,
            "created_time": "2025-01-20T14:58:28.614002Z",
            "yes_price": 79,
            "no_price": 21,
            "taker_side": "yes"
        },
        {
            "trade_id": "ad28608c-1fb1-4d79-8a0b-b5af5ffe34ae",
            "ticker": "KXHIGHDEN-25JAN20-B9.5",
            "count": 13,
            "created_time": "2025-01-20T14:58:23.061723Z",
            "yes_price": 77,
            "no_price": 23,
            "taker_side": "no"
        },
        {
            "trade_id": "d700a1c6-75fd-4fdb-8e56-ccce8d40556d",
            "ticker": "KXHIGHDEN-25JAN20-B9.5",
            "count": 240,
            "created_time": "2025-01-20T14:57:43.194373Z",
            "yes_price": 79,
            "no_price": 21,
            "taker_side": "yes"
        },
        {
            "trade_id": "d170d490-f48a-4fa4-82e9-d9e88ea1aa14",
            "ticker": "KXHIGHDEN-25JAN20-B9.5",
            "count": 50,
            "created_time": "2025-01-20T14:57:43.194373Z",
            "yes_price": 76,
            "no_price": 24,
            "taker_side": "yes"
        },
        {
            "trade_id": "bf6c8c3c-6a11-44d4-b2f6-9c4172a02544",
            "ticker": "KXHIGHDEN-25JAN20-B9.5",
            "count": 6,
            "created_time": "2025-01-20T14:57:43.194373Z",
            "yes_price": 77,
            "no_price": 23,
            "taker_side": "yes"
        },
        {
            "trade_id": "a0e77102-bde1-4d12-b37c-12c09dfd96c5",
            "ticker": "KXHIGHDEN-25JAN20-B9.5",
            "count": 100,
            "created_time": "2025-01-20T14:57:43.194373Z",
            "yes_price": 82,
            "no_price": 18,
            "taker_side": "yes"
        },
        {
            "trade_id": "99b8075b-696a-41af-b9cc-159286d90248",
            "ticker": "KXHIGHDEN-25JAN20-B9.5",
            "count": 10,
            "created_time": "2025-01-20T14:57:43.194373Z",
            "yes_price": 77,
            "no_price": 23,
            "taker_side": "yes"
        },
        {
            "trade_id": "44f8eee3-4f71-42a9-b81f-e2a6cb8b2148",
            "ticker": "KXHIGHDEN-25JAN20-B9.5",
            "count": 3,
            "created_time": "2025-01-20T14:57:43.194373Z",
            "yes_price": 76,
            "no_price": 24,
            "taker_side": "yes"
        },
        {
            "trade_id": "3c69d742-6f8e-44a5-91f7-71393a0b8307",
            "ticker": "KXHIGHDEN-25JAN20-B9.5",
            "count": 1,
            "created_time": "2025-01-20T14:57:43.194373Z",
            "yes_price": 77,
            "no_price": 23,
            "taker_side": "yes"
        },
        {
            "trade_id": "3a7e5fa2-37ee-4138-a109-d6694d4e8efe",
            "ticker": "KXHIGHDEN-25JAN20-B9.5",
            "count": 100,
            "created_time": "2025-01-20T14:57:43.194373Z",
            "yes_price": 80,
            "no_price": 20,
            "taker_side": "yes"
        },
        {
            "trade_id": "0bdb7b44-edf9-4f11-8913-d55e19fe990c",
            "ticker": "KXHIGHDEN-25JAN20-B9.5",
            "count": 240,
            "created_time": "2025-01-20T14:57:43.194373Z",
            "yes_price": 81,
            "no_price": 19,
            "taker_side": "yes"
        },
        {
            "trade_id": "fc86f86c-28df-4871-ad31-ae2e8481b7f7",
            "ticker": "KXHIGHDEN-25JAN20-B9.5",
            "count": 12,
            "created_time": "2025-01-20T14:56:09.35123Z",
            "yes_price": 76,
            "no_price": 24,
            "taker_side": "yes"
        },
        {
            "trade_id": "846ab811-246b-4472-bb14-1f6817a13b06",
            "ticker": "KXHIGHDEN-25JAN20-B9.5",
            "count": 13,
            "created_time": "2025-01-20T14:56:09.35123Z",
            "yes_price": 76,
            "no_price": 24,
            "taker_side": "yes"
        },
        {
            "trade_id": "801234f9-311d-4cd7-a1d9-b08d564ba6f6",
            "ticker": "KXHIGHDEN-25JAN20-B9.5",
            "count": 18,
            "created_time": "2025-01-20T14:54:29.292405Z",
            "yes_price": 72,
            "no_price": 28,
            "taker_side": "no"
        },
        {
            "trade_id": "722c21d4-ce0d-43fa-b47d-d91ed1e5bc4d",
            "ticker": "KXHIGHDEN-25JAN20-B9.5",
            "count": 31,
            "created_time": "2025-01-20T14:54:29.292405Z",
            "yes_price": 70,
            "no_price": 30,
            "taker_side": "no"
        },
        {
            "trade_id": "65da9ede-c6fa-4f00-8e0e-29cc8ec23217",
            "ticker": "KXHIGHDEN-25JAN20-B9.5",
            "count": 32,
            "created_time": "2025-01-20T14:54:29.292405Z",
            "yes_price": 72,
            "no_price": 28,
            "taker_side": "no"
        },
        {
            "trade_id": "3bf1ccb6-6399-4e96-a2d6-5d873a312805",
            "ticker": "KXHIGHDEN-25JAN20-B9.5",
            "count": 1,
            "created_time": "2025-01-20T14:54:29.292405Z",
            "yes_price": 72,
            "no_price": 28,
            "taker_side": "no"
        },
        {
            "trade_id": "b6df3aa2-fc94-4d63-8a4a-33893767e51a",
            "ticker": "KXHIGHDEN-25JAN20-B9.5",
            "count": 14,
            "created_time": "2025-01-20T14:52:21.188849Z",
            "yes_price": 76,
            "no_price": 24,
            "taker_side": "yes"
        },
        {
            "trade_id": "b6616eec-bf32-41b6-90a4-83c702d19a61",
            "ticker": "KXHIGHDEN-25JAN20-B9.5",
            "count": 6,
            "created_time": "2025-01-20T14:52:21.188849Z",
            "yes_price": 77,
            "no_price": 23,
            "taker_side": "yes"
        },
        {
            "trade_id": "3917b20a-9b9c-4dd3-969b-4e78f9169c73",
            "ticker": "KXHIGHDEN-25JAN20-B9.5",
            "count": 50,
            "created_time": "2025-01-20T14:52:21.188849Z",
            "yes_price": 76,
            "no_price": 24,
            "taker_side": "yes"
        },
        {
            "trade_id": "29d72b20-a380-49f9-8e7f-1bb9aa59143b",
            "ticker": "KXHIGHDEN-25JAN20-B9.5",
            "count": 1,
            "created_time": "2025-01-20T14:51:06.483235Z",
            "yes_price": 72,
            "no_price": 28,
            "taker_side": "no"
        },
        {
            "trade_id": "884f1658-8220-460d-b8bb-54f404f95a1a",
            "ticker": "KXHIGHDEN-25JAN20-B9.5",
            "count": 50,
            "created_time": "2025-01-20T14:50:44.81426Z",
            "yes_price": 73,
            "no_price": 27,
            "taker_side": "yes"
        },
        {
            "trade_id": "7a959a9a-ebb1-42b7-9a03-3a2bcba6b0a8",
            "ticker": "KXHIGHDEN-25JAN20-B9.5",
            "count": 80,
            "created_time": "2025-01-20T14:50:44.81426Z",
            "yes_price": 73,
            "no_price": 27,
            "taker_side": "yes"
        },
        {
            "trade_id": "625375f4-29ea-41fa-97e4-882fd9aed077",
            "ticker": "KXHIGHDEN-25JAN20-B9.5",
            "count": 1,
            "created_time": "2025-01-20T14:49:02.936928Z",
            "yes_price": 72,
            "no_price": 28,
            "taker_side": "no"
        },
        {
            "trade_id": "be744eb1-1e5e-466f-a39c-2d0c9c41baf9",
            "ticker": "KXHIGHDEN-25JAN20-B9.5",
            "count": 13,
            "created_time": "2025-01-20T14:44:30.332235Z",
            "yes_price": 69,
            "no_price": 31,
            "taker_side": "no"
        },
        {
            "trade_id": "bb25f869-a741-41e5-a3fe-f736c499fac5",
            "ticker": "KXHIGHDEN-25JAN20-B9.5",
            "count": 2,
            "created_time": "2025-01-20T14:44:30.332235Z",
            "yes_price": 68,
            "no_price": 32,
            "taker_side": "no"
        },
        {
            "trade_id": "85731688-bffe-41b4-9f3a-3e5c719c0716",
            "ticker": "KXHIGHDEN-25JAN20-B9.5",
            "count": 31,
            "created_time": "2025-01-20T14:43:03.687555Z",
            "yes_price": 75,
            "no_price": 25,
            "taker_side": "no"
        },
        {
            "trade_id": "779477ad-79f8-4525-8902-f6aa45d4e8df",
            "ticker": "KXHIGHDEN-25JAN20-B9.5",
            "count": 18,
            "created_time": "2025-01-20T14:43:03.545077Z",
            "yes_price": 75,
            "no_price": 25,
            "taker_side": "no"
        },
        {
            "trade_id": "61be214e-cec5-49b1-b112-b908e21feb77",
            "ticker": "KXHIGHDEN-25JAN20-B9.5",
            "count": 49,
            "created_time": "2025-01-20T14:43:03.545077Z",
            "yes_price": 75,
            "no_price": 25,
            "taker_side": "no"
        },
        {
            "trade_id": "a817a5b2-5461-4cbd-9c48-a5416af746cf",
            "ticker": "KXHIGHDEN-25JAN20-B9.5",
            "count": 119,
            "created_time": "2025-01-20T14:41:55.020986Z",
            "yes_price": 76,
            "no_price": 24,
            "taker_side": "yes"
        },
        {
            "trade_id": "909f03bf-b479-4808-be8c-d2a304a32bda",
            "ticker": "KXHIGHDEN-25JAN20-B9.5",
            "count": 32,
            "created_time": "2025-01-20T14:39:58.685873Z",
            "yes_price": 75,
            "no_price": 25,
            "taker_side": "no"
        },
        {
            "trade_id": "6f007ab3-0570-4ce7-838e-e4a0d9d96e8f",
            "ticker": "KXHIGHDEN-25JAN20-B9.5",
            "count": 35,
            "created_time": "2025-01-20T14:39:58.685873Z",
            "yes_price": 76,
            "no_price": 24,
            "taker_side": "no"
        },
        {
            "trade_id": "a4512a60-dc00-42d9-81da-6234f7c5a425",
            "ticker": "KXHIGHDEN-25JAN20-B9.5",
            "count": 2,
            "created_time": "2025-01-20T14:37:12.310152Z",
            "yes_price": 81,
            "no_price": 19,
            "taker_side": "no"
        },
        {
            "trade_id": "fcd0087c-efe1-4d2f-9e90-55596b374708",
            "ticker": "KXHIGHDEN-25JAN20-B9.5",
            "count": 101,
            "created_time": "2025-01-20T14:37:12.189181Z",
            "yes_price": 81,
            "no_price": 19,
            "taker_side": "no"
        },
        {
            "trade_id": "525a2df5-a7f0-4750-a9f0-09b53873c64f",
            "ticker": "KXHIGHDEN-25JAN20-B9.5",
            "count": 61,
