{
    "KXHIGHDEN-25MAY06-T50": [
        {
            "trade_id": "960d7fb2-1ce2-4a6c-a1ea-a9dc59ef9373",
            "ticker": "KXHIGHDEN-25MAY06-T50",
            "count": 16,
            "created_time": "2025-05-07T04:27:55.147054Z",
            "yes_price": 99,
            "no_price": 1,
            "taker_side": "no"
        },
        {
            "trade_id": "c4ba78be-22ce-42ad-9d81-77936b8125bf",
            "ticker": "KXHIGHDEN-25MAY06-T50",
            "count": 1,
            "created_time": "2025-05-07T02:48:13.57304Z",
            "yes_price": 99,
            "no_price": 1,
            "taker_side": "no"
        },
        {
            "trade_id": "f2a5fd06-6d6a-406c-b2ac-b0b7888ca160",
            "ticker": "KXHIGHDEN-25MAY06-T50",
            "count": 23,
            "created_time": "2025-05-07T02:46:16.835253Z",
            "yes_price": 99,
            "no_price": 1,
            "taker_side": "no"
        },
        {
            "trade_id": "4d9d8f7b-53cf-4e1e-81ca-6f0a6becf406",
            "ticker": "KXHIGHDEN-25MAY06-T50",
            "count": 1025,
            "created_time": "2025-05-07T02:40:18.734615Z",
            "yes_price": 99,
            "no_price": 1,
            "taker_side": "yes"
        },
        {
            "trade_id": "e2851c66-bba7-4e0b-8522-c439853fc0bf",
            "ticker": "KXHIGHDEN-25MAY06-T50",
            "count": 519,
            "created_time": "2025-05-07T02:27:47.035649Z",
            "yes_price": 99,
            "no_price": 1,
            "taker_side": "yes"
        },
        {
            "trade_id": "be228401-7ed0-420c-ade1-d4142f4f683d",
            "ticker": "KXHIGHDEN-25MAY06-T50",
            "count": 20,
            "created_time": "2025-05-07T02:27:47.035649Z",
            "yes_price": 99,
            "no_price": 1,
            "taker_side": "yes"
        },
        {
            "trade_id": "15641f55-c3da-4ad9-90a8-b43724f9cb9d",
            "ticker": "KXHIGHDEN-25MAY06-T50",
            "count": 100,
            "created_time": "2025-05-07T02:27:47.035649Z",
            "yes_price": 99,
            "no_price": 1,
            "taker_side": "yes"
        },
        {
            "trade_id": "b1de1673-17a2-46b1-bfdb-eae4475f2779",
            "ticker": "KXHIGHDEN-25MAY06-T50",
            "count": 8,
            "created_time": "2025-05-07T02:25:19.046506Z",
            "yes_price": 98,
            "no_price": 2,
            "taker_side": "no"
        },
        {
            "trade_id": "b84875eb-9697-4eec-966a-60bc6de770ee",
            "ticker": "KXHIGHDEN-25MAY06-T50",
            "count": 21,
            "created_time": "2025-05-07T02:14:53.433923Z",
            "yes_price": 98,
            "no_price": 2,
            "taker_side": "no"
        },
        {
            "trade_id": "b75fdaaa-30ae-4026-9fb1-7787752ebc0a",
            "ticker": "KXHIGHDEN-25MAY06-T50",
            "count": 17,
            "created_time": "2025-05-07T01:52:17.382314Z",
            "yes_price": 98,
            "no_price": 2,
            "taker_side": "no"
        },
        {
            "trade_id": "34f07f67-f888-4d32-be2e-d5ea03813e97",
            "ticker": "KXHIGHDEN-25MAY06-T50",
            "count": 40,
            "created_time": "2025-05-07T00:40:50.226182Z",
            "yes_price": 97,
            "no_price": 3,
            "taker_side": "no"
        },
        {
            "trade_id": "2436b61e-7b8c-4b96-b9bc-c834ac2e35c1",
            "ticker": "KXHIGHDEN-25MAY06-T50",
            "count": 5,
            "created_time": "2025-05-06T23:58:49.946293Z",
            "yes_price": 96,
            "no_price": 4,
            "taker_side": "no"
        },
        {
            "trade_id": "d55eb68f-0f39-4afa-832c-9a135cf652ec",
            "ticker": "KXHIGHDEN-25MAY06-T50",
            "count": 46,
            "created_time": "2025-05-06T22:53:56.765288Z",
            "yes_price": 99,
            "no_price": 1,
            "taker_side": "yes"
        },
        {
            "trade_id": "de095308-cc60-4285-a758-ce24e7ccb811",
            "ticker": "KXHIGHDEN-25MAY06-T50",
            "count": 22,
            "created_time": "2025-05-06T22:29:43.380008Z",
            "yes_price": 97,
            "no_price": 3,
            "taker_side": "no"
        },
        {
            "trade_id": "a873bd7a-2283-4a55-9ddb-aa3ff1b5a6c1",
            "ticker": "KXHIGHDEN-25MAY06-T50",
            "count": 50,
            "created_time": "2025-05-06T22:29:43.380008Z",
            "yes_price": 98,
            "no_price": 2,
            "taker_side": "no"
        },
        {
            "trade_id": "2a2c8b8b-f9b3-465c-929d-5ac6a9626385",
            "ticker": "KXHIGHDEN-25MAY06-T50",
            "count": 15,
            "created_time": "2025-05-06T22:29:43.380008Z",
            "yes_price": 96,
            "no_price": 4,
            "taker_side": "no"
        },
        {
            "trade_id": "5153c686-90e0-4870-a957-a032e1c0b1e4",
            "ticker": "KXHIGHDEN-25MAY06-T50",
            "count": 28,
            "created_time": "2025-05-06T21:59:50.942882Z",
            "yes_price": 97,
            "no_price": 3,
            "taker_side": "no"
        },
        {
            "trade_id": "2033bd80-2477-4e66-8b33-6b2f22a5338e",
            "ticker": "KXHIGHDEN-25MAY06-T50",
            "count": 4,
            "created_time": "2025-05-06T21:55:49.894672Z",
            "yes_price": 96,
            "no_price": 4,
            "taker_side": "no"
        },
        {
            "trade_id": "e41275e1-44d8-436e-b5e8-296521af3492",
            "ticker": "KXHIGHDEN-25MAY06-T50",
            "count": 11,
            "created_time": "2025-05-06T21:52:12.518226Z",
            "yes_price": 96,
            "no_price": 4,
            "taker_side": "no"
        },
        {
            "trade_id": "ca2d5173-0807-4e9f-84e8-f8def2d3cb50",
            "ticker": "KXHIGHDEN-25MAY06-T50",
            "count": 100,
            "created_time": "2025-05-06T21:52:12.518226Z",
            "yes_price": 97,
            "no_price": 3,
            "taker_side": "no"
        },
        {
            "trade_id": "545889f0-02ff-49d8-be09-d4aa5eddf0c4",
            "ticker": "KXHIGHDEN-25MAY06-T50",
            "count": 50,
            "created_time": "2025-05-06T21:35:49.408734Z",
            "yes_price": 99,
            "no_price": 1,
            "taker_side": "yes"
        },
        {
            "trade_id": "d7cf8518-2d02-465a-a42c-84d1f2b1c8c9",
            "ticker": "KXHIGHDEN-25MAY06-T50",
            "count": 50,
            "created_time": "2025-05-06T21:24:58.227803Z",
            "yes_price": 97,
            "no_price": 3,
            "taker_side": "yes"
        },
        {
            "trade_id": "a04e8c58-4403-4428-abcb-f85b7a3c8203",
            "ticker": "KXHIGHDEN-25MAY06-T50",
            "count": 50,
            "created_time": "2025-05-06T21:24:58.227803Z",
            "yes_price": 98,
            "no_price": 2,
            "taker_side": "yes"
        },
        {
            "trade_id": "92ec4919-aca9-4e81-854f-f87079a5ce3d",
            "ticker": "KXHIGHDEN-25MAY06-T50",
            "count": 296,
            "created_time": "2025-05-06T21:24:58.227803Z",
            "yes_price": 98,
            "no_price": 2,
            "taker_side": "yes"
        },
        {
            "trade_id": "40879f51-10d7-4193-9487-fa957aac224c",
            "ticker": "KXHIGHDEN-25MAY06-T50",
            "count": 115,
            "created_time": "2025-05-06T21:24:58.227803Z",
            "yes_price": 98,
            "no_price": 2,
            "taker_side": "yes"
        },
        {
            "trade_id": "048dc4e8-6910-40a7-acb5-80ba9cd5bed8",
            "ticker": "KXHIGHDEN-25MAY06-T50",
            "count": 52,
            "created_time": "2025-05-06T21:21:00.868236Z",
            "yes_price": 93,
            "no_price": 7,
            "taker_side": "no"
        },
        {
            "trade_id": "c06282a2-be73-4f54-970d-772e96794c34",
            "ticker": "KXHIGHDEN-25MAY06-T50",
            "count": 199,
            "created_time": "2025-05-06T21:19:52.60121Z",
            "yes_price": 95,
            "no_price": 5,
            "taker_side": "yes"
        },
        {
            "trade_id": "45abb12b-4fd4-43ce-9104-8dbd14a287cf",
            "ticker": "KXHIGHDEN-25MAY06-T50",
            "count": 26,
            "created_time": "2025-05-06T21:19:52.60121Z",
            "yes_price": 95,
            "no_price": 5,
            "taker_side": "yes"
        },
        {
            "trade_id": "3e168cc4-989d-4ca5-a05c-2cbe16a460e0",
            "ticker": "KXHIGHDEN-25MAY06-T50",
            "count": 26,
            "created_time": "2025-05-06T21:19:52.60121Z",
            "yes_price": 95,
            "no_price": 5,
            "taker_side": "yes"
        },
        {
            "trade_id": "1fa8025b-a5d4-44ff-b474-af5895b38c17",
            "ticker": "KXHIGHDEN-25MAY06-T50",
            "count": 50,
            "created_time": "2025-05-06T21:15:48.030008Z",
            "yes_price": 93,
            "no_price": 7,
            "taker_side": "no"
        },
        {
            "trade_id": "9f3cfe4d-8888-487f-995a-22cdc770f88c",
            "ticker": "KXHIGHDEN-25MAY06-T50",
            "count": 8,
            "created_time": "2025-05-06T21:15:43.045907Z",
            "yes_price": 95,
            "no_price": 5,
            "taker_side": "yes"
        },
        {
            "trade_id": "f164288b-afdb-493b-b2ca-0eb48f5ec1be",
            "ticker": "KXHIGHDEN-25MAY06-T50",
            "count": 6,
            "created_time": "2025-05-06T21:09:32.861236Z",
            "yes_price": 94,
            "no_price": 6,
            "taker_side": "no"
        },
        {
            "trade_id": "a9dfa7e8-97da-4a62-9ddf-af7b4a592e74",
            "ticker": "KXHIGHDEN-25MAY06-T50",
            "count": 9,
            "created_time": "2025-05-06T21:09:32.788638Z",
            "yes_price": 94,
            "no_price": 6,
            "taker_side": "yes"
        },
        {
            "trade_id": "b79a3959-7e8f-4814-90ce-a1e0060c0206",
            "ticker": "KXHIGHDEN-25MAY06-T50",
            "count": 127,
            "created_time": "2025-05-06T21:09:15.037002Z",
            "yes_price": 94,
            "no_price": 6,
            "taker_side": "yes"
        },
        {
            "trade_id": "68766751-924f-4128-af66-421ae996a67c",
            "ticker": "KXHIGHDEN-25MAY06-T50",
            "count": 33,
            "created_time": "2025-05-06T21:07:32.631249Z",
            "yes_price": 93,
            "no_price": 7,
            "taker_side": "yes"
        },
        {
            "trade_id": "86c79694-756f-4ba8-9cac-d827ba3f91e2",
            "ticker": "KXHIGHDEN-25MAY06-T50",
            "count": 50,
            "created_time": "2025-05-06T20:58:49.13924Z",
            "yes_price": 92,
            "no_price": 8,
            "taker_side": "yes"
        },
        {
            "trade_id": "40319014-35bd-409b-9165-d3ac60c3483a",
            "ticker": "KXHIGHDEN-25MAY06-T50",
            "count": 58,
            "created_time": "2025-05-06T20:58:49.13924Z",
            "yes_price": 90,
            "no_price": 10,
            "taker_side": "yes"
        },
        {
            "trade_id": "f121918e-e8fa-4ec6-bbae-a2ed5c6764ef",
            "ticker": "KXHIGHDEN-25MAY06-T50",
            "count": 27,
            "created_time": "2025-05-06T20:55:24.528744Z",
            "yes_price": 85,
            "no_price": 15,
            "taker_side": "yes"
        },
        {
            "trade_id": "e9522e68-bb59-4d58-a22d-3017548e3d19",
            "ticker": "KXHIGHDEN-25MAY06-T50",
            "count": 14,
            "created_time": "2025-05-06T20:55:24.528744Z",
            "yes_price": 85,
            "no_price": 15,
            "taker_side": "yes"
        },
        {
            "trade_id": "6024e78b-0587-46d2-96e8-5d221e6c9c2a",
            "ticker": "KXHIGHDEN-25MAY06-T50",
            "count": 1,
            "created_time": "2025-05-06T20:51:39.901053Z",
            "yes_price": 85,
            "no_price": 15,
            "taker_side": "yes"
        },
        {
            "trade_id": "addf746c-e41c-467c-9740-7048734e10af",
            "ticker": "KXHIGHDEN-25MAY06-T50",
            "count": 15,
            "created_time": "2025-05-06T20:49:23.290358Z",
            "yes_price": 80,
            "no_price": 20,
            "taker_side": "no"
        },
        {
            "trade_id": "5c412c5a-928a-4b51-a3a8-81c327a4c66b",
            "ticker": "KXHIGHDEN-25MAY06-T50",
            "count": 5,
            "created_time": "2025-05-06T20:49:23.290358Z",
            "yes_price": 82,
            "no_price": 18,
            "taker_side": "no"
        },
        {
            "trade_id": "000309e0-931c-4f93-a5c5-1df002144002",
            "ticker": "KXHIGHDEN-25MAY06-T50",
            "count": 30,
            "created_time": "2025-05-06T20:49:23.290358Z",
            "yes_price": 81,
            "no_price": 19,
            "taker_side": "no"
        },
        {
            "trade_id": "79ae1cff-6dea-471b-99af-ec566f7ea1f2",
            "ticker": "KXHIGHDEN-25MAY06-T50",
            "count": 2,
            "created_time": "2025-05-06T20:48:05.188681Z",
            "yes_price": 85,
            "no_price": 15,
            "taker_side": "yes"
        },
        {
            "trade_id": "98d666b3-cd30-41c1-b84d-b68f2926b8e2",
            "ticker": "KXHIGHDEN-25MAY06-T50",
            "count": 1,
            "created_time": "2025-05-06T20:47:34.830492Z",
            "yes_price": 84,
            "no_price": 16,
            "taker_side": "yes"
        },
        {
            "trade_id": "e2a0c37e-6d22-4ad9-a0f2-31d2a34cb402",
            "ticker": "KXHIGHDEN-25MAY06-T50",
            "count": 10,
            "created_time": "2025-05-06T20:43:46.723229Z",
            "yes_price": 90,
            "no_price": 10,
            "taker_side": "yes"
        },
        {
            "trade_id": "aad24233-97e0-4e5a-87e6-acec1745bd3f",
            "ticker": "KXHIGHDEN-25MAY06-T50",
            "count": 7,
            "created_time": "2025-05-06T20:42:18.934556Z",
            "yes_price": 93,
            "no_price": 7,
            "taker_side": "yes"
        },
        {
            "trade_id": "6d0a03e6-cf36-49be-a5ab-bb1afbdc24a3",
            "ticker": "KXHIGHDEN-25MAY06-T50",
            "count": 17,
            "created_time": "2025-05-06T20:42:18.934556Z",
            "yes_price": 84,
            "no_price": 16,
            "taker_side": "yes"
        },
        {
            "trade_id": "177f33a9-5f3b-4a47-8e29-7df5af9accdf",
            "ticker": "KXHIGHDEN-25MAY06-T50",
            "count": 5,
            "created_time": "2025-05-06T20:42:18.934556Z",
            "yes_price": 92,
            "no_price": 8,
            "taker_side": "yes"
        },
        {
            "trade_id": "bf8701cc-f3b5-40b1-8f3c-ad39af0e0f56",
            "ticker": "KXHIGHDEN-25MAY06-T50",
            "count": 25,
            "created_time": "2025-05-06T20:39:38.920982Z",
            "yes_price": 81,
            "no_price": 19,
            "taker_side": "no"
        },
        {
            "trade_id": "9268a309-dd4c-474a-bffc-5b0207c48346",
            "ticker": "KXHIGHDEN-25MAY06-T50",
            "count": 29,
            "created_time": "2025-05-06T20:39:38.920982Z",
            "yes_price": 80,
            "no_price": 20,
            "taker_side": "no"
        },
        {
            "trade_id": "4505efc9-0a99-4ff7-9d39-2248b5b72345",
            "ticker": "KXHIGHDEN-25MAY06-T50",
            "count": 46,
            "created_time": "2025-05-06T20:39:38.920982Z",
            "yes_price": 82,
            "no_price": 18,
            "taker_side": "no"
        },
        {
            "trade_id": "afdfcf58-2f0b-4aae-a330-32c1dbdfa1bb",
            "ticker": "KXHIGHDEN-25MAY06-T50",
            "count": 1,
            "created_time": "2025-05-06T20:36:27.564324Z",
            "yes_price": 91,
            "no_price": 9,
            "taker_side": "yes"
        },
        {
            "trade_id": "2b584f78-2d23-4a58-a308-5226bc264aa1",
            "ticker": "KXHIGHDEN-25MAY06-T50",
            "count": 3,
            "created_time": "2025-05-06T20:36:05.288587Z",
            "yes_price": 90,
            "no_price": 10,
            "taker_side": "yes"
        },
        {
            "trade_id": "931af2b0-36ff-4549-af44-d4dc3564583d",
            "ticker": "KXHIGHDEN-25MAY06-T50",
            "count": 19,
            "created_time": "2025-05-06T20:35:34.629479Z",
            "yes_price": 82,
            "no_price": 18,
            "taker_side": "yes"
        },
        {
            "trade_id": "b50e7cb3-df45-4328-8f38-e148fd3772ba",
            "ticker": "KXHIGHDEN-25MAY06-T50",
            "count": 8,
            "created_time": "2025-05-06T20:31:15.063329Z",
            "yes_price": 84,
            "no_price": 16,
            "taker_side": "yes"
        },
        {
            "trade_id": "852329b5-b40c-45c7-948a-fcbfcedeb4c8",
            "ticker": "KXHIGHDEN-25MAY06-T50",
            "count": 50,
            "created_time": "2025-05-06T20:31:15.063329Z",
            "yes_price": 84,
            "no_price": 16,
            "taker_side": "yes"
        },
        {
            "trade_id": "7e74dce9-fe63-42ec-a8eb-c781bb27fd0e",
            "ticker": "KXHIGHDEN-25MAY06-T50",
            "count": 22,
            "created_time": "2025-05-06T20:30:14.292496Z",
            "yes_price": 80,
            "no_price": 20,
            "taker_side": "no"
        },
        {
            "trade_id": "c9e185e8-f3b8-475f-a6bd-a9bac588fcfd",
            "ticker": "KXHIGHDEN-25MAY06-T50",
            "count": 34,
            "created_time": "2025-05-06T20:30:10.158323Z",
            "yes_price": 91,
            "no_price": 9,
            "taker_side": "yes"
        },
        {
            "trade_id": "5f07a23f-0458-42eb-bfd6-14061e028fa4",
            "ticker": "KXHIGHDEN-25MAY06-T50",
            "count": 40,
            "created_time": "2025-05-06T20:30:10.158323Z",
            "yes_price": 90,
            "no_price": 10,
            "taker_side": "yes"
        },
        {
            "trade_id": "32575bc8-0032-46c3-8894-fce13ad01778",
            "ticker": "KXHIGHDEN-25MAY06-T50",
            "count": 50,
            "created_time": "2025-05-06T20:30:10.158323Z",
            "yes_price": 89,
            "no_price": 11,
            "taker_side": "yes"
        },
        {
            "trade_id": "d02adf5c-acb0-4788-a785-02556343b70c",
            "ticker": "KXHIGHDEN-25MAY06-T50",
            "count": 5,
            "created_time": "2025-05-06T20:29:12.373677Z",
            "yes_price": 80,
            "no_price": 20,
            "taker_side": "no"
        },
        {
            "trade_id": "2d0ecbb2-42f9-43a6-9c1f-bf519c1873fd",
            "ticker": "KXHIGHDEN-25MAY06-T50",
            "count": 15,
            "created_time": "2025-05-06T20:28:25.681363Z",
            "yes_price": 79,
            "no_price": 21,
            "taker_side": "yes"
        },
        {
            "trade_id": "b51f32fd-efae-4e48-9b42-20578f5835a0",
            "ticker": "KXHIGHDEN-25MAY06-T50",
            "count": 21,
            "created_time": "2025-05-06T20:28:18.684599Z",
            "yes_price": 76,
            "no_price": 24,
            "taker_side": "yes"
        },
        {
            "trade_id": "ae8478e0-789b-4df0-875b-628e312671c8",
            "ticker": "KXHIGHDEN-25MAY06-T50",
            "count": 1,
            "created_time": "2025-05-06T20:28:18.684599Z",
            "yes_price": 76,
            "no_price": 24,
            "taker_side": "yes"
        },
        {
            "trade_id": "c6f9a04d-2151-4bc2-b120-086198547fe2",
            "ticker": "KXHIGHDEN-25MAY06-T50",
            "count": 1,
            "created_time": "2025-05-06T20:28:12.390539Z",
            "yes_price": 72,
            "no_price": 28,
            "taker_side": "yes"
        },
        {
            "trade_id": "123f97d8-8790-4ea2-b472-ec7bab334532",
            "ticker": "KXHIGHDEN-25MAY06-T50",
            "count": 1,
            "created_time": "2025-05-06T20:25:01.587694Z",
            "yes_price": 73,
            "no_price": 27,
            "taker_side": "no"
        },
        {
            "trade_id": "a5e594ca-73e7-4b1c-88ff-8aec9791ac4b",
            "ticker": "KXHIGHDEN-25MAY06-T50",
            "count": 99,
            "created_time": "2025-05-06T20:22:53.247712Z",
            "yes_price": 75,
            "no_price": 25,
            "taker_side": "no"
        },
        {
            "trade_id": "9fe5e8e5-47e7-4a7c-b241-0db9df3bc2d0",
            "ticker": "KXHIGHDEN-25MAY06-T50",
            "count": 1,
            "created_time": "2025-05-06T20:22:53.247712Z",
            "yes_price": 72,
            "no_price": 28,
            "taker_side": "no"
        },
        {
            "trade_id": "7ac13cbc-3aef-427e-a934-c20ee5fe2b2a",
            "ticker": "KXHIGHDEN-25MAY06-T50",
            "count": 15,
            "created_time": "2025-05-06T20:22:53.247712Z",
            "yes_price": 68,
            "no_price": 32,
            "taker_side": "no"
        },
        {
            "trade_id": "6820cdb4-5e9e-4d6e-bfb1-ddd2fdd61dc8",
            "ticker": "KXHIGHDEN-25MAY06-T50",
            "count": 38,
            "created_time": "2025-05-06T20:22:53.247712Z",
            "yes_price": 67,
            "no_price": 33,
            "taker_side": "no"
        },
        {
            "trade_id": "519f827f-7851-4137-ad1f-26d62171b11c",
            "ticker": "KXHIGHDEN-25MAY06-T50",
            "count": 1,
            "created_time": "2025-05-06T20:22:53.247712Z",
            "yes_price": 69,
            "no_price": 31,
            "taker_side": "no"
        },
        {
            "trade_id": "3c25c363-d71a-4803-b3eb-4921f99cf64b",
            "ticker": "KXHIGHDEN-25MAY06-T50",
            "count": 1,
            "created_time": "2025-05-06T20:22:36.248983Z",
            "yes_price": 73,
            "no_price": 27,
            "taker_side": "yes"
        },
        {
            "trade_id": "328640bc-1715-4412-b255-8acbf567ab26",
            "ticker": "KXHIGHDEN-25MAY06-T50",
            "count": 22,
            "created_time": "2025-05-06T20:21:57.807745Z",
            "yes_price": 75,
            "no_price": 25,
            "taker_side": "yes"
        },
        {
            "trade_id": "47078ecd-f0ce-4771-889b-c691c383245c",
            "ticker": "KXHIGHDEN-25MAY06-T50",
            "count": 31,
            "created_time": "2025-05-06T20:20:11.482009Z",
            "yes_price": 78,
            "no_price": 22,
            "taker_side": "yes"
        },
        {
            "trade_id": "1afc05e3-d264-4ef0-9581-245fddc4fbbf",
            "ticker": "KXHIGHDEN-25MAY06-T50",
            "count": 13,
            "created_time": "2025-05-06T20:19:58.3942Z",
            "yes_price": 79,
            "no_price": 21,
            "taker_side": "yes"
        },
        {
            "trade_id": "1a9ca36e-eb68-4232-9f94-2f4b35da39e9",
            "ticker": "KXHIGHDEN-25MAY06-T50",
            "count": 25,
            "created_time": "2025-05-06T20:19:58.3942Z",
            "yes_price": 78,
            "no_price": 22,
            "taker_side": "yes"
        },
        {
            "trade_id": "c8cf64ad-fde5-4e3a-b324-403b2318e608",
            "ticker": "KXHIGHDEN-25MAY06-T50",
            "count": 50,
            "created_time": "2025-05-06T20:19:24.339165Z",
            "yes_price": 74,
            "no_price": 26,
            "taker_side": "yes"
        },
        {
            "trade_id": "5a247edd-b240-42df-992a-9c7fa78b012e",
            "ticker": "KXHIGHDEN-25MAY06-T50",
            "count": 50,
            "created_time": "2025-05-06T20:19:24.339165Z",
            "yes_price": 75,
            "no_price": 25,
            "taker_side": "yes"
        },
        {
            "trade_id": "ddba32c9-dcf1-4e48-a513-88e81eb47b50",
            "ticker": "KXHIGHDEN-25MAY06-T50",
            "count": 1,
            "created_time": "2025-05-06T20:18:44.181576Z",
            "yes_price": 65,
            "no_price": 35,
            "taker_side": "no"
        },
        {
            "trade_id": "560c2c88-0ec4-4c8f-84a1-82ba58ead1a9",
            "ticker": "KXHIGHDEN-25MAY06-T50",
            "count": 4,
            "created_time": "2025-05-06T20:17:08.083872Z",
            "yes_price": 68,
            "no_price": 32,
            "taker_side": "yes"
        },
        {
            "trade_id": "46f37622-82e7-4137-9346-3cc420e1af25",
            "ticker": "KXHIGHDEN-25MAY06-T50",
            "count": 17,
            "created_time": "2025-05-06T20:15:29.541532Z",
            "yes_price": 68,
            "no_price": 32,
            "taker_side": "yes"
        },
        {
            "trade_id": "ca5c8bb2-dd83-4f08-9a82-5defe37b0b48",
            "ticker": "KXHIGHDEN-25MAY06-T50",
            "count": 50,
            "created_time": "2025-05-06T20:13:44.260892Z",
            "yes_price": 64,
            "no_price": 36,
            "taker_side": "yes"
        },
        {
            "trade_id": "c2ec7151-4a3d-49a0-b668-1d3474ca63d5",
            "ticker": "KXHIGHDEN-25MAY06-T50",
            "count": 20,
            "created_time": "2025-05-06T20:13:44.260892Z",
            "yes_price": 63,
            "no_price": 37,
            "taker_side": "yes"
        },
        {
            "trade_id": "9bd2dcc7-866b-41bd-8bfb-a3bbcc0043df",
            "ticker": "KXHIGHDEN-25MAY06-T50",
            "count": 20,
            "created_time": "2025-05-06T20:13:44.260892Z",
            "yes_price": 65,
            "no_price": 35,
            "taker_side": "yes"
        },
        {
            "trade_id": "00b364f1-f2cb-4834-8756-88070708c83c",
            "ticker": "KXHIGHDEN-25MAY06-T50",
            "count": 6,
            "created_time": "2025-05-06T20:13:44.260892Z",
            "yes_price": 62,
            "no_price": 38,
            "taker_side": "yes"
        },
        {
            "trade_id": "1712f471-81a8-4207-a9d0-08e1015b219a",
            "ticker": "KXHIGHDEN-25MAY06-T50",
            "count": 20,
            "created_time": "2025-05-06T20:10:04.860951Z",
            "yes_price": 62,
            "no_price": 38,
            "taker_side": "yes"
        },
        {
            "trade_id": "b5a0dbca-905b-43fc-9c43-f299556c64a0",
            "ticker": "KXHIGHDEN-25MAY06-T50",
            "count": 7,
            "created_time": "2025-05-06T20:07:15.488288Z",
            "yes_price": 55,
            "no_price": 45,
            "taker_side": "no"
        },
        {
            "trade_id": "9199c267-1681-4c78-ad09-724c80065df1",
            "ticker": "KXHIGHDEN-25MAY06-T50",
            "count": 8,
            "created_time": "2025-05-06T20:07:15.475398Z",
            "yes_price": 61,
            "no_price": 39,
            "taker_side": "no"
        },
        {
            "trade_id": "0d68b061-3766-4542-8023-a4fa4136258c",
            "ticker": "KXHIGHDEN-25MAY06-T50",
            "count": 100,
            "created_time": "2025-05-06T20:05:05.317011Z",
            "yes_price": 60,
            "no_price": 40,
            "taker_side": "yes"
        },
        {
            "trade_id": "c9520eb7-0d3d-44e3-aecf-637de31ad012",
            "ticker": "KXHIGHDEN-25MAY06-T50",
            "count": 15,
            "created_time": "2025-05-06T20:05:00.63728Z",
            "yes_price": 56,
            "no_price": 44,
            "taker_side": "no"
        },
        {
            "trade_id": "36e71093-bd1b-40f1-9ea5-ab423f08803c",
            "ticker": "KXHIGHDEN-25MAY06-T50",
            "count": 24,
            "created_time": "2025-05-06T20:05:00.63728Z",
            "yes_price": 55,
            "no_price": 45,
            "taker_side": "no"
        },
        {
            "trade_id": "2a8563ce-079c-47c9-80b7-b73051ce1f67",
            "ticker": "KXHIGHDEN-25MAY06-T50",
            "count": 1,
            "created_time": "2025-05-06T20:04:18.291541Z",
            "yes_price": 56,
            "no_price": 44,
            "taker_side": "no"
        },
        {
            "trade_id": "9be7956d-8feb-4801-be4c-abd07e6a51bc",
            "ticker": "KXHIGHDEN-25MAY06-T50",
            "count": 1,
            "created_time": "2025-05-06T20:01:02.182958Z",
            "yes_price": 59,
            "no_price": 41,
            "taker_side": "yes"
        },
        {
            "trade_id": "a83c5355-eb5b-44fc-8b16-1fe9f22999d0",
            "ticker": "KXHIGHDEN-25MAY06-T50",
            "count": 28,
            "created_time": "2025-05-06T19:58:00.821397Z",
            "yes_price": 58,
            "no_price": 42,
            "taker_side": "yes"
        },
        {
            "trade_id": "03f332a5-490c-4bf6-88bd-6cd75b082260",
            "ticker": "KXHIGHDEN-25MAY06-T50",
            "count": 10,
            "created_time": "2025-05-06T19:57:12.543798Z",
            "yes_price": 59,
            "no_price": 41,
            "taker_side": "yes"
        },
        {
            "trade_id": "c45a9c13-9a86-44da-855c-121f36ad8881",
            "ticker": "KXHIGHDEN-25MAY06-T50",
            "count": 15,
            "created_time": "2025-05-06T19:56:56.596222Z",
            "yes_price": 58,
            "no_price": 42,
            "taker_side": "yes"
        },
        {
            "trade_id": "be15f341-8a7f-4c1e-bbef-954ce019d02d",
            "ticker": "KXHIGHDEN-25MAY06-T50",
            "count": 2,
            "created_time": "2025-05-06T19:56:56.596222Z",
            "yes_price": 59,
            "no_price": 41,
            "taker_side": "yes"
        },
        {
            "trade_id": "8960a4e0-3103-4dc5-8a03-ef81928ce0dd",
            "ticker": "KXHIGHDEN-25MAY06-T50",
            "count": 13,
            "created_time": "2025-05-06T19:56:56.596222Z",
            "yes_price": 58,
            "no_price": 42,
            "taker_side": "yes"
        },
        {
            "trade_id": "1ae2fdc8-3ebb-4256-88fb-6cd856aba247",
            "ticker": "KXHIGHDEN-25MAY06-T50",
            "count": 41,
            "created_time": "2025-05-06T19:53:24.669766Z",
            "yes_price": 55,
            "no_price": 45,
            "taker_side": "yes"
        },
        {
            "trade_id": "624110b1-b358-4c19-a17a-61200af5558e",
            "ticker": "KXHIGHDEN-25MAY06-T50",
            "count": 119,
            "created_time": "2025-05-06T19:52:30.806046Z",
            "yes_price": 51,
            "no_price": 49,
            "taker_side": "yes"
        },
        {
            "trade_id": "aa3a8a59-5d22-44e7-8d43-3e7cf109bfea",
            "ticker": "KXHIGHDEN-25MAY06-T50",
            "count": 1,
            "created_time": "2025-05-06T19:51:35.910091Z",
            "yes_price": 57,
            "no_price": 43,
            "taker_side": "yes"
        },
        {
            "trade_id": "206e45c2-34cb-4dec-9bbc-6f25203b4950",
            "ticker": "KXHIGHDEN-25MAY06-T50",
            "count": 11,
            "created_time": "2025-05-06T19:51:35.910091Z",
            "yes_price": 58,
            "no_price": 42,
            "taker_side": "yes"
        },
        {
            "trade_id": "e662dd11-7455-41d5-a7ad-f8bf78ad2955",
            "ticker": "KXHIGHDEN-25MAY06-T50",
            "count": 10,
            "created_time": "2025-05-06T19:51:31.401724Z",
            "yes_price": 58,
            "no_price": 42,
            "taker_side": "yes"
        },
        {
            "trade_id": "b87cd5e7-a4cb-4eac-96d8-b79c816242fb",
            "ticker": "KXHIGHDEN-25MAY06-T50",
            "count": 32,
            "created_time": "2025-05-06T19:51:31.401724Z",
            "yes_price": 58,
            "no_price": 42,
            "taker_side": "yes"
        },
        {
            "trade_id": "2bb3910f-3de6-4021-af12-8afa9627fe5d",
            "ticker": "KXHIGHDEN-25MAY06-T50",
            "count": 8,
            "created_time": "2025-05-06T19:51:31.401724Z",
            "yes_price": 57,
            "no_price": 43,
            "taker_side": "yes"
        },
        {
            "trade_id": "fe6b3cd9-93be-47fd-acb8-68780e5a9b33",
            "ticker": "KXHIGHDEN-25MAY06-T50",
            "count": 50,
            "created_time": "2025-05-06T19:51:24.38758Z",
            "yes_price": 56,
            "no_price": 44,
            "taker_side": "yes"
        },
        {
            "trade_id": "58bcd1dc-bc0c-47ef-aae2-e5cc0cef1727",
            "ticker": "KXHIGHDEN-25MAY06-T50",
            "count": 1,
            "created_time": "2025-05-06T19:51:24.38758Z",
            "yes_price": 57,
            "no_price": 43,
            "taker_side": "yes"
        },
        {
            "trade_id": "0e17b2bc-179b-46d6-90f9-0505a02e913f",
            "ticker": "KXHIGHDEN-25MAY06-T50",
            "count": 62,
            "created_time": "2025-05-06T19:51:24.38758Z",
            "yes_price": 55,
            "no_price": 45,
            "taker_side": "yes"
        },
        {
            "trade_id": "84a769cd-a4da-4807-af24-5121d5b5a8b9",
            "ticker": "KXHIGHDEN-25MAY06-T50",
            "count": 8,
            "created_time": "2025-05-06T19:51:16.017622Z",
            "yes_price": 50,
            "no_price": 50,
            "taker_side": "yes"
        },
        {
            "trade_id": "ab029102-7e1d-432e-9e61-3a12b4b354fa",
            "ticker": "KXHIGHDEN-25MAY06-T50",
            "count": 46,
            "created_time": "2025-05-06T19:51:15.086614Z",
            "yes_price": 50,
            "no_price": 50,
            "taker_side": "yes"
        },
        {
            "trade_id": "e0f2bfec-b332-4a23-bf2a-0d4864081b9c",
            "ticker": "KXHIGHDEN-25MAY06-T50",
            "count": 15,
            "created_time": "2025-05-06T19:51:08.244007Z",
            "yes_price": 50,
            "no_price": 50,
            "taker_side": "yes"
        },
        {
            "trade_id": "a27af6aa-2664-4deb-97e6-c1f742299f58",
            "ticker": "KXHIGHDEN-25MAY06-T50",
            "count": 13,
            "created_time": "2025-05-06T19:51:04.177481Z",
            "yes_price": 50,
            "no_price": 50,
            "taker_side": "yes"
        },
        {
            "trade_id": "45f5ea92-2040-4c6e-be3c-7830b3e8259d",
            "ticker": "KXHIGHDEN-25MAY06-T50",
            "count": 11,
            "created_time": "2025-05-06T19:50:56.734982Z",
            "yes_price": 48,
            "no_price": 52,
            "taker_side": "yes"
        },
        {
            "trade_id": "004ea30c-5ae4-4383-9c13-ac4991430e27",
            "ticker": "KXHIGHDEN-25MAY06-T50",
            "count": 18,
            "created_time": "2025-05-06T19:50:56.734982Z",
            "yes_price": 50,
            "no_price": 50,
            "taker_side": "yes"
        },
        {
            "trade_id": "f7c549b0-4e5e-43c6-9b9b-e5b2a9b3e63f",
            "ticker": "KXHIGHDEN-25MAY06-T50",
            "count": 50,
            "created_time": "2025-05-06T19:50:29.629805Z",
            "yes_price": 47,
            "no_price": 53,
            "taker_side": "yes"
        },
        {
            "trade_id": "4a1ba117-923a-458f-be6a-de492b50f828",
            "ticker": "KXHIGHDEN-25MAY06-T50",
            "count": 5,
            "created_time": "2025-05-06T19:50:29.629805Z",
            "yes_price": 48,
            "no_price": 52,
            "taker_side": "yes"
        },
        {
            "trade_id": "5fbadab9-259e-4973-97bd-4b881836d6d5",
            "ticker": "KXHIGHDEN-25MAY06-T50",
            "count": 34,
            "created_time": "2025-05-06T19:49:04.218848Z",
            "yes_price": 44,
            "no_price": 56,
            "taker_side": "no"
        },
        {
            "trade_id": "314cc024-81ce-47c7-b17e-0a79e06409ce",
            "ticker": "KXHIGHDEN-25MAY06-T50",
            "count": 12,
            "created_time": "2025-05-06T19:49:04.218848Z",
            "yes_price": 45,
            "no_price": 55,
            "taker_side": "no"
        },
        {
            "trade_id": "b1b2f6ff-f285-4c73-883f-bedc3e64c11b",
            "ticker": "KXHIGHDEN-25MAY06-T50",
            "count": 16,
            "created_time": "2025-05-06T19:47:59.781817Z",
            "yes_price": 46,
            "no_price": 54,
            "taker_side": "yes"
        },
        {
            "trade_id": "982885cf-0aec-4fe3-aaa4-a62cc672ba85",
            "ticker": "KXHIGHDEN-25MAY06-T50",
            "count": 50,
            "created_time": "2025-05-06T19:47:52.328668Z",
            "yes_price": 45,
            "no_price": 55,
            "taker_side": "yes"
        },
        {
            "trade_id": "f6f33622-4e58-4dec-bfba-92c7c04d645d",
            "ticker": "KXHIGHDEN-25MAY06-T50",
            "count": 28,
            "created_time": "2025-05-06T19:45:36.624619Z",
            "yes_price": 40,
            "no_price": 60,
            "taker_side": "yes"
        },
        {
            "trade_id": "e1725576-ec2b-4e69-9c64-5f7c873a527d",
            "ticker": "KXHIGHDEN-25MAY06-T50",
            "count": 12,
            "created_time": "2025-05-06T19:45:36.624619Z",
            "yes_price": 43,
            "no_price": 57,
            "taker_side": "yes"
        },
        {
            "trade_id": "b808ff88-5eac-4f97-816a-d34dfecf312a",
            "ticker": "KXHIGHDEN-25MAY06-T50",
            "count": 42,
            "created_time": "2025-05-06T19:45:36.624619Z",
            "yes_price": 45,
            "no_price": 55,
            "taker_side": "yes"
        },
        {
            "trade_id": "2c4526f9-7aeb-439a-a075-4890647816cc",
            "ticker": "KXHIGHDEN-25MAY06-T50",
            "count": 200,
            "created_time": "2025-05-06T19:45:36.624619Z",
            "yes_price": 44,
            "no_price": 56,
            "taker_side": "yes"
        },
        {
            "trade_id": "0d7d77a9-7414-4946-88bb-8ed545bc8ea3",
            "ticker": "KXHIGHDEN-25MAY06-T50",
            "count": 50,
            "created_time": "2025-05-06T19:45:36.624619Z",
            "yes_price": 39,
            "no_price": 61,
            "taker_side": "yes"
        },
        {
            "trade_id": "04406c6b-6c05-4b1e-98e2-313d732671cc",
            "ticker": "KXHIGHDEN-25MAY06-T50",
            "count": 68,
            "created_time": "2025-05-06T19:45:36.624619Z",
            "yes_price": 45,
            "no_price": 55,
            "taker_side": "yes"
        },
        {
            "trade_id": "409c2d3c-97fd-409c-80ed-cd3ab0951bc9",
            "ticker": "KXHIGHDEN-25MAY06-T50",
            "count": 3,
            "created_time": "2025-05-06T19:45:30.263944Z",
            "yes_price": 25,
            "no_price": 75,
            "taker_side": "no"
        },
        {
            "trade_id": "949b66b6-9a7c-48e2-bca6-3342c6726be4",
            "ticker": "KXHIGHDEN-25MAY06-T50",
            "count": 1,
            "created_time": "2025-05-06T19:44:00.512819Z",
            "yes_price": 27,
            "no_price": 73,
            "taker_side": "no"
        },
        {
            "trade_id": "db348508-0d86-446a-8731-5ff41decb9b6",
            "ticker": "KXHIGHDEN-25MAY06-T50",
            "count": 50,
            "created_time": "2025-05-06T19:42:55.346892Z",
            "yes_price": 38,
            "no_price": 62,
            "taker_side": "yes"
        },
        {
            "trade_id": "9be43a1c-9baf-4873-9b22-b4c21962ac40",
            "ticker": "KXHIGHDEN-25MAY06-T50",
            "count": 149,
            "created_time": "2025-05-06T19:42:55.346892Z",
            "yes_price": 39,
            "no_price": 61,
            "taker_side": "yes"
        },
        {
            "trade_id": "3e4ee27b-6ff0-499c-95a0-d9e32d4c6261",
            "ticker": "KXHIGHDEN-25MAY06-T50",
            "count": 40,
            "created_time": "2025-05-06T19:34:03.644753Z",
            "yes_price": 33,
            "no_price": 67,
            "taker_side": "yes"
        },
        {
            "trade_id": "4e6d3637-478a-4742-8208-d3e7fe4c1322",
            "ticker": "KXHIGHDEN-25MAY06-T50",
            "count": 28,
            "created_time": "2025-05-06T19:30:46.32612Z",
            "yes_price": 33,
            "no_price": 67,
            "taker_side": "yes"
        },
        {
            "trade_id": "083270fc-9428-448a-882c-011614999887",
            "ticker": "KXHIGHDEN-25MAY06-T50",
            "count": 29,
            "created_time": "2025-05-06T19:20:37.46751Z",
            "yes_price": 33,
            "no_price": 67,
            "taker_side": "yes"
        },
        {
            "trade_id": "a769cab2-2fb4-4fe4-9132-14f338596c21",
            "ticker": "KXHIGHDEN-25MAY06-T50",
            "count": 50,
            "created_time": "2025-05-06T19:14:15.084102Z",
            "yes_price": 31,
            "no_price": 69,
            "taker_side": "yes"
        },
        {
            "trade_id": "35f10fad-65bd-454b-ae03-8d4149633cc1",
            "ticker": "KXHIGHDEN-25MAY06-T50",
            "count": 7,
            "created_time": "2025-05-06T19:14:15.084102Z",
            "yes_price": 32,
            "no_price": 68,
            "taker_side": "yes"
        },
        {
            "trade_id": "11bb2ce2-c62d-41f2-9152-b8adbd2bfe0c",
            "ticker": "KXHIGHDEN-25MAY06-T50",
            "count": 3,
            "created_time": "2025-05-06T19:14:15.084102Z",
            "yes_price": 34,
            "no_price": 66,
            "taker_side": "yes"
        },
        {
            "trade_id": "fbdbfc52-9595-40a2-bfd2-8a5241d80239",
            "ticker": "KXHIGHDEN-25MAY06-T50",
            "count": 244,
            "created_time": "2025-05-06T19:09:56.110513Z",
            "yes_price": 16,
            "no_price": 84,
            "taker_side": "yes"
        },
        {
            "trade_id": "8de7e104-eeef-4197-add3-2070dec16fa2",
            "ticker": "KXHIGHDEN-25MAY06-T50",
            "count": 50,
            "created_time": "2025-05-06T19:09:22.027468Z",
            "yes_price": 20,
            "no_price": 80,
            "taker_side": "no"
        },
        {
            "trade_id": "2e4e271d-6729-4d67-9a02-f04550886715",
            "ticker": "KXHIGHDEN-25MAY06-T50",
            "count": 50,
            "created_time": "2025-05-06T19:09:22.027468Z",
            "yes_price": 17,
            "no_price": 83,
            "taker_side": "no"
        },
        {
            "trade_id": "166277d0-8471-4bf3-9317-335a2074dea1",
            "ticker": "KXHIGHDEN-25MAY06-T50",
            "count": 50,
            "created_time": "2025-05-06T19:09:22.027468Z",
            "yes_price": 19,
            "no_price": 81,
            "taker_side": "no"
        },
        {
            "trade_id": "5b682fb9-497e-4aa1-b9f7-305faa7f67ac",
            "ticker": "KXHIGHDEN-25MAY06-T50",
            "count": 15,
            "created_time": "2025-05-06T19:08:46.382279Z",
            "yes_price": 14,
            "no_price": 86,
            "taker_side": "no"
        },
        {
            "trade_id": "be92c7af-cc72-4585-a8b0-4d64893fcc97",
            "ticker": "KXHIGHDEN-25MAY06-T50",
            "count": 14,
            "created_time": "2025-05-06T19:08:00.348328Z",
            "yes_price": 30,
            "no_price": 70,
            "taker_side": "yes"
        },
        {
            "trade_id": "42006686-bf6a-4f46-a5a7-4abc60b50144",
            "ticker": "KXHIGHDEN-25MAY06-T50",
            "count": 2,
            "created_time": "2025-05-06T19:08:00.348328Z",
            "yes_price": 27,
            "no_price": 73,
            "taker_side": "yes"
        },
        {
            "trade_id": "1db173f1-f7d2-458b-bc1f-456e6da0ab5d",
            "ticker": "KXHIGHDEN-25MAY06-T50",
            "count": 12,
            "created_time": "2025-05-06T18:58:48.188757Z",
            "yes_price": 18,
            "no_price": 82,
            "taker_side": "no"
        },
        {
            "trade_id": "ee0b2d27-8856-4d94-9862-3f27fb0d94b6",
            "ticker": "KXHIGHDEN-25MAY06-T50",
            "count": 50,
            "created_time": "2025-05-06T18:58:36.128076Z",
            "yes_price": 19,
            "no_price": 81,
            "taker_side": "no"
        },
        {
            "trade_id": "d88820b0-8300-4886-a25e-20335918e2ad",
            "ticker": "KXHIGHDEN-25MAY06-T50",
            "count": 1,
            "created_time": "2025-05-06T18:55:13.440086Z",
            "yes_price": 32,
            "no_price": 68,
            "taker_side": "yes"
        },
        {
            "trade_id": "9d0d4a64-9107-43b3-be57-b5f3ca2cbbd2",
            "ticker": "KXHIGHDEN-25MAY06-T50",
            "count": 21,
            "created_time": "2025-05-06T18:51:15.46977Z",
            "yes_price": 19,
            "no_price": 81,
            "taker_side": "no"
        },
        {
            "trade_id": "88d895eb-e89d-4e6e-9a17-e98a712f3d3e",
            "ticker": "KXHIGHDEN-25MAY06-T50",
            "count": 23,
            "created_time": "2025-05-06T18:49:20.353511Z",
            "yes_price": 23,
            "no_price": 77,
            "taker_side": "no"
        },
        {
            "trade_id": "079d345f-b412-48e1-b9f3-9dd26fe2fe5d",
            "ticker": "KXHIGHDEN-25MAY06-T50",
            "count": 416,
            "created_time": "2025-05-06T18:47:54.089604Z",
            "yes_price": 35,
            "no_price": 65,
            "taker_side": "no"
        },
        {
            "trade_id": "6dc6ed7a-60a2-4a73-82ef-73043635ade5",
            "ticker": "KXHIGHDEN-25MAY06-T50",
            "count": 370,
            "created_time": "2025-05-06T18:47:25.150728Z",
            "yes_price": 35,
            "no_price": 65,
            "taker_side": "no"
        },
        {
            "trade_id": "4b93e307-bbf4-4a3c-a290-6e27b0bc4a12",
            "ticker": "KXHIGHDEN-25MAY06-T50",
            "count": 30,
            "created_time": "2025-05-06T18:47:25.150728Z",
            "yes_price": 36,
            "no_price": 64,
            "taker_side": "no"
        },
        {
            "trade_id": "e980e372-ff61-41a4-bd52-ea7a7757a04d",
            "ticker": "KXHIGHDEN-25MAY06-T50",
            "count": 10,
            "created_time": "2025-05-06T18:46:52.94445Z",
            "yes_price": 36,
            "no_price": 64,
            "taker_side": "no"
        },
        {
            "trade_id": "ecd9c01b-b5a4-4e31-bf28-563661dae744",
            "ticker": "KXHIGHDEN-25MAY06-T50",
            "count": 10,
            "created_time": "2025-05-06T18:42:38.983139Z",
            "yes_price": 37,
            "no_price": 63,
            "taker_side": "yes"
        },
        {
            "trade_id": "982c3fb2-9ad1-488a-9e90-450f7f7b15c1",
            "ticker": "KXHIGHDEN-25MAY06-T50",
            "count": 40,
            "created_time": "2025-05-06T18:42:38.983139Z",
            "yes_price": 36,
            "no_price": 64,
            "taker_side": "yes"
        },
        {
            "trade_id": "ce4d417e-91d2-429f-a3a0-8726ee0f1c7b",
            "ticker": "KXHIGHDEN-25MAY06-T50",
            "count": 4,
            "created_time": "2025-05-06T18:42:22.246544Z",
            "yes_price": 35,
            "no_price": 65,
            "taker_side": "no"
        },
        {
            "trade_id": "32a1dcc5-4f6c-4ffc-abcf-c56f056a15d5",
            "ticker": "KXHIGHDEN-25MAY06-T50",
            "count": 4,
            "created_time": "2025-05-06T18:41:43.967478Z",
            "yes_price": 35,
            "no_price": 65,
            "taker_side": "no"
        },
        {
            "trade_id": "38712b8c-6537-4cf8-b583-d139ea77756c",
            "ticker": "KXHIGHDEN-25MAY06-T50",
            "count": 4,
            "created_time": "2025-05-06T18:40:54.821759Z",
            "yes_price": 35,
            "no_price": 65,
            "taker_side": "no"
        },
        {
            "trade_id": "e1b10a29-87a2-4c47-9bd9-f550c551868a",
            "ticker": "KXHIGHDEN-25MAY06-T50",
            "count": 2,
            "created_time": "2025-05-06T18:40:54.042445Z",
            "yes_price": 35,
            "no_price": 65,
            "taker_side": "no"
        },
        {
            "trade_id": "7e336327-531d-4778-b0dc-3fc600d91b58",
            "ticker": "KXHIGHDEN-25MAY06-T50",
            "count": 9,
            "created_time": "2025-05-06T18:40:53.42041Z",
            "yes_price": 35,
            "no_price": 65,
            "taker_side": "no"
        },
        {
            "trade_id": "2dfd33d9-9f56-40ba-a4b3-e20140b48c91",
            "ticker": "KXHIGHDEN-25MAY06-T50",
            "count": 4,
            "created_time": "2025-05-06T18:39:42.594394Z",
            "yes_price": 35,
            "no_price": 65,
            "taker_side": "no"
        },
        {
            "trade_id": "3d5d7149-c901-443e-b15a-1f5e6ff56c70",
            "ticker": "KXHIGHDEN-25MAY06-T50",
            "count": 69,
            "created_time": "2025-05-06T18:29:07.407837Z",
            "yes_price": 30,
            "no_price": 70,
            "taker_side": "no"
        },
        {
            "trade_id": "159d9b42-e41c-4ee2-97c7-253d52ff4e7c",
            "ticker": "KXHIGHDEN-25MAY06-T50",
            "count": 10,
            "created_time": "2025-05-06T18:21:37.895787Z",
            "yes_price": 28,
            "no_price": 72,
            "taker_side": "no"
        },
        {
            "trade_id": "aaf5dd41-40dd-486f-8e93-d9494323a6aa",
            "ticker": "KXHIGHDEN-25MAY06-T50",
            "count": 9,
            "created_time": "2025-05-06T18:21:27.901925Z",
            "yes_price": 29,
            "no_price": 71,
            "taker_side": "no"
        },
        {
            "trade_id": "fab934ac-d71f-4386-bbc3-8fa59cea1d26",
            "ticker": "KXHIGHDEN-25MAY06-T50",
            "count": 50,
            "created_time": "2025-05-06T18:12:53.298917Z",
            "yes_price": 44,
            "no_price": 56,
            "taker_side": "yes"
        },
        {
            "trade_id": "616481be-7d17-4408-8665-279292b94c3f",
            "ticker": "KXHIGHDEN-25MAY06-T50",
            "count": 58,
            "created_time": "2025-05-06T18:12:53.298917Z",
            "yes_price": 45,
            "no_price": 55,
            "taker_side": "yes"
        },
        {
            "trade_id": "ab4b7daf-cbd0-4656-878d-e58dda8342e8",
            "ticker": "KXHIGHDEN-25MAY06-T50",
            "count": 10,
            "created_time": "2025-05-06T18:11:20.556853Z",
            "yes_price": 42,
            "no_price": 58,
            "taker_side": "yes"
        },
        {
            "trade_id": "83bdb1a1-ebe4-4093-8a16-c3c206423e49",
            "ticker": "KXHIGHDEN-25MAY06-T50",
            "count": 149,
            "created_time": "2025-05-06T18:11:20.556853Z",
            "yes_price": 43,
            "no_price": 57,
            "taker_side": "yes"
        },
        {
            "trade_id": "1e70ce24-ddef-4ce4-9b75-40b5782460d7",
            "ticker": "KXHIGHDEN-25MAY06-T50",
            "count": 17,
            "created_time": "2025-05-06T18:11:20.556853Z",
            "yes_price": 43,
            "no_price": 57,
            "taker_side": "yes"
        },
        {
            "trade_id": "f91cea44-f8c8-4040-ba0e-08e5be678b9a",
            "ticker": "KXHIGHDEN-25MAY06-T50",
            "count": 12,
            "created_time": "2025-05-06T18:07:18.930217Z",
            "yes_price": 62,
            "no_price": 38,
            "taker_side": "yes"
        },
        {
            "trade_id": "e928cec9-d926-4fc9-901f-dc8543bb7cdb",
            "ticker": "KXHIGHDEN-25MAY06-T50",
            "count": 80,
            "created_time": "2025-05-06T18:07:18.930217Z",
            "yes_price": 36,
            "no_price": 64,
            "taker_side": "yes"
        },
        {
            "trade_id": "d42f8b31-75f3-4620-bfe1-e024d20bc32c",
            "ticker": "KXHIGHDEN-25MAY06-T50",
            "count": 97,
            "created_time": "2025-05-06T18:07:18.930217Z",
            "yes_price": 36,
            "no_price": 64,
            "taker_side": "yes"
        },
        {
            "trade_id": "b33b6dbd-cc7d-46f4-b726-5e63a5c39e46",
            "ticker": "KXHIGHDEN-25MAY06-T50",
            "count": 10,
            "created_time": "2025-05-06T18:07:18.930217Z",
            "yes_price": 39,
            "no_price": 61,
            "taker_side": "yes"
        },
        {
            "trade_id": "804d75ef-b1eb-41c1-8783-d07611026bf4",
            "ticker": "KXHIGHDEN-25MAY06-T50",
            "count": 15,
            "created_time": "2025-05-06T18:07:18.930217Z",
            "yes_price": 40,
            "no_price": 60,
            "taker_side": "yes"
        },
        {
            "trade_id": "7963a80c-90cf-466d-af17-80cfeee97ea2",
            "ticker": "KXHIGHDEN-25MAY06-T50",
            "count": 28,
            "created_time": "2025-05-06T18:07:18.930217Z",
            "yes_price": 48,
            "no_price": 52,
            "taker_side": "yes"
        },
        {
            "trade_id": "690e715e-21d7-4e62-a159-31e2f3c5f8a4",
            "ticker": "KXHIGHDEN-25MAY06-T50",
            "count": 149,
            "created_time": "2025-05-06T18:07:18.930217Z",
            "yes_price": 42,
            "no_price": 58,
            "taker_side": "yes"
        },
        {
            "trade_id": "19890b9b-bb81-44c7-ac8a-e4d9e0726fd1",
            "ticker": "KXHIGHDEN-25MAY06-T50",
            "count": 9,
            "created_time": "2025-05-06T18:07:18.930217Z",
            "yes_price": 62,
            "no_price": 38,
            "taker_side": "yes"
        },
        {
            "trade_id": "1f3d1dd1-2a23-4430-aefd-6df9085e35da",
            "ticker": "KXHIGHDEN-25MAY06-T50",
            "count": 120,
            "created_time": "2025-05-06T18:05:22.666391Z",
            "yes_price": 28,
            "no_price": 72,
            "taker_side": "no"
        },
        {
            "trade_id": "ddee19f3-649a-4963-a646-b32904aaec56",
            "ticker": "KXHIGHDEN-25MAY06-T50",
            "count": 20,
            "created_time": "2025-05-06T18:04:40.169565Z",
            "yes_price": 36,
            "no_price": 64,
            "taker_side": "yes"
        },
        {
            "trade_id": "b16d1a67-23ff-4b28-bf21-dbd5786f257d",
            "ticker": "KXHIGHDEN-25MAY06-T50",
            "count": 14,
            "created_time": "2025-05-06T18:03:21.92215Z",
            "yes_price": 37,
            "no_price": 63,
            "taker_side": "yes"
        },
        {
            "trade_id": "c29f8fb7-a24c-473c-955f-bc34a4032eed",
            "ticker": "KXHIGHDEN-25MAY06-T50",
            "count": 79,
            "created_time": "2025-05-06T17:52:48.228323Z",
            "yes_price": 36,
            "no_price": 64,
            "taker_side": "yes"
        },
        {
            "trade_id": "94c20e4b-6861-4c5c-812d-1e67724a8cb0",
            "ticker": "KXHIGHDEN-25MAY06-T50",
            "count": 12,
            "created_time": "2025-05-06T17:52:48.228323Z",
            "yes_price": 36,
            "no_price": 64,
            "taker_side": "yes"
        },
        {
            "trade_id": "660a9a8c-3cdf-475c-a0ce-ccf3158abfff",
            "ticker": "KXHIGHDEN-25MAY06-T50",
            "count": 9,
            "created_time": "2025-05-06T17:52:48.228323Z",
            "yes_price": 35,
            "no_price": 65,
            "taker_side": "yes"
        },
        {
            "trade_id": "7b9dd90f-7bf1-499c-9f1d-53a8ed8238fc",
            "ticker": "KXHIGHDEN-25MAY06-T50",
            "count": 21,
            "created_time": "2025-05-06T17:52:01.209807Z",
            "yes_price": 36,
            "no_price": 64,
            "taker_side": "yes"
        },
        {
            "trade_id": "2a3cf478-535b-42f7-b5cc-3937cd94d829",
            "ticker": "KXHIGHDEN-25MAY06-T50",
            "count": 12,
            "created_time": "2025-05-06T17:52:01.209807Z",
            "yes_price": 32,
            "no_price": 68,
            "taker_side": "yes"
        },
        {
            "trade_id": "d63b65de-b731-4bb4-a763-11552bcf9174",
            "ticker": "KXHIGHDEN-25MAY06-T50",
            "count": 17,
            "created_time": "2025-05-06T17:50:10.947185Z",
            "yes_price": 30,
            "no_price": 70,
            "taker_side": "yes"
        },
        {
            "trade_id": "4aa13711-8e3d-43a4-952e-ec3845f5720b",
            "ticker": "KXHIGHDEN-25MAY06-T50",
            "count": 10,
            "created_time": "2025-05-06T17:50:10.947185Z",
            "yes_price": 29,
            "no_price": 71,
            "taker_side": "yes"
        },
        {
            "trade_id": "47868abb-b762-4ba8-886b-7e8cc3782095",
            "ticker": "KXHIGHDEN-25MAY06-T50",
            "count": 73,
            "created_time": "2025-05-06T17:50:10.947185Z",
            "yes_price": 33,
            "no_price": 67,
            "taker_side": "yes"
        },
        {
            "trade_id": "728d9fff-ac62-49fd-a62d-afe35f5bac09",
            "ticker": "KXHIGHDEN-25MAY06-T50",
            "count": 83,
            "created_time": "2025-05-06T17:49:51.465428Z",
            "yes_price": 30,
            "no_price": 70,
            "taker_side": "yes"
        },
        {
            "trade_id": "4fdc92b1-2006-4f9a-8ecf-a99806fc9357",
            "ticker": "KXHIGHDEN-25MAY06-T50",
            "count": 17,
            "created_time": "2025-05-06T17:49:51.465428Z",
            "yes_price": 28,
            "no_price": 72,
            "taker_side": "yes"
        },
        {
            "trade_id": "f5367f22-48e4-41f9-80e7-da1dccc91335",
            "ticker": "KXHIGHDEN-25MAY06-T50",
            "count": 103,
            "created_time": "2025-05-06T17:49:46.572158Z",
            "yes_price": 26,
            "no_price": 74,
            "taker_side": "no"
        },
        {
            "trade_id": "db486eaa-8df5-4137-aa9a-04e0b84371b1",
            "ticker": "KXHIGHDEN-25MAY06-T50",
            "count": 4,
            "created_time": "2025-05-06T17:49:30.14419Z",
            "yes_price": 26,
            "no_price": 74,
            "taker_side": "no"
        },
        {
            "trade_id": "72cb8538-6900-4102-bace-59e5fabbb4f9",
            "ticker": "KXHIGHDEN-25MAY06-T50",
            "count": 4,
            "created_time": "2025-05-06T17:49:29.445523Z",
            "yes_price": 26,
            "no_price": 74,
            "taker_side": "no"
        },
        {
            "trade_id": "95abbd93-31b8-4f88-a460-ba708936c4f7",
            "ticker": "KXHIGHDEN-25MAY06-T50",
            "count": 50,
            "created_time": "2025-05-06T17:49:29.145858Z",
            "yes_price": 25,
            "no_price": 75,
            "taker_side": "yes"
        },
        {
            "trade_id": "56e65aa9-2083-4be6-b706-fb3ed224f9f0",
            "ticker": "KXHIGHDEN-25MAY06-T50",
            "count": 9,
            "created_time": "2025-05-06T17:49:29.145858Z",
            "yes_price": 26,
            "no_price": 74,
            "taker_side": "yes"
        },
        {
            "trade_id": "dcbc95cf-5dd5-4b50-a365-883d155bcd3a",
            "ticker": "KXHIGHDEN-25MAY06-T50",
            "count": 50,
            "created_time": "2025-05-06T17:46:27.549554Z",
            "yes_price": 29,
            "no_price": 71,
            "taker_side": "yes"
        },
        {
            "trade_id": "d7585bf0-a2a9-4d00-93ef-cd8937b6fc3b",
            "ticker": "KXHIGHDEN-25MAY06-T50",
            "count": 50,
            "created_time": "2025-05-06T17:45:03.993439Z",
            "yes_price": 19,
            "no_price": 81,
            "taker_side": "no"
        },
        {
            "trade_id": "4a9e245e-8813-45e2-bf6a-2366399d32c0",
            "ticker": "KXHIGHDEN-25MAY06-T50",
            "count": 55,
            "created_time": "2025-05-06T17:45:03.993439Z",
            "yes_price": 18,
            "no_price": 82,
            "taker_side": "no"
        },
        {
            "trade_id": "e5e7e9f4-1651-4fb2-9783-aa60e2d1fb9a",
            "ticker": "KXHIGHDEN-25MAY06-T50",
            "count": 17,
            "created_time": "2025-05-06T17:44:44.56505Z",
            "yes_price": 29,
            "no_price": 71,
            "taker_side": "yes"
        },
        {
            "trade_id": "fb04c71a-8ae2-4d7d-ae18-88c2f3d8cce7",
            "ticker": "KXHIGHDEN-25MAY06-T50",
            "count": 50,
            "created_time": "2025-05-06T17:37:30.554236Z",
            "yes_price": 26,
            "no_price": 74,
            "taker_side": "yes"
        },
        {
            "trade_id": "c5ae7e41-efc2-4cb3-ab96-3bc93fcaa615",
            "ticker": "KXHIGHDEN-25MAY06-T50",
            "count": 12,
            "created_time": "2025-05-06T17:37:30.554236Z",
            "yes_price": 29,
            "no_price": 71,
            "taker_side": "yes"
        },
        {
            "trade_id": "af3acb2e-5bda-4b73-9a5b-9ca989b8c2f1",
            "ticker": "KXHIGHDEN-25MAY06-T50",
            "count": 21,
            "created_time": "2025-05-06T17:37:30.554236Z",
            "yes_price": 27,
            "no_price": 73,
            "taker_side": "yes"
        },
        {
            "trade_id": "5d82b938-a0d0-4276-b9ea-08f71a34681f",
            "ticker": "KXHIGHDEN-25MAY06-T50",
            "count": 20,
            "created_time": "2025-05-06T17:37:30.554236Z",
            "yes_price": 30,
            "no_price": 70,
            "taker_side": "yes"
        },
        {
            "trade_id": "248da25a-459b-48d1-a447-b919e9873673",
            "ticker": "KXHIGHDEN-25MAY06-T50",
            "count": 51,
            "created_time": "2025-05-06T17:37:30.554236Z",
            "yes_price": 30,
            "no_price": 70,
            "taker_side": "yes"
        },
        {
            "trade_id": "507e7c5c-d97b-4fd3-9f1a-caacf174dbb9",
            "ticker": "KXHIGHDEN-25MAY06-T50",
            "count": 21,
            "created_time": "2025-05-06T17:31:16.632522Z",
            "yes_price": 28,
            "no_price": 72,
            "taker_side": "yes"
        },
        {
            "trade_id": "0977fa30-9953-4750-8e6c-51e066e344f5",
            "ticker": "KXHIGHDEN-25MAY06-T50",
            "count": 50,
            "created_time": "2025-05-06T17:30:55.023098Z",
            "yes_price": 17,
            "no_price": 83,
            "taker_side": "no"
        },
        {
            "trade_id": "e44bfae3-5267-4bdb-8b04-babac55cd1a9",
            "ticker": "KXHIGHDEN-25MAY06-T50",
            "count": 1,
            "created_time": "2025-05-06T17:29:16.05673Z",
            "yes_price": 28,
            "no_price": 72,
            "taker_side": "yes"
        },
        {
            "trade_id": "98594ebe-9715-419f-b3e6-e0695bf764c8",
            "ticker": "KXHIGHDEN-25MAY06-T50",
            "count": 48,
            "created_time": "2025-05-06T17:28:26.2375Z",
            "yes_price": 17,
            "no_price": 83,
            "taker_side": "no"
        },
        {
            "trade_id": "8e76b8ff-3a54-4375-8804-4d7ec3aa75ef",
            "ticker": "KXHIGHDEN-25MAY06-T50",
            "count": 2,
            "created_time": "2025-05-06T17:28:26.2375Z",
            "yes_price": 18,
            "no_price": 82,
            "taker_side": "no"
        },
        {
            "trade_id": "b903f3b3-c664-4362-8897-eade6bab41cc",
            "ticker": "KXHIGHDEN-25MAY06-T50",
            "count": 11,
            "created_time": "2025-05-06T17:28:04.144208Z",
            "yes_price": 16,
            "no_price": 84,
            "taker_side": "no"
        },
        {
            "trade_id": "154d1de1-0bf8-48de-a96e-14e78b548dc6",
            "ticker": "KXHIGHDEN-25MAY06-T50",
            "count": 10,
            "created_time": "2025-05-06T17:27:45.722422Z",
            "yes_price": 16,
            "no_price": 84,
            "taker_side": "no"
        },
        {
            "trade_id": "92621d31-0c78-402d-86a4-94bac3428256",
            "ticker": "KXHIGHDEN-25MAY06-T50",
            "count": 50,
            "created_time": "2025-05-06T17:27:28.981355Z",
            "yes_price": 17,
            "no_price": 83,
            "taker_side": "no"
        },
        {
            "trade_id": "6af4a6d3-1a4d-4e3b-a7b8-4317b1986b1e",
            "ticker": "KXHIGHDEN-25MAY06-T50",
            "count": 2,
            "created_time": "2025-05-06T17:25:34.790256Z",
            "yes_price": 32,
            "no_price": 68,
            "taker_side": "yes"
        },
        {
            "trade_id": "e6ea0870-b2ea-4a43-bde6-5edd461d63f5",
            "ticker": "KXHIGHDEN-25MAY06-T50",
            "count": 4,
            "created_time": "2025-05-06T17:22:04.76585Z",
            "yes_price": 18,
            "no_price": 82,
            "taker_side": "no"
        },
        {
            "trade_id": "682a4034-8c08-47c0-bf4b-9ccf5129fd02",
            "ticker": "KXHIGHDEN-25MAY06-T50",
            "count": 11,
            "created_time": "2025-05-06T17:22:04.76585Z",
            "yes_price": 22,
            "no_price": 78,
            "taker_side": "no"
        },
        {
            "trade_id": "5d096938-7e7b-46bf-b0a7-69fdcef9bbc5",
            "ticker": "KXHIGHDEN-25MAY06-T50",
            "count": 6,
            "created_time": "2025-05-06T17:22:04.76585Z",
            "yes_price": 18,
            "no_price": 82,
            "taker_side": "no"
        },
        {
            "trade_id": "deffb327-e265-4473-b367-4938cc8f026d",
            "ticker": "KXHIGHDEN-25MAY06-T50",
            "count": 9,
            "created_time": "2025-05-06T17:21:41.991784Z",
            "yes_price": 31,
            "no_price": 69,
            "taker_side": "yes"
        },
        {
            "trade_id": "3c89e6ad-4351-4d4b-b34e-5597cdd27d95",
            "ticker": "KXHIGHDEN-25MAY06-T50",
            "count": 30,
            "created_time": "2025-05-06T17:21:41.991784Z",
            "yes_price": 32,
            "no_price": 68,
            "taker_side": "yes"
        },
        {
            "trade_id": "1584022a-1f47-4aeb-ad13-82e555579b6c",
            "ticker": "KXHIGHDEN-25MAY06-T50",
            "count": 5,
            "created_time": "2025-05-06T17:21:41.991784Z",
            "yes_price": 35,
            "no_price": 65,
            "taker_side": "yes"
        },
        {
            "trade_id": "b9cb617f-fa3b-4134-b533-170ce4156a16",
            "ticker": "KXHIGHDEN-25MAY06-T50",
            "count": 7,
            "created_time": "2025-05-06T17:20:53.898395Z",
            "yes_price": 38,
            "no_price": 62,
            "taker_side": "yes"
        },
        {
            "trade_id": "69638b37-456a-4838-bd85-27eb0f01d805",
            "ticker": "KXHIGHDEN-25MAY06-T50",
            "count": 13,
            "created_time": "2025-05-06T17:20:53.898395Z",
            "yes_price": 34,
            "no_price": 66,
            "taker_side": "yes"
        },
        {
            "trade_id": "3dd007b2-0811-42be-9e85-62afb039a724",
            "ticker": "KXHIGHDEN-25MAY06-T50",
            "count": 30,
            "created_time": "2025-05-06T17:20:53.898395Z",
            "yes_price": 31,
            "no_price": 69,
            "taker_side": "yes"
        },
        {
            "trade_id": "fc93c486-2327-4bea-ba45-dc1efda6a75b",
            "ticker": "KXHIGHDEN-25MAY06-T50",
            "count": 58,
            "created_time": "2025-05-06T17:20:45.852679Z",
            "yes_price": 29,
            "no_price": 71,
            "taker_side": "no"
        },
        {
            "trade_id": "e493fa93-724c-4598-9f96-bb8eaf94928c",
            "ticker": "KXHIGHDEN-25MAY06-T50",
            "count": 100,
            "created_time": "2025-05-06T17:20:45.452784Z",
            "yes_price": 32,
            "no_price": 68,
            "taker_side": "yes"
        },
        {
            "trade_id": "c3083531-1c00-44de-a118-ee61b03f7ad4",
            "ticker": "KXHIGHDEN-25MAY06-T50",
            "count": 50,
            "created_time": "2025-05-06T17:20:45.452784Z",
            "yes_price": 31,
            "no_price": 69,
            "taker_side": "yes"
        },
        {
            "trade_id": "30349344-47cf-4aaf-8672-617f55bc4352",
            "ticker": "KXHIGHDEN-25MAY06-T50",
            "count": 200,
            "created_time": "2025-05-06T17:20:45.452784Z",
            "yes_price": 32,
            "no_price": 68,
            "taker_side": "yes"
        },
        {
            "trade_id": "94b14ca6-8ec2-4335-a78a-11987d36fccf",
            "ticker": "KXHIGHDEN-25MAY06-T50",
            "count": 1,
            "created_time": "2025-05-06T17:20:37.364661Z",
            "yes_price": 30,
            "no_price": 70,
            "taker_side": "yes"
        },
        {
            "trade_id": "31ba8b03-6459-4bad-8571-7d918bfecc5c",
            "ticker": "KXHIGHDEN-25MAY06-T50",
            "count": 30,
            "created_time": "2025-05-06T17:20:37.364661Z",
            "yes_price": 30,
            "no_price": 70,
            "taker_side": "yes"
        },
        {
            "trade_id": "0e3d0cbb-ba5f-4f4b-8838-a3e1e2ed6498",
            "ticker": "KXHIGHDEN-25MAY06-T50",
            "count": 30,
            "created_time": "2025-05-06T17:20:15.25679Z",
            "yes_price": 29,
            "no_price": 71,
            "taker_side": "no"
        },
        {
            "trade_id": "7f1c5808-28ea-4ba6-bf28-6c24a9492096",
            "ticker": "KXHIGHDEN-25MAY06-T50",
            "count": 17,
            "created_time": "2025-05-06T17:19:59.773248Z",
            "yes_price": 30,
            "no_price": 70,
            "taker_side": "no"
        },
        {
            "trade_id": "328424d9-2731-4c69-9c5c-dfc25b48c0b3",
            "ticker": "KXHIGHDEN-25MAY06-T50",
            "count": 8,
            "created_time": "2025-05-06T17:19:59.773248Z",
            "yes_price": 30,
            "no_price": 70,
            "taker_side": "no"
        },
        {
            "trade_id": "95e8948e-4dac-4968-93c7-fd63a3c3ea4c",
            "ticker": "KXHIGHDEN-25MAY06-T50",
            "count": 31,
            "created_time": "2025-05-06T17:18:07.035832Z",
            "yes_price": 31,
            "no_price": 69,
            "taker_side": "no"
        },
        {
            "trade_id": "c7d13598-90a7-41f1-9c28-c1885784476a",
            "ticker": "KXHIGHDEN-25MAY06-T50",
            "count": 9,
            "created_time": "2025-05-06T17:18:00.216489Z",
            "yes_price": 31,
            "no_price": 69,
            "taker_side": "no"
        },
        {
            "trade_id": "8d401ae0-c863-40fb-9a02-ab662220ff7f",
            "ticker": "KXHIGHDEN-25MAY06-T50",
            "count": 11,
            "created_time": "2025-05-06T17:02:19.116057Z",
            "yes_price": 32,
            "no_price": 68,
            "taker_side": "yes"
        },
        {
            "trade_id": "0adb1871-1ffc-43bf-8b3c-761d3e0effab",
            "ticker": "KXHIGHDEN-25MAY06-T50",
            "count": 13,
            "created_time": "2025-05-06T16:59:48.860635Z",
            "yes_price": 36,
            "no_price": 64,
            "taker_side": "yes"
        },
        {
            "trade_id": "45b792ed-51ec-41d6-8469-1c83886bf2e1",
            "ticker": "KXHIGHDEN-25MAY06-T50",
            "count": 12,
            "created_time": "2025-05-06T16:55:31.33157Z",
            "yes_price": 29,
            "no_price": 71,
            "taker_side": "yes"
        },
        {
            "trade_id": "80d9abfb-fb47-43a3-9179-3696f5bc3892",
            "ticker": "KXHIGHDEN-25MAY06-T50",
            "count": 12,
            "created_time": "2025-05-06T16:51:31.070115Z",
            "yes_price": 27,
            "no_price": 73,
            "taker_side": "yes"
        },
        {
            "trade_id": "0c16e61b-9203-4072-90aa-ac908e858dcf",
            "ticker": "KXHIGHDEN-25MAY06-T50",
            "count": 1,
            "created_time": "2025-05-06T16:49:54.792917Z",
            "yes_price": 26,
            "no_price": 74,
            "taker_side": "yes"
        },
        {
            "trade_id": "929b5d12-36e7-4fca-b532-bf152e369e1e",
            "ticker": "KXHIGHDEN-25MAY06-T50",
            "count": 13,
            "created_time": "2025-05-06T16:46:26.649712Z",
            "yes_price": 24,
            "no_price": 76,
            "taker_side": "no"
        },
        {
            "trade_id": "4b7c00f8-e0cd-4ce0-9e4c-17e083d7d103",
            "ticker": "KXHIGHDEN-25MAY06-T50",
            "count": 10,
            "created_time": "2025-05-06T16:40:00.47741Z",
            "yes_price": 24,
            "no_price": 76,
            "taker_side": "no"
        },
        {
            "trade_id": "d0b1d989-5288-4609-b0d0-d9d1fb50107d",
            "ticker": "KXHIGHDEN-25MAY06-T50",
            "count": 10,
            "created_time": "2025-05-06T16:23:14.047224Z",
            "yes_price": 25,
            "no_price": 75,
            "taker_side": "no"
        },
        {
            "trade_id": "3d2ab173-8ad8-4f78-8882-d68ce54f69ba",
            "ticker": "KXHIGHDEN-25MAY06-T50",
            "count": 40,
            "created_time": "2025-05-06T16:23:14.047224Z",
            "yes_price": 25,
            "no_price": 75,
            "taker_side": "no"
        },
        {
            "trade_id": "553126ea-0767-461d-bc4d-45dca8500c1f",
            "ticker": "KXHIGHDEN-25MAY06-T50",
            "count": 50,
            "created_time": "2025-05-06T16:11:18.640771Z",
            "yes_price": 25,
            "no_price": 75,
            "taker_side": "no"
        },
        {
            "trade_id": "0d986492-dfe3-499d-86c1-f00c63071a28",
            "ticker": "KXHIGHDEN-25MAY06-T50",
            "count": 126,
            "created_time": "2025-05-06T16:11:18.640771Z",
            "yes_price": 25,
            "no_price": 75,
            "taker_side": "no"
        },
        {
            "trade_id": "3427d7e7-eefb-4d89-901a-380c2ab6adb8",
            "ticker": "KXHIGHDEN-25MAY06-T50",
            "count": 1,
            "created_time": "2025-05-06T16:10:31.752206Z",
            "yes_price": 26,
            "no_price": 74,
            "taker_side": "yes"
        },
        {
            "trade_id": "0494e5b4-f8f5-4f81-ae6f-3cede718f0d8",
            "ticker": "KXHIGHDEN-25MAY06-T50",
            "count": 17,
            "created_time": "2025-05-06T16:09:54.583271Z",
            "yes_price": 25,
            "no_price": 75,
            "taker_side": "no"
        },
        {
            "trade_id": "de3a115d-dd0f-4986-89fe-6ff61f7e5138",
            "ticker": "KXHIGHDEN-25MAY06-T50",
            "count": 7,
            "created_time": "2025-05-06T16:08:08.815553Z",
            "yes_price": 26,
            "no_price": 74,
            "taker_side": "yes"
        },
        {
            "trade_id": "034942b2-f463-4e06-83b4-d6aa60906845",
            "ticker": "KXHIGHDEN-25MAY06-T50",
            "count": 17,
            "created_time": "2025-05-06T16:08:08.815553Z",
            "yes_price": 27,
            "no_price": 73,
            "taker_side": "yes"
        },
        {
            "trade_id": "63d71bb4-b74a-42e4-b0ed-233bb5545c82",
            "ticker": "KXHIGHDEN-25MAY06-T50",
            "count": 40,
            "created_time": "2025-05-06T16:07:58.463798Z",
            "yes_price": 22,
            "no_price": 78,
            "taker_side": "yes"
        },
        {
            "trade_id": "3d5f758b-b4e6-4c3f-9406-7178a1c2d94a",
            "ticker": "KXHIGHDEN-25MAY06-T50",
            "count": 7,
            "created_time": "2025-05-06T16:07:58.463798Z",
            "yes_price": 25,
            "no_price": 75,
            "taker_side": "yes"
        },
        {
            "trade_id": "3d3ed371-b5c6-48e3-b5e4-a1ff5222734a",
            "ticker": "KXHIGHDEN-25MAY06-T50",
            "count": 10,
            "created_time": "2025-05-06T16:07:58.463798Z",
            "yes_price": 23,
            "no_price": 77,
            "taker_side": "yes"
        },
        {
            "trade_id": "c30efbd2-4b07-4f7a-b898-b1c0ba894dc1",
            "ticker": "KXHIGHDEN-25MAY06-T50",
            "count": 40,
            "created_time": "2025-05-06T16:07:48.021591Z",
            "yes_price": 22,
            "no_price": 78,
            "taker_side": "yes"
        },
        {
            "trade_id": "3813dfb4-a9b2-47a5-a1a8-ccf04bd5191b",
            "ticker": "KXHIGHDEN-25MAY06-T50",
            "count": 23,
            "created_time": "2025-05-06T16:07:44.671735Z",
            "yes_price": 20,
            "no_price": 80,
            "taker_side": "no"
        },
        {
            "trade_id": "227bb57c-7217-46de-93b7-4d280bdc3a28",
            "ticker": "KXHIGHDEN-25MAY06-T50",
            "count": 10,
            "created_time": "2025-05-06T16:07:33.865826Z",
            "yes_price": 21,
            "no_price": 79,
            "taker_side": "yes"
        },
        {
            "trade_id": "688f4534-3e1f-466a-b140-8fe15f706366",
            "ticker": "KXHIGHDEN-25MAY06-T50",
            "count": 10,
            "created_time": "2025-05-06T16:02:56.168808Z",
            "yes_price": 22,
            "no_price": 78,
            "taker_side": "yes"
        },
        {
            "trade_id": "4a70321f-cee9-4a46-97ae-a40bfdbbf6c4",
            "ticker": "KXHIGHDEN-25MAY06-T50",
            "count": 23,
            "created_time": "2025-05-06T16:01:50.337013Z",
            "yes_price": 20,
            "no_price": 80,
            "taker_side": "yes"
        },
        {
            "trade_id": "0afc6f92-c248-457c-b692-b8a0a5d41394",
            "ticker": "KXHIGHDEN-25MAY06-T50",
            "count": 12,
            "created_time": "2025-05-06T15:55:30.116735Z",
            "yes_price": 21,
            "no_price": 79,
            "taker_side": "no"
        },
        {
            "trade_id": "3afcc8c8-d844-4862-bbca-56aef2cc2001",
            "ticker": "KXHIGHDEN-25MAY06-T50",
            "count": 5,
            "created_time": "2025-05-06T15:53:24.698006Z",
            "yes_price": 20,
            "no_price": 80,
            "taker_side": "yes"
        },
        {
            "trade_id": "0a090704-785a-4c28-85ba-ab41e4fdf8ac",
            "ticker": "KXHIGHDEN-25MAY06-T50",
            "count": 7,
            "created_time": "2025-05-06T15:50:16.941659Z",
            "yes_price": 20,
            "no_price": 80,
            "taker_side": "no"
        },
        {
            "trade_id": "c686e180-5be2-48bc-8625-6076a909d491",
            "ticker": "KXHIGHDEN-25MAY06-T50",
            "count": 12,
            "created_time": "2025-05-06T15:46:18.924477Z",
            "yes_price": 20,
            "no_price": 80,
            "taker_side": "yes"
        },
        {
            "trade_id": "e2544712-98e9-4868-9583-f6da7d8845d0",
            "ticker": "KXHIGHDEN-25MAY06-T50",
            "count": 2,
            "created_time": "2025-05-06T15:45:28.544756Z",
            "yes_price": 20,
            "no_price": 80,
            "taker_side": "no"
        },
        {
            "trade_id": "0241ff9a-7d11-4244-9a36-ddad3420617d",
            "ticker": "KXHIGHDEN-25MAY06-T50",
            "count": 13,
            "created_time": "2025-05-06T15:43:28.182295Z",
            "yes_price": 21,
            "no_price": 79,
            "taker_side": "yes"
        },
        {
            "trade_id": "613fb6f8-75d1-43e1-9b23-d0dea94fe552",
            "ticker": "KXHIGHDEN-25MAY06-T50",
            "count": 2,
            "created_time": "2025-05-06T15:40:14.747562Z",
            "yes_price": 21,
            "no_price": 79,
            "taker_side": "no"
        },
        {
            "trade_id": "8fe3737c-a5dc-47ba-aff6-cedcb8e0d1bb",
            "ticker": "KXHIGHDEN-25MAY06-T50",
            "count": 1,
            "created_time": "2025-05-06T15:38:08.330097Z",
            "yes_price": 22,
            "no_price": 78,
            "taker_side": "no"
        },
        {
            "trade_id": "41a90bf8-36ed-45dd-a401-eb6e7881dbba",
            "ticker": "KXHIGHDEN-25MAY06-T50",
            "count": 1,
            "created_time": "2025-05-06T15:38:07.889994Z",
            "yes_price": 22,
            "no_price": 78,
            "taker_side": "no"
        },
        {
            "trade_id": "9faa12dc-eaf4-4a3b-902d-e0ad2601d5dd",
            "ticker": "KXHIGHDEN-25MAY06-T50",
            "count": 1,
            "created_time": "2025-05-06T15:37:52.344162Z",
            "yes_price": 24,
            "no_price": 76,
            "taker_side": "yes"
        },
        {
            "trade_id": "2d295918-adc8-47b9-af38-881c2d567667",
            "ticker": "KXHIGHDEN-25MAY06-T50",
            "count": 10,
            "created_time": "2025-05-06T15:37:52.344162Z",
            "yes_price": 24,
            "no_price": 76,
            "taker_side": "yes"
        },
        {
            "trade_id": "eb607460-0403-4633-9a0c-f23bec64ea42",
            "ticker": "KXHIGHDEN-25MAY06-T50",
            "count": 2,
            "created_time": "2025-05-06T15:37:16.359926Z",
            "yes_price": 22,
            "no_price": 78,
            "taker_side": "yes"
        },
        {
            "trade_id": "c01ed841-0001-49d3-850f-334bf252a641",
            "ticker": "KXHIGHDEN-25MAY06-T50",
            "count": 2,
            "created_time": "2025-05-06T15:37:16.359926Z",
            "yes_price": 21,
            "no_price": 79,
            "taker_side": "yes"
        },
        {
            "trade_id": "77545a23-6866-4c5b-b861-40c09c250553",
            "ticker": "KXHIGHDEN-25MAY06-T50",
            "count": 2,
            "created_time": "2025-05-06T15:37:16.359926Z",
            "yes_price": 23,
            "no_price": 77,
            "taker_side": "yes"
        },
        {
            "trade_id": "61319a7c-fb6a-4b4d-afc0-e0e2bde5eb8a",
            "ticker": "KXHIGHDEN-25MAY06-T50",
            "count": 1,
            "created_time": "2025-05-06T15:36:58.643413Z",
            "yes_price": 20,
            "no_price": 80,
            "taker_side": "yes"
        },
        {
            "trade_id": "4f03c5d5-04bb-4eef-ae6d-7acb554a5c3a",
            "ticker": "KXHIGHDEN-25MAY06-T50",
            "count": 1,
            "created_time": "2025-05-06T15:36:43.570347Z",
            "yes_price": 19,
            "no_price": 81,
            "taker_side": "yes"
        },
        {
            "trade_id": "e900524b-7799-4103-9f50-910bccb48736",
            "ticker": "KXHIGHDEN-25MAY06-T50",
            "count": 10,
            "created_time": "2025-05-06T15:35:54.240001Z",
            "yes_price": 18,
            "no_price": 82,
            "taker_side": "yes"
        },
        {
            "trade_id": "c40e086d-d976-477e-bc1d-b8ae2a59cfd1",
            "ticker": "KXHIGHDEN-25MAY06-T50",
            "count": 2,
            "created_time": "2025-05-06T15:35:15.280995Z",
            "yes_price": 18,
            "no_price": 82,
            "taker_side": "no"
        },
        {
            "trade_id": "8502308f-7430-46bd-b4d3-d86fb9135b50",
            "ticker": "KXHIGHDEN-25MAY06-T50",
            "count": 12,
            "created_time": "2025-05-06T15:32:15.705745Z",
            "yes_price": 20,
            "no_price": 80,
            "taker_side": "yes"
        },
        {
            "trade_id": "08eaff18-9edb-419c-81dc-fbd41747532e",
            "ticker": "KXHIGHDEN-25MAY06-T50",
            "count": 2,
            "created_time": "2025-05-06T15:30:52.732084Z",
            "yes_price": 20,
            "no_price": 80,
            "taker_side": "yes"
        },
        {
            "trade_id": "3b3a4c03-197f-4d7b-b51c-0d83353e1b88",
            "ticker": "KXHIGHDEN-25MAY06-T50",
            "count": 48,
            "created_time": "2025-05-06T15:30:47.166226Z",
            "yes_price": 19,
            "no_price": 81,
            "taker_side": "yes"
        },
        {
            "trade_id": "1791c724-fe28-417f-a77d-f40d1f7798f3",
            "ticker": "KXHIGHDEN-25MAY06-T50",
            "count": 2,
            "created_time": "2025-05-06T15:30:34.24065Z",
            "yes_price": 19,
            "no_price": 81,
            "taker_side": "no"
        },
        {
            "trade_id": "12a11096-9c6f-4ee1-af31-24e91792cdae",
            "ticker": "KXHIGHDEN-25MAY06-T50",
            "count": 1,
            "created_time": "2025-05-06T15:30:34.08675Z",
            "yes_price": 20,
            "no_price": 80,
            "taker_side": "no"
        },
        {
            "trade_id": "7a0618bd-69cb-4b12-9744-61f99e015671",
            "ticker": "KXHIGHDEN-25MAY06-T50",
            "count": 4,
            "created_time": "2025-05-06T15:27:26.18688Z",
            "yes_price": 19,
            "no_price": 81,
            "taker_side": "no"
        },
        {
            "trade_id": "b3068ef3-66b2-4eeb-a4cd-ac5626871640",
            "ticker": "KXHIGHDEN-25MAY06-T50",
            "count": 2,
            "created_time": "2025-05-06T15:27:19.357259Z",
            "yes_price": 21,
            "no_price": 79,
            "taker_side": "no"
        },
        {
            "trade_id": "846315ab-9505-4881-bc7a-080c52e1bb67",
            "ticker": "KXHIGHDEN-25MAY06-T50",
            "count": 1,
            "created_time": "2025-05-06T15:27:05.91759Z",
            "yes_price": 20,
            "no_price": 80,
            "taker_side": "yes"
        },
        {
            "trade_id": "1cf2749b-3c98-4e7c-a596-e2e0b227ab69",
            "ticker": "KXHIGHDEN-25MAY06-T50",
            "count": 2,
            "created_time": "2025-05-06T15:26:52.893711Z",
            "yes_price": 19,
            "no_price": 81,
            "taker_side": "yes"
        },
        {
            "trade_id": "e93137ff-ed6c-4511-9249-8525e2c7b5aa",
            "ticker": "KXHIGHDEN-25MAY06-T50",
            "count": 2,
            "created_time": "2025-05-06T15:25:49.944169Z",
            "yes_price": 18,
            "no_price": 82,
            "taker_side": "yes"
        },
        {
            "trade_id": "fdf38838-5b80-47cf-9d1d-91a94ea2c673",
            "ticker": "KXHIGHDEN-25MAY06-T50",
            "count": 9,
            "created_time": "2025-05-06T15:25:35.953862Z",
            "yes_price": 17,
            "no_price": 83,
            "taker_side": "yes"
        },
        {
            "trade_id": "6c61661f-8f41-40b1-b326-03762fc388c4",
            "ticker": "KXHIGHDEN-25MAY06-T50",
            "count": 3,
            "created_time": "2025-05-06T15:25:10.754637Z",
            "yes_price": 17,
            "no_price": 83,
            "taker_side": "no"
        },
        {
            "trade_id": "fafb2b41-2cde-470b-b154-5c0d40f72123",
            "ticker": "KXHIGHDEN-25MAY06-T50",
            "count": 13,
            "created_time": "2025-05-06T15:24:09.097508Z",
            "yes_price": 19,
            "no_price": 81,
            "taker_side": "yes"
        },
        {
            "trade_id": "9a669dd7-e65d-4868-bc7c-db29d99fc281",
            "ticker": "KXHIGHDEN-25MAY06-T50",
            "count": 50,
            "created_time": "2025-05-06T15:24:09.097508Z",
            "yes_price": 18,
            "no_price": 82,
            "taker_side": "yes"
        },
        {
            "trade_id": "b8b337ab-772c-419b-a424-f17f2b4c3623",
            "ticker": "KXHIGHDEN-25MAY06-T50",
            "count": 2,
            "created_time": "2025-05-06T15:20:34.953141Z",
            "yes_price": 18,
            "no_price": 82,
            "taker_side": "no"
        },
        {
            "trade_id": "43f01fa8-8003-432c-9480-8f17b6e81174",
            "ticker": "KXHIGHDEN-25MAY06-T50",
            "count": 1,
            "created_time": "2025-05-06T15:20:34.82289Z",
            "yes_price": 19,
            "no_price": 81,
            "taker_side": "no"
        },
        {
            "trade_id": "4b059e00-a89a-4c1a-8259-23eb64b1f4e7",
            "ticker": "KXHIGHDEN-25MAY06-T50",
            "count": 2,
            "created_time": "2025-05-06T15:16:30.399615Z",
            "yes_price": 20,
            "no_price": 80,
            "taker_side": "no"
        },
        {
            "trade_id": "e19fb4ff-dfe0-4be2-b682-1db97102b3b0",
            "ticker": "KXHIGHDEN-25MAY06-T50",
            "count": 1,
            "created_time": "2025-05-06T15:16:30.281779Z",
            "yes_price": 21,
            "no_price": 79,
            "taker_side": "yes"
        },
        {
            "trade_id": "26a66d69-8712-4a0d-9e7a-cf3626a787ab",
            "ticker": "KXHIGHDEN-25MAY06-T50",
            "count": 42,
            "created_time": "2025-05-06T15:16:30.281779Z",
            "yes_price": 22,
            "no_price": 78,
            "taker_side": "yes"
        },
        {
            "trade_id": "9195bf62-559f-4f77-890a-6b71a03f974c",
            "ticker": "KXHIGHDEN-25MAY06-T50",
            "count": 2,
            "created_time": "2025-05-06T15:16:28.880302Z",
            "yes_price": 20,
            "no_price": 80,
            "taker_side": "no"
        },
        {
            "trade_id": "9d55c2f8-4461-489e-92d5-24a652afe431",
            "ticker": "KXHIGHDEN-25MAY06-T50",
            "count": 1,
            "created_time": "2025-05-06T15:16:28.30704Z",
            "yes_price": 20,
            "no_price": 80,
            "taker_side": "no"
        },
        {
            "trade_id": "4dd121e8-a529-4a04-ae3d-00e7fd6d43ad",
            "ticker": "KXHIGHDEN-25MAY06-T50",
            "count": 1,
            "created_time": "2025-05-06T15:16:28.25873Z",
            "yes_price": 20,
            "no_price": 80,
            "taker_side": "yes"
        },
        {
            "trade_id": "386edcdc-8da4-4f21-b448-2ffc3fa56da5",
            "ticker": "KXHIGHDEN-25MAY06-T50",
            "count": 1,
            "created_time": "2025-05-06T15:16:27.624538Z",
            "yes_price": 11,
            "no_price": 89,
            "taker_side": "no"
        },
        {
            "trade_id": "32e70e6d-134b-4d0a-a07d-f9bb3f8c53ac",
            "ticker": "KXHIGHDEN-25MAY06-T50",
            "count": 3,
            "created_time": "2025-05-06T15:16:27.411673Z",
            "yes_price": 12,
            "no_price": 88,
            "taker_side": "no"
        },
        {
            "trade_id": "6806b907-d9b4-4c5a-9e3b-df5f45dba123",
            "ticker": "KXHIGHDEN-25MAY06-T50",
            "count": 1,
            "created_time": "2025-05-06T15:16:26.718158Z",
            "yes_price": 11,
            "no_price": 89,
            "taker_side": "no"
        },
        {
            "trade_id": "8aee5da1-2cb0-4d69-8694-52c38905c487",
            "ticker": "KXHIGHDEN-25MAY06-T50",
            "count": 2,
            "created_time": "2025-05-06T15:16:24.553166Z",
            "yes_price": 12,
            "no_price": 88,
            "taker_side": "no"
        },
        {
            "trade_id": "5de5e68f-8200-485f-a55b-372b3b713461",
            "ticker": "KXHIGHDEN-25MAY06-T50",
            "count": 9,
            "created_time": "2025-05-06T15:15:58.662575Z",
            "yes_price": 13,
            "no_price": 87,
            "taker_side": "yes"
        },
        {
            "trade_id": "fff6051f-5685-4440-a0f2-b950da93e2b8",
            "ticker": "KXHIGHDEN-25MAY06-T50",
            "count": 23,
            "created_time": "2025-05-06T15:14:08.775453Z",
            "yes_price": 15,
            "no_price": 85,
            "taker_side": "yes"
        },
        {
            "trade_id": "52cc1e91-04d7-4698-86dd-0e1e4734f5d8",
            "ticker": "KXHIGHDEN-25MAY06-T50",
            "count": 2,
            "created_time": "2025-05-06T15:14:08.775453Z",
            "yes_price": 15,
            "no_price": 85,
            "taker_side": "yes"
        },
        {
            "trade_id": "874e1e9d-992f-45ac-865e-7b959accdf63",
            "ticker": "KXHIGHDEN-25MAY06-T50",
            "count": 17,
            "created_time": "2025-05-06T15:13:10.028938Z",
            "yes_price": 14,
            "no_price": 86,
            "taker_side": "yes"
        },
        {
            "trade_id": "3c42da04-5522-4832-b142-feb2fd585f3d",
            "ticker": "KXHIGHDEN-25MAY06-T50",
            "count": 1,
            "created_time": "2025-05-06T15:13:10.028938Z",
            "yes_price": 13,
            "no_price": 87,
            "taker_side": "yes"
        },
        {
            "trade_id": "0ba9d9b0-216c-4f70-bdbe-0da03d959d59",
            "ticker": "KXHIGHDEN-25MAY06-T50",
            "count": 2,
            "created_time": "2025-05-06T15:13:10.028938Z",
            "yes_price": 14,
            "no_price": 86,
            "taker_side": "yes"
        },
        {
            "trade_id": "2d57a615-bb55-4819-a861-8e1186c74d46",
            "ticker": "KXHIGHDEN-25MAY06-T50",
            "count": 500,
            "created_time": "2025-05-06T15:11:28.785998Z",
            "yes_price": 15,
            "no_price": 85,
            "taker_side": "yes"
        },
        {
            "trade_id": "375f50a6-102c-43d5-a7ba-21fbbcb35112",
            "ticker": "KXHIGHDEN-25MAY06-T50",
            "count": 42,
            "created_time": "2025-05-06T15:11:12.648442Z",
            "yes_price": 15,
            "no_price": 85,
            "taker_side": "yes"
        },
        {
            "trade_id": "2fc08247-af54-45af-976c-93ef372789b4",
            "ticker": "KXHIGHDEN-25MAY06-T50",
            "count": 50,
            "created_time": "2025-05-06T15:11:12.648442Z",
            "yes_price": 12,
            "no_price": 88,
            "taker_side": "yes"
        },
        {
            "trade_id": "023f7502-4ff9-4e65-b0da-bbf32e177b70",
            "ticker": "KXHIGHDEN-25MAY06-T50",
            "count": 8,
            "created_time": "2025-05-06T15:11:12.648442Z",
            "yes_price": 13,
            "no_price": 87,
            "taker_side": "yes"
        },
        {
            "trade_id": "53293f4e-21db-4046-b299-c8488803d6fb",
            "ticker": "KXHIGHDEN-25MAY06-T50",
            "count": 2,
            "created_time": "2025-05-06T15:05:13.60725Z",
            "yes_price": 12,
            "no_price": 88,
            "taker_side": "no"
        },
        {
            "trade_id": "ba4683cf-91f5-41fa-aa30-029d241554bc",
            "ticker": "KXHIGHDEN-25MAY06-T50",
            "count": 1,
            "created_time": "2025-05-06T15:05:13.302646Z",
            "yes_price": 13,
            "no_price": 87,
            "taker_side": "no"
        },
        {
            "trade_id": "9b59ed41-305d-466a-b613-a895b29b9402",
            "ticker": "KXHIGHDEN-25MAY06-T50",
            "count": 4,
            "created_time": "2025-05-06T15:03:36.487977Z",
            "yes_price": 15,
            "no_price": 85,
            "taker_side": "no"
        },
        {
            "trade_id": "420577d6-29cc-4085-9a26-2860a5d933e0",
            "ticker": "KXHIGHDEN-25MAY06-T50",
            "count": 50,
            "created_time": "2025-05-06T15:02:47.270265Z",
            "yes_price": 13,
            "no_price": 87,
            "taker_side": "yes"
        },
        {
            "trade_id": "38b1e962-ebc8-4206-aed3-73d12fb77aa1",
            "ticker": "KXHIGHDEN-25MAY06-T50",
            "count": 9,
            "created_time": "2025-05-06T15:02:47.270265Z",
            "yes_price": 13,
            "no_price": 87,
            "taker_side": "yes"
        },
        {
            "trade_id": "c2e2827e-ae34-497a-9b47-c676cb06b4c2",
            "ticker": "KXHIGHDEN-25MAY06-T50",
            "count": 2,
            "created_time": "2025-05-06T15:02:23.70734Z",
            "yes_price": 12,
            "no_price": 88,
            "taker_side": "no"
        },
        {
            "trade_id": "961789a6-666b-40b6-adb4-ec028bb04cab",
            "ticker": "KXHIGHDEN-25MAY06-T50",
            "count": 2,
            "created_time": "2025-05-06T15:02:21.133432Z",
            "yes_price": 12,
            "no_price": 88,
            "taker_side": "no"
        },
        {
            "trade_id": "44a67e8f-3238-4582-969f-40b16f6e233d",
            "ticker": "KXHIGHDEN-25MAY06-T50",
            "count": 2,
            "created_time": "2025-05-06T15:02:21.047351Z",
            "yes_price": 12,
            "no_price": 88,
            "taker_side": "yes"
        },
        {
            "trade_id": "004a3931-54ef-42d2-aea2-7df324a568f5",
            "ticker": "KXHIGHDEN-25MAY06-T50",
            "count": 3,
            "created_time": "2025-05-06T15:01:21.813571Z",
            "yes_price": 11,
            "no_price": 89,
            "taker_side": "yes"
        },
        {
            "trade_id": "672402f2-06b2-4551-8170-754766a773d4",
            "ticker": "KXHIGHDEN-25MAY06-T50",
            "count": 2,
            "created_time": "2025-05-06T14:53:27.640919Z",
            "yes_price": 10,
            "no_price": 90,
            "taker_side": "yes"
        },
        {
            "trade_id": "309fc324-3169-4ab9-a69a-bffd355a02b5",
            "ticker": "KXHIGHDEN-25MAY06-T50",
            "count": 50,
            "created_time": "2025-05-06T14:46:18.168201Z",
            "yes_price": 9,
            "no_price": 91,
            "taker_side": "yes"
        },
        {
            "trade_id": "208e7091-106d-425b-84dd-2d54523aa58c",
            "ticker": "KXHIGHDEN-25MAY06-T50",
            "count": 96,
            "created_time": "2025-05-06T14:46:18.168201Z",
            "yes_price": 10,
            "no_price": 90,
            "taker_side": "yes"
        },
        {
            "trade_id": "ed532e9c-ae9d-4a8d-9699-a84d274c0bff",
            "ticker": "KXHIGHDEN-25MAY06-T50",
            "count": 1,
            "created_time": "2025-05-06T14:43:30.89998Z",
            "yes_price": 9,
            "no_price": 91,
            "taker_side": "yes"
        },
        {
            "trade_id": "2a8af6e2-612e-4a10-980e-52953a8db5d9",
            "ticker": "KXHIGHDEN-25MAY06-T50",
            "count": 1,
            "created_time": "2025-05-06T14:43:30.89998Z",
            "yes_price": 10,
            "no_price": 90,
            "taker_side": "yes"
        },
        {
            "trade_id": "222aee83-8871-45eb-a4bc-a6cc9187d330",
            "ticker": "KXHIGHDEN-25MAY06-T50",
            "count": 50,
            "created_time": "2025-05-06T14:43:30.89998Z",
            "yes_price": 9,
            "no_price": 91,
            "taker_side": "yes"
        },
        {
            "trade_id": "dbde0d49-bd66-40af-9bf2-f5b31b6d2968",
            "ticker": "KXHIGHDEN-25MAY06-T50",
            "count": 6,
            "created_time": "2025-05-06T14:42:16.525595Z",
            "yes_price": 7,
            "no_price": 93,
            "taker_side": "yes"
        },
        {
            "trade_id": "65abb6cd-2ec1-4795-9e55-b87b75ce027c",
            "ticker": "KXHIGHDEN-25MAY06-T50",
            "count": 4,
            "created_time": "2025-05-06T14:42:16.525595Z",
            "yes_price": 8,
            "no_price": 92,
            "taker_side": "yes"
        },
        {
            "trade_id": "52940ac9-169c-4616-9cdb-1fe1921a4480",
            "ticker": "KXHIGHDEN-25MAY06-T50",
            "count": 66,
            "created_time": "2025-05-06T14:42:16.525595Z",
            "yes_price": 10,
            "no_price": 90,
            "taker_side": "yes"
        },
        {
            "trade_id": "360f97c8-0463-4106-b009-9bb60dbdb5d7",
            "ticker": "KXHIGHDEN-25MAY06-T50",
            "count": 3,
            "created_time": "2025-05-06T14:42:16.525595Z",
            "yes_price": 9,
