{
    "KXHIGHDEN-25APR22-T67": [
        {
            "trade_id": "973c744c-d820-4150-9bb4-112adee30663",
            "ticker": "KXHIGHDEN-25APR22-T67",
            "count": 1,
            "created_time": "2025-04-22T16:44:36.444325Z",
            "yes_price": 1,
            "no_price": 99,
            "taker_side": "yes"
        },
        {
            "trade_id": "21e5009c-ee66-48b0-a601-754f1240a796",
            "ticker": "KXHIGHDEN-25APR22-T67",
            "count": 1,
            "created_time": "2025-04-22T01:37:56.960111Z",
            "yes_price": 4,
            "no_price": 96,
            "taker_side": "yes"
        },
        {
            "trade_id": "2b8d9c53-f9d0-4082-8f70-6b9fcf03f15a",
            "ticker": "KXHIGHDEN-25APR22-T67",
            "count": 1,
            "created_time": "2025-04-22T01:36:52.156579Z",
            "yes_price": 4,
            "no_price": 96,
            "taker_side": "yes"
        },
        {
            "trade_id": "25bccfef-c2c9-44e6-bcd5-4efc4bbac7cc",
            "ticker": "KXHIGHDEN-25APR22-T67",
            "count": 1,
            "created_time": "2025-04-22T01:35:46.541068Z",
            "yes_price": 4,
            "no_price": 96,
            "taker_side": "yes"
        },
        {
            "trade_id": "f287b2b0-1fda-4822-b725-b3b515cade98",
            "ticker": "KXHIGHDEN-25APR22-T67",
            "count": 1,
            "created_time": "2025-04-22T01:34:41.592702Z",
            "yes_price": 4,
            "no_price": 96,
            "taker_side": "yes"
        },
        {
            "trade_id": "3fce343e-a5e2-426c-b7fa-30daae5821bc",
            "ticker": "KXHIGHDEN-25APR22-T67",
            "count": 1,
            "created_time": "2025-04-22T00:57:44.731185Z",
            "yes_price": 4,
            "no_price": 96,
            "taker_side": "yes"
        },
        {
            "trade_id": "3756dd20-8cb6-4456-b57d-bc7ce6e74933",
            "ticker": "KXHIGHDEN-25APR22-T67",
            "count": 1,
            "created_time": "2025-04-22T00:56:39.963948Z",
            "yes_price": 4,
            "no_price": 96,
            "taker_side": "yes"
        },
        {
            "trade_id": "6c6fc56c-19e5-415a-979d-5a6d5229991f",
            "ticker": "KXHIGHDEN-25APR22-T67",
            "count": 1,
            "created_time": "2025-04-21T23:36:53.576138Z",
            "yes_price": 4,
            "no_price": 96,
            "taker_side": "yes"
        },
        {
            "trade_id": "e2dde3f0-5406-443e-ad13-4f7aa9b05f80",
            "ticker": "KXHIGHDEN-25APR22-T67",
            "count": 1,
            "created_time": "2025-04-21T23:35:48.969369Z",
            "yes_price": 4,
            "no_price": 96,
            "taker_side": "yes"
        },
        {
            "trade_id": "de57ba1a-21b8-4859-b9c2-2861951a0a98",
            "ticker": "KXHIGHDEN-25APR22-T67",
            "count": 1,
            "created_time": "2025-04-21T23:33:39.929149Z",
            "yes_price": 4,
            "no_price": 96,
            "taker_side": "yes"
        },
        {
            "trade_id": "c8f4d0a9-1bb5-4b57-b90f-acb8e3eaeebb",
            "ticker": "KXHIGHDEN-25APR22-T67",
            "count": 1,
            "created_time": "2025-04-21T23:32:35.616642Z",
            "yes_price": 4,
            "no_price": 96,
            "taker_side": "yes"
        },
        {
            "trade_id": "3e700c3c-87c1-4f24-9bf9-d6d58c719dd4",
            "ticker": "KXHIGHDEN-25APR22-T67",
            "count": 1,
            "created_time": "2025-04-21T22:53:59.119445Z",
            "yes_price": 4,
            "no_price": 96,
            "taker_side": "yes"
        },
        {
            "trade_id": "db657228-6af3-40ec-ab62-d9691a842a6a",
            "ticker": "KXHIGHDEN-25APR22-T67",
            "count": 1,
            "created_time": "2025-04-21T22:52:30.37182Z",
            "yes_price": 4,
            "no_price": 96,
            "taker_side": "yes"
        },
        {
            "trade_id": "7c5bc2a5-36c7-4237-bc70-a75baa696d6b",
            "ticker": "KXHIGHDEN-25APR22-T67",
            "count": 1,
            "created_time": "2025-04-21T22:51:00.538893Z",
            "yes_price": 4,
            "no_price": 96,
            "taker_side": "yes"
        },
        {
            "trade_id": "7e46d52a-71cc-410d-a2b3-f7c9c0a62b2c",
            "ticker": "KXHIGHDEN-25APR22-T67",
            "count": 1,
            "created_time": "2025-04-21T22:49:25.438488Z",
            "yes_price": 4,
            "no_price": 96,
            "taker_side": "yes"
        },
        {
            "trade_id": "d7ac75a7-f8dd-4323-92c1-78ef9983eaf9",
            "ticker": "KXHIGHDEN-25APR22-T67",
            "count": 1,
            "created_time": "2025-04-21T22:46:16.394495Z",
            "yes_price": 4,
            "no_price": 96,
            "taker_side": "yes"
        },
        {
            "trade_id": "3f6d9dc5-5b85-4218-8f70-5cd9f635adf6",
            "ticker": "KXHIGHDEN-25APR22-T67",
            "count": 1,
            "created_time": "2025-04-21T22:09:22.368719Z",
            "yes_price": 4,
            "no_price": 96,
            "taker_side": "yes"
        },
        {
            "trade_id": "cde0bd86-d49b-4021-bd58-d62b3f00d65a",
            "ticker": "KXHIGHDEN-25APR22-T67",
            "count": 1,
            "created_time": "2025-04-21T22:08:16.956827Z",
            "yes_price": 4,
            "no_price": 96,
            "taker_side": "yes"
        },
        {
            "trade_id": "de96f9cd-6e66-40d9-a787-43d23f0025bb",
            "ticker": "KXHIGHDEN-25APR22-T67",
            "count": 1,
            "created_time": "2025-04-21T22:07:11.034439Z",
            "yes_price": 4,
            "no_price": 96,
            "taker_side": "yes"
        },
        {
            "trade_id": "80b85033-300e-4f49-ac8c-8dafd48e5e0b",
            "ticker": "KXHIGHDEN-25APR22-T67",
            "count": 1,
            "created_time": "2025-04-21T22:06:05.470359Z",
            "yes_price": 4,
            "no_price": 96,
            "taker_side": "yes"
        },
        {
            "trade_id": "a997a9af-544a-4da3-9d05-deaf49e769df",
            "ticker": "KXHIGHDEN-25APR22-T67",
            "count": 1,
            "created_time": "2025-04-21T22:04:59.685162Z",
            "yes_price": 4,
            "no_price": 96,
            "taker_side": "yes"
        },
        {
            "trade_id": "cbf52365-5ab0-42bf-aedb-564b76e980d5",
            "ticker": "KXHIGHDEN-25APR22-T67",
            "count": 1,
            "created_time": "2025-04-21T22:03:54.014314Z",
            "yes_price": 4,
            "no_price": 96,
            "taker_side": "yes"
        },
        {
            "trade_id": "1a45e683-88de-4033-ba2c-17c673a41c4d",
            "ticker": "KXHIGHDEN-25APR22-T67",
            "count": 1,
            "created_time": "2025-04-21T22:02:47.732371Z",
            "yes_price": 4,
            "no_price": 96,
            "taker_side": "yes"
        },
        {
            "trade_id": "d30ca93d-b537-428c-b2cc-409f92dc4ad8",
            "ticker": "KXHIGHDEN-25APR22-T67",
            "count": 1,
            "created_time": "2025-04-21T22:01:41.6979Z",
            "yes_price": 4,
            "no_price": 96,
            "taker_side": "yes"
        },
        {
            "trade_id": "20ea7b39-063f-478c-a04d-ed384894887a",
            "ticker": "KXHIGHDEN-25APR22-T67",
            "count": 1,
            "created_time": "2025-04-21T22:00:35.726174Z",
            "yes_price": 4,
            "no_price": 96,
            "taker_side": "yes"
        },
        {
            "trade_id": "f8c52fee-30c5-45ed-8cc4-437a79efcf00",
            "ticker": "KXHIGHDEN-25APR22-T67",
            "count": 1,
            "created_time": "2025-04-21T21:59:29.908598Z",
            "yes_price": 4,
            "no_price": 96,
            "taker_side": "yes"
        },
        {
            "trade_id": "4bb321d3-50bc-4456-a141-b43af6a98608",
            "ticker": "KXHIGHDEN-25APR22-T67",
            "count": 1,
            "created_time": "2025-04-21T21:58:23.855013Z",
            "yes_price": 4,
            "no_price": 96,
            "taker_side": "yes"
        },
        {
            "trade_id": "9539a905-b5d4-4645-9a4b-9e243dfdb444",
            "ticker": "KXHIGHDEN-25APR22-T67",
            "count": 1,
            "created_time": "2025-04-21T21:55:00.641744Z",
            "yes_price": 4,
            "no_price": 96,
            "taker_side": "yes"
        },
        {
            "trade_id": "fc0388c2-005f-4fa2-8ba6-57a2bbc58715",
            "ticker": "KXHIGHDEN-25APR22-T67",
            "count": 1,
            "created_time": "2025-04-21T21:53:55.166154Z",
            "yes_price": 4,
            "no_price": 96,
            "taker_side": "yes"
        },
        {
            "trade_id": "c9fe53ee-486c-4140-9921-4f69e80af410",
            "ticker": "KXHIGHDEN-25APR22-T67",
            "count": 1,
            "created_time": "2025-04-21T21:52:28.206194Z",
            "yes_price": 4,
            "no_price": 96,
            "taker_side": "yes"
        },
        {
            "trade_id": "dcb83c2e-76f6-4d2e-a83a-885ed2b15ee0",
            "ticker": "KXHIGHDEN-25APR22-T67",
            "count": 1,
            "created_time": "2025-04-21T21:51:22.308567Z",
            "yes_price": 4,
            "no_price": 96,
            "taker_side": "yes"
        },
        {
            "trade_id": "49c1100c-4786-47b9-8203-1c986b4f3cb1",
            "ticker": "KXHIGHDEN-25APR22-T67",
            "count": 1,
            "created_time": "2025-04-21T21:50:15.363565Z",
            "yes_price": 4,
            "no_price": 96,
            "taker_side": "yes"
        },
        {
            "trade_id": "b5fb39a4-81f8-486a-ba36-0c7680472a74",
            "ticker": "KXHIGHDEN-25APR22-T67",
            "count": 1,
            "created_time": "2025-04-21T21:48:49.736372Z",
            "yes_price": 4,
            "no_price": 96,
            "taker_side": "yes"
        },
        {
            "trade_id": "e3a83e1d-36da-4766-b5ca-9104b32b1757",
            "ticker": "KXHIGHDEN-25APR22-T67",
            "count": 1,
            "created_time": "2025-04-21T21:47:44.484757Z",
            "yes_price": 4,
            "no_price": 96,
            "taker_side": "yes"
        },
        {
            "trade_id": "ddc68df5-61ac-4eca-bbe3-c932fd11c353",
            "ticker": "KXHIGHDEN-25APR22-T67",
            "count": 1,
            "created_time": "2025-04-21T21:46:48.975657Z",
            "yes_price": 4,
            "no_price": 96,
            "taker_side": "yes"
        },
        {
            "trade_id": "33ab75ad-942f-4df8-8831-969f3f6b741e",
            "ticker": "KXHIGHDEN-25APR22-T67",
            "count": 1,
            "created_time": "2025-04-21T21:10:11.431784Z",
            "yes_price": 4,
            "no_price": 96,
            "taker_side": "yes"
        },
        {
            "trade_id": "18cdfa81-cb53-4f67-94c3-a26c0766809f",
            "ticker": "KXHIGHDEN-25APR22-T67",
            "count": 1,
            "created_time": "2025-04-21T21:09:03.879009Z",
            "yes_price": 4,
            "no_price": 96,
            "taker_side": "yes"
        },
        {
            "trade_id": "dec17562-8b7b-48db-8a46-48acbed5c033",
            "ticker": "KXHIGHDEN-25APR22-T67",
            "count": 1,
            "created_time": "2025-04-21T21:07:56.395994Z",
            "yes_price": 4,
            "no_price": 96,
            "taker_side": "yes"
        },
        {
            "trade_id": "7920c71d-6f9e-4f2e-aeee-912dc5b8ae01",
            "ticker": "KXHIGHDEN-25APR22-T67",
            "count": 1,
            "created_time": "2025-04-21T21:06:47.819316Z",
            "yes_price": 4,
            "no_price": 96,
            "taker_side": "yes"
        },
        {
            "trade_id": "bd70f81e-883c-4511-ae84-996278a2d5ce",
            "ticker": "KXHIGHDEN-25APR22-T67",
            "count": 1,
            "created_time": "2025-04-21T21:05:39.972184Z",
            "yes_price": 4,
            "no_price": 96,
            "taker_side": "yes"
        },
        {
            "trade_id": "c5c24362-9b0d-499a-8bdf-28d3259c336b",
            "ticker": "KXHIGHDEN-25APR22-T67",
            "count": 1,
            "created_time": "2025-04-21T20:50:37.218178Z",
            "yes_price": 4,
            "no_price": 96,
            "taker_side": "yes"
        },
        {
            "trade_id": "e7506aa8-1882-472b-8864-46471a0c7425",
            "ticker": "KXHIGHDEN-25APR22-T67",
            "count": 1,
            "created_time": "2025-04-21T20:49:32.710029Z",
            "yes_price": 4,
            "no_price": 96,
            "taker_side": "yes"
        },
        {
            "trade_id": "349fd08d-22ba-4d8b-bc84-f8de643cdc08",
            "ticker": "KXHIGHDEN-25APR22-T67",
            "count": 1,
            "created_time": "2025-04-21T20:48:23.871574Z",
            "yes_price": 4,
            "no_price": 96,
            "taker_side": "yes"
        },
        {
            "trade_id": "b6f4cf42-757d-4b6d-b8a7-a356dbc4217c",
            "ticker": "KXHIGHDEN-25APR22-T67",
            "count": 1,
            "created_time": "2025-04-21T20:46:50.480336Z",
            "yes_price": 4,
            "no_price": 96,
            "taker_side": "yes"
        },
        {
            "trade_id": "63f6b113-49c6-4de6-9be7-31f072c0b9d2",
            "ticker": "KXHIGHDEN-25APR22-T67",
            "count": 1,
            "created_time": "2025-04-21T20:45:19.043613Z",
            "yes_price": 4,
            "no_price": 96,
            "taker_side": "yes"
        },
        {
            "trade_id": "e954cfcc-874f-497d-9f8f-49c23988b755",
            "ticker": "KXHIGHDEN-25APR22-T67",
            "count": 1,
            "created_time": "2025-04-21T20:43:47.307224Z",
            "yes_price": 4,
            "no_price": 96,
            "taker_side": "yes"
        },
        {
            "trade_id": "6afeeab6-5503-4c1b-97c8-b7fb660474f8",
            "ticker": "KXHIGHDEN-25APR22-T67",
            "count": 1,
            "created_time": "2025-04-21T20:42:16.099867Z",
            "yes_price": 4,
            "no_price": 96,
            "taker_side": "yes"
        },
        {
            "trade_id": "76f52854-32bc-4847-87a5-36af804ed401",
            "ticker": "KXHIGHDEN-25APR22-T67",
            "count": 1,
            "created_time": "2025-04-21T20:40:44.119493Z",
            "yes_price": 4,
            "no_price": 96,
            "taker_side": "yes"
        },
        {
            "trade_id": "ac330015-18c3-4650-991c-c4236f0e672c",
            "ticker": "KXHIGHDEN-25APR22-T67",
            "count": 1,
            "created_time": "2025-04-21T20:39:17.815101Z",
            "yes_price": 4,
            "no_price": 96,
            "taker_side": "yes"
        },
        {
            "trade_id": "eab28f54-4122-44c4-840b-ca58be15f08a",
            "ticker": "KXHIGHDEN-25APR22-T67",
            "count": 1,
            "created_time": "2025-04-21T20:37:50.160065Z",
            "yes_price": 4,
            "no_price": 96,
            "taker_side": "yes"
        },
        {
            "trade_id": "310e6b17-a28d-441a-a50e-152128b005d9",
            "ticker": "KXHIGHDEN-25APR22-T67",
            "count": 1,
            "created_time": "2025-04-21T20:33:55.869395Z",
            "yes_price": 4,
            "no_price": 96,
            "taker_side": "yes"
        },
        {
            "trade_id": "c805c8c1-5a88-4d8e-b417-b9765195c334",
            "ticker": "KXHIGHDEN-25APR22-T67",
            "count": 1,
            "created_time": "2025-04-21T20:32:43.470182Z",
            "yes_price": 4,
            "no_price": 96,
            "taker_side": "yes"
        },
        {
            "trade_id": "32af6726-1257-419c-81c7-b3b64306ca07",
            "ticker": "KXHIGHDEN-25APR22-T67",
            "count": 1,
            "created_time": "2025-04-21T20:31:39.259788Z",
            "yes_price": 4,
            "no_price": 96,
            "taker_side": "yes"
        },
        {
            "trade_id": "8aed8667-629e-44c8-a8bf-5088cf05e26f",
            "ticker": "KXHIGHDEN-25APR22-T67",
            "count": 1,
            "created_time": "2025-04-21T20:30:35.141826Z",
            "yes_price": 4,
            "no_price": 96,
            "taker_side": "yes"
        },
        {
            "trade_id": "5a32ddd2-cf31-4e94-80ec-0f6094b448be",
            "ticker": "KXHIGHDEN-25APR22-T67",
            "count": 1,
            "created_time": "2025-04-21T20:29:30.870852Z",
            "yes_price": 4,
            "no_price": 96,
            "taker_side": "yes"
        },
        {
            "trade_id": "a30bfb3d-58cf-4b16-a199-c223b32b1358",
            "ticker": "KXHIGHDEN-25APR22-T67",
            "count": 1,
            "created_time": "2025-04-21T20:28:26.58408Z",
            "yes_price": 4,
            "no_price": 96,
            "taker_side": "yes"
        },
        {
            "trade_id": "ba3dcf51-830e-4509-9471-f62c4e920390",
            "ticker": "KXHIGHDEN-25APR22-T67",
            "count": 1,
            "created_time": "2025-04-21T20:27:22.492501Z",
            "yes_price": 4,
            "no_price": 96,
            "taker_side": "yes"
        },
        {
            "trade_id": "7d8c637c-ce06-41de-a84f-ab6307508a9a",
            "ticker": "KXHIGHDEN-25APR22-T67",
            "count": 1,
            "created_time": "2025-04-21T20:26:18.357577Z",
            "yes_price": 4,
            "no_price": 96,
            "taker_side": "yes"
        },
        {
            "trade_id": "8de945cc-0bce-4f66-b725-4cb7653466b1",
            "ticker": "KXHIGHDEN-25APR22-T67",
            "count": 1,
            "created_time": "2025-04-21T20:25:14.120589Z",
            "yes_price": 4,
            "no_price": 96,
            "taker_side": "yes"
        },
        {
            "trade_id": "5c55ba7a-86fb-477d-83a5-2064b372133c",
            "ticker": "KXHIGHDEN-25APR22-T67",
            "count": 1,
            "created_time": "2025-04-21T20:24:08.869102Z",
            "yes_price": 4,
            "no_price": 96,
            "taker_side": "yes"
        },
        {
            "trade_id": "044fc219-1c37-4d65-89b0-270533e0d713",
            "ticker": "KXHIGHDEN-25APR22-T67",
            "count": 1,
            "created_time": "2025-04-21T20:23:04.295215Z",
            "yes_price": 4,
            "no_price": 96,
            "taker_side": "yes"
        },
        {
            "trade_id": "1fe99808-5273-463c-9835-eacc083b4480",
            "ticker": "KXHIGHDEN-25APR22-T67",
            "count": 1,
            "created_time": "2025-04-21T20:21:59.879322Z",
            "yes_price": 4,
            "no_price": 96,
            "taker_side": "yes"
        },
        {
            "trade_id": "dfa08c33-01b6-4eaf-9757-cfee7508b6bf",
            "ticker": "KXHIGHDEN-25APR22-T67",
            "count": 1,
            "created_time": "2025-04-21T20:20:55.850139Z",
            "yes_price": 4,
            "no_price": 96,
            "taker_side": "yes"
        }
    ],
    "KXHIGHDEN-25APR22-B67.5": [
        {
            "trade_id": "ee47bb99-efcd-4e95-8c12-131fe2139943",
            "ticker": "KXHIGHDEN-25APR22-B67.5",
            "count": 25,
            "created_time": "2025-04-22T16:59:09.728074Z",
            "yes_price": 9,
            "no_price": 91,
            "taker_side": "yes"
        },
        {
            "trade_id": "9ecc537a-9f9c-449f-a149-c644bc58d13a",
            "ticker": "KXHIGHDEN-25APR22-B67.5",
            "count": 50,
            "created_time": "2025-04-22T16:59:09.728074Z",
            "yes_price": 8,
            "no_price": 92,
            "taker_side": "yes"
        },
        {
            "trade_id": "6cb534a1-28e7-4fb8-8bf4-f325987fda1c",
            "ticker": "KXHIGHDEN-25APR22-B67.5",
            "count": 8,
            "created_time": "2025-04-22T16:59:09.728074Z",
            "yes_price": 10,
            "no_price": 90,
            "taker_side": "yes"
        },
        {
            "trade_id": "43d9ed08-2003-42ef-870e-887d990c0c41",
            "ticker": "KXHIGHDEN-25APR22-B67.5",
            "count": 17,
            "created_time": "2025-04-22T16:59:09.728074Z",
            "yes_price": 10,
            "no_price": 90,
            "taker_side": "yes"
        },
        {
            "trade_id": "135340b7-246f-4501-a2bd-e4184e9e2308",
            "ticker": "KXHIGHDEN-25APR22-B67.5",
            "count": 100,
            "created_time": "2025-04-22T16:59:09.728074Z",
            "yes_price": 10,
            "no_price": 90,
            "taker_side": "yes"
        },
        {
            "trade_id": "a475d372-554c-408a-bda5-09bb45ae382d",
            "ticker": "KXHIGHDEN-25APR22-B67.5",
            "count": 1,
            "created_time": "2025-04-22T16:44:32.811962Z",
            "yes_price": 3,
            "no_price": 97,
            "taker_side": "yes"
        },
        {
            "trade_id": "68eed726-a351-4be2-a8d9-92ac0df7d641",
            "ticker": "KXHIGHDEN-25APR22-B67.5",
            "count": 14,
            "created_time": "2025-04-22T05:43:41.937576Z",
            "yes_price": 3,
            "no_price": 97,
            "taker_side": "no"
        },
        {
            "trade_id": "452cce89-1a71-4753-aaa4-51714ee24ba0",
            "ticker": "KXHIGHDEN-25APR22-B67.5",
            "count": 10,
            "created_time": "2025-04-22T05:43:21.488846Z",
            "yes_price": 4,
            "no_price": 96,
            "taker_side": "yes"
        },
        {
            "trade_id": "ba818182-749d-412e-9517-f5da3177a06a",
            "ticker": "KXHIGHDEN-25APR22-B67.5",
            "count": 6,
            "created_time": "2025-04-22T05:29:57.858263Z",
            "yes_price": 4,
            "no_price": 96,
            "taker_side": "yes"
        },
        {
            "trade_id": "23e66e81-bdaa-4bf5-830c-493790735ab5",
            "ticker": "KXHIGHDEN-25APR22-B67.5",
            "count": 1,
            "created_time": "2025-04-21T22:46:17.14867Z",
            "yes_price": 3,
            "no_price": 97,
            "taker_side": "yes"
        },
        {
            "trade_id": "b38c98df-17f3-45b2-8a10-82e8ebcee8dd",
            "ticker": "KXHIGHDEN-25APR22-B67.5",
            "count": 1,
            "created_time": "2025-04-21T22:09:22.56872Z",
            "yes_price": 3,
            "no_price": 97,
            "taker_side": "yes"
        },
        {
            "trade_id": "15dc7daf-127f-402f-b24e-d93702bc8234",
            "ticker": "KXHIGHDEN-25APR22-B67.5",
            "count": 1,
            "created_time": "2025-04-21T22:08:17.134471Z",
            "yes_price": 3,
            "no_price": 97,
            "taker_side": "yes"
        },
        {
            "trade_id": "27ff92db-748f-40e1-80c0-5fc3cc1b8445",
            "ticker": "KXHIGHDEN-25APR22-B67.5",
            "count": 1,
            "created_time": "2025-04-21T22:07:11.2964Z",
            "yes_price": 3,
            "no_price": 97,
            "taker_side": "yes"
        },
        {
            "trade_id": "63fc3535-3e89-4148-b1cf-056d11f6b41c",
            "ticker": "KXHIGHDEN-25APR22-B67.5",
            "count": 1,
            "created_time": "2025-04-21T22:06:05.6652Z",
            "yes_price": 3,
            "no_price": 97,
            "taker_side": "yes"
        },
        {
            "trade_id": "7b8b0e70-0a69-4538-b792-62f30187cd7f",
            "ticker": "KXHIGHDEN-25APR22-B67.5",
            "count": 1,
            "created_time": "2025-04-21T22:04:59.902366Z",
            "yes_price": 3,
            "no_price": 97,
            "taker_side": "yes"
        },
        {
            "trade_id": "913649d8-f0ee-409e-bf19-53df46b1b2bf",
            "ticker": "KXHIGHDEN-25APR22-B67.5",
            "count": 1,
            "created_time": "2025-04-21T22:03:54.238921Z",
            "yes_price": 3,
            "no_price": 97,
            "taker_side": "yes"
        },
        {
            "trade_id": "9ba88109-40b8-4285-8204-4debcbcaf614",
            "ticker": "KXHIGHDEN-25APR22-B67.5",
            "count": 1,
            "created_time": "2025-04-21T22:02:47.904498Z",
            "yes_price": 3,
            "no_price": 97,
            "taker_side": "yes"
        },
        {
            "trade_id": "00b879b8-74c4-4515-8a19-47d208fb74e2",
            "ticker": "KXHIGHDEN-25APR22-B67.5",
            "count": 1,
            "created_time": "2025-04-21T22:01:41.875039Z",
            "yes_price": 3,
            "no_price": 97,
            "taker_side": "yes"
        },
        {
            "trade_id": "df4e7efe-78a0-4cb1-88bc-6cb816e72d33",
            "ticker": "KXHIGHDEN-25APR22-B67.5",
            "count": 1,
            "created_time": "2025-04-21T22:00:36.040342Z",
            "yes_price": 3,
            "no_price": 97,
            "taker_side": "yes"
        },
        {
            "trade_id": "da3027e4-985f-43f6-ab0e-21087d416b64",
            "ticker": "KXHIGHDEN-25APR22-B67.5",
            "count": 1,
            "created_time": "2025-04-21T21:59:30.119077Z",
            "yes_price": 3,
            "no_price": 97,
            "taker_side": "yes"
        },
        {
            "trade_id": "515a143e-6a66-4115-80bf-2caf9d4baf94",
            "ticker": "KXHIGHDEN-25APR22-B67.5",
            "count": 1,
            "created_time": "2025-04-21T21:58:24.02295Z",
            "yes_price": 3,
            "no_price": 97,
            "taker_side": "yes"
        },
        {
            "trade_id": "a9be14b7-0688-4f51-a983-a255b65dd1cc",
            "ticker": "KXHIGHDEN-25APR22-B67.5",
            "count": 1,
            "created_time": "2025-04-21T21:55:00.808524Z",
            "yes_price": 3,
            "no_price": 97,
            "taker_side": "yes"
        },
        {
            "trade_id": "af980931-ea86-4cc5-8f90-59f5c3aabaf4",
            "ticker": "KXHIGHDEN-25APR22-B67.5",
            "count": 1,
            "created_time": "2025-04-21T21:53:55.443391Z",
            "yes_price": 3,
            "no_price": 97,
            "taker_side": "yes"
        },
        {
            "trade_id": "6fb1acdf-5a70-4d5b-91c0-085e025b322d",
            "ticker": "KXHIGHDEN-25APR22-B67.5",
            "count": 1,
            "created_time": "2025-04-21T21:52:28.457133Z",
            "yes_price": 3,
            "no_price": 97,
            "taker_side": "yes"
        },
        {
            "trade_id": "54b5076b-ca4a-4737-96a5-fa4ab4822d8a",
            "ticker": "KXHIGHDEN-25APR22-B67.5",
            "count": 1,
            "created_time": "2025-04-21T21:51:22.55719Z",
            "yes_price": 3,
            "no_price": 97,
            "taker_side": "yes"
        },
        {
            "trade_id": "d802dfce-5e30-4980-973a-d79cd06db56a",
            "ticker": "KXHIGHDEN-25APR22-B67.5",
            "count": 1,
            "created_time": "2025-04-21T21:50:15.531675Z",
            "yes_price": 3,
            "no_price": 97,
            "taker_side": "yes"
        },
        {
            "trade_id": "2b00343d-1a59-42a6-9fce-5852faa67562",
            "ticker": "KXHIGHDEN-25APR22-B67.5",
            "count": 1,
            "created_time": "2025-04-21T21:48:49.912508Z",
            "yes_price": 3,
            "no_price": 97,
            "taker_side": "yes"
        },
        {
            "trade_id": "1e5de9ec-6803-49c1-ac14-04a85477a8b9",
            "ticker": "KXHIGHDEN-25APR22-B67.5",
            "count": 1,
            "created_time": "2025-04-21T21:47:44.718854Z",
            "yes_price": 3,
            "no_price": 97,
            "taker_side": "yes"
        },
        {
            "trade_id": "96c43e00-6484-4552-a41a-f7c16f298160",
            "ticker": "KXHIGHDEN-25APR22-B67.5",
            "count": 1,
            "created_time": "2025-04-21T21:46:49.235023Z",
            "yes_price": 3,
            "no_price": 97,
            "taker_side": "yes"
        },
        {
            "trade_id": "cd6cc750-51ce-458e-9114-dab83503e6ea",
            "ticker": "KXHIGHDEN-25APR22-B67.5",
            "count": 9,
            "created_time": "2025-04-21T20:10:12.512986Z",
            "yes_price": 4,
            "no_price": 96,
            "taker_side": "yes"
        },
        {
            "trade_id": "5c2e1178-1265-4dac-930b-f1087c7cc582",
            "ticker": "KXHIGHDEN-25APR22-B67.5",
            "count": 72,
            "created_time": "2025-04-21T20:10:12.512986Z",
            "yes_price": 6,
            "no_price": 94,
            "taker_side": "yes"
        },
        {
            "trade_id": "5733c742-0670-4eb1-9a2b-02ff46cfac96",
            "ticker": "KXHIGHDEN-25APR22-B67.5",
            "count": 101,
            "created_time": "2025-04-21T17:45:14.045692Z",
            "yes_price": 5,
            "no_price": 95,
            "taker_side": "no"
        },
        {
            "trade_id": "fdb74f73-2f3d-45cc-a870-6cb163faac79",
            "ticker": "KXHIGHDEN-25APR22-B67.5",
            "count": 45,
            "created_time": "2025-04-21T17:31:45.416028Z",
            "yes_price": 6,
            "no_price": 94,
            "taker_side": "no"
        },
        {
            "trade_id": "7bb36ed0-8e24-478d-b57d-1761bbc73314",
            "ticker": "KXHIGHDEN-25APR22-B67.5",
            "count": 28,
            "created_time": "2025-04-21T17:22:31.791815Z",
            "yes_price": 7,
            "no_price": 93,
            "taker_side": "no"
        },
        {
            "trade_id": "6d9587dc-01e6-4123-b907-bdc6d2a0b9fe",
            "ticker": "KXHIGHDEN-25APR22-B67.5",
            "count": 71,
            "created_time": "2025-04-21T14:19:24.706983Z",
            "yes_price": 8,
            "no_price": 92,
            "taker_side": "no"
        },
        {
            "trade_id": "2b97e79b-a345-41fe-a25a-af2e981b1fdb",
            "ticker": "KXHIGHDEN-25APR22-B67.5",
            "count": 118,
            "created_time": "2025-04-21T14:18:54.558228Z",
            "yes_price": 9,
            "no_price": 91,
            "taker_side": "no"
        }
    ],
    "KXHIGHDEN-25APR22-B69.5": [
        {
            "trade_id": "d527e308-cd11-486f-b6c6-d0956acabdad",
            "ticker": "KXHIGHDEN-25APR22-B69.5",
            "count": 50,
            "created_time": "2025-04-22T16:58:20.380176Z",
            "yes_price": 10,
            "no_price": 90,
            "taker_side": "yes"
        },
        {
            "trade_id": "d2e8d8eb-96e2-4c7b-94cd-ea57e655b2c8",
            "ticker": "KXHIGHDEN-25APR22-B69.5",
            "count": 50,
            "created_time": "2025-04-22T16:58:20.380176Z",
            "yes_price": 9,
            "no_price": 91,
            "taker_side": "yes"
        },
        {
            "trade_id": "cd3c66ec-8520-4734-83fb-59e62348ccf7",
            "ticker": "KXHIGHDEN-25APR22-B69.5",
            "count": 50,
            "created_time": "2025-04-22T16:58:20.380176Z",
            "yes_price": 11,
            "no_price": 89,
            "taker_side": "yes"
        },
        {
            "trade_id": "c7c8c432-ea59-4da9-af06-5db0c6a85569",
            "ticker": "KXHIGHDEN-25APR22-B69.5",
            "count": 10,
            "created_time": "2025-04-22T16:58:20.380176Z",
            "yes_price": 12,
            "no_price": 88,
            "taker_side": "yes"
        },
        {
            "trade_id": "87a5c5fa-1e01-4a9c-8da5-522b2f9cc82e",
            "ticker": "KXHIGHDEN-25APR22-B69.5",
            "count": 71,
            "created_time": "2025-04-22T16:58:20.380176Z",
            "yes_price": 13,
            "no_price": 87,
            "taker_side": "yes"
        },
        {
            "trade_id": "356c505f-c48d-453e-a002-83c6ae9a137e",
            "ticker": "KXHIGHDEN-25APR22-B69.5",
            "count": 50,
            "created_time": "2025-04-22T16:58:20.380176Z",
            "yes_price": 12,
            "no_price": 88,
            "taker_side": "yes"
        },
        {
            "trade_id": "1e86b2aa-0e33-424d-9ab1-23879047273c",
            "ticker": "KXHIGHDEN-25APR22-B69.5",
            "count": 69,
            "created_time": "2025-04-22T16:58:20.380176Z",
            "yes_price": 12,
            "no_price": 88,
            "taker_side": "yes"
        },
        {
            "trade_id": "b1e00e1c-8696-4a55-a7e6-ebb67f4c2d15",
            "ticker": "KXHIGHDEN-25APR22-B69.5",
            "count": 50,
            "created_time": "2025-04-22T16:56:15.438694Z",
            "yes_price": 9,
            "no_price": 91,
            "taker_side": "yes"
        },
        {
            "trade_id": "1b433a6c-7f9e-4b87-9a8b-193fe3c28c4d",
            "ticker": "KXHIGHDEN-25APR22-B69.5",
            "count": 50,
            "created_time": "2025-04-22T16:56:15.438694Z",
            "yes_price": 8,
            "no_price": 92,
            "taker_side": "yes"
        },
        {
            "trade_id": "ed437241-7082-4546-9ce4-d83fd12681ee",
            "ticker": "KXHIGHDEN-25APR22-B69.5",
            "count": 1,
            "created_time": "2025-04-22T16:44:29.449687Z",
            "yes_price": 8,
            "no_price": 92,
            "taker_side": "yes"
        },
        {
            "trade_id": "80bdc5c3-aac1-499b-bd3e-9c12eab383e1",
            "ticker": "KXHIGHDEN-25APR22-B69.5",
            "count": 2,
            "created_time": "2025-04-22T15:34:07.874337Z",
            "yes_price": 1,
            "no_price": 99,
            "taker_side": "no"
        },
        {
            "trade_id": "46e4c48e-7a2a-4c72-9adc-d44bf2086f10",
            "ticker": "KXHIGHDEN-25APR22-B69.5",
            "count": 32,
            "created_time": "2025-04-22T15:25:21.385993Z",
            "yes_price": 1,
            "no_price": 99,
            "taker_side": "no"
        },
        {
            "trade_id": "f26e31a2-9c77-4ab6-974c-376f0c9bdf07",
            "ticker": "KXHIGHDEN-25APR22-B69.5",
            "count": 5,
            "created_time": "2025-04-22T15:07:43.494921Z",
            "yes_price": 1,
            "no_price": 99,
            "taker_side": "no"
        },
        {
            "trade_id": "73e68779-c616-4f1d-9278-f8cc2c5d1af8",
            "ticker": "KXHIGHDEN-25APR22-B69.5",
            "count": 3,
            "created_time": "2025-04-22T15:07:43.494921Z",
            "yes_price": 1,
            "no_price": 99,
            "taker_side": "no"
        },
        {
            "trade_id": "32315127-8519-4c2e-b406-007f3fa64f26",
            "ticker": "KXHIGHDEN-25APR22-B69.5",
            "count": 100,
            "created_time": "2025-04-22T15:06:39.958384Z",
            "yes_price": 1,
            "no_price": 99,
            "taker_side": "no"
        },
        {
            "trade_id": "1cf3e3dd-c307-4ea3-b0c1-57997d134bee",
            "ticker": "KXHIGHDEN-25APR22-B69.5",
            "count": 31,
            "created_time": "2025-04-22T15:04:33.113746Z",
            "yes_price": 3,
            "no_price": 97,
            "taker_side": "yes"
        },
        {
            "trade_id": "8bc9bb08-d6c8-41e5-89dd-56e9bf8d978b",
            "ticker": "KXHIGHDEN-25APR22-B69.5",
            "count": 78,
            "created_time": "2025-04-22T15:02:06.840361Z",
            "yes_price": 3,
            "no_price": 97,
            "taker_side": "no"
        },
        {
            "trade_id": "bcc39c71-9515-41dc-8beb-8159d1b1499f",
            "ticker": "KXHIGHDEN-25APR22-B69.5",
            "count": 4,
            "created_time": "2025-04-22T15:02:00.852917Z",
            "yes_price": 3,
            "no_price": 97,
            "taker_side": "yes"
        },
        {
            "trade_id": "92a64ece-48cf-4e6d-bf70-12b26c020ff5",
            "ticker": "KXHIGHDEN-25APR22-B69.5",
            "count": 10,
            "created_time": "2025-04-22T14:47:24.562929Z",
            "yes_price": 1,
            "no_price": 99,
            "taker_side": "no"
        },
        {
            "trade_id": "26952db8-0c87-4ea3-b321-9c4f3a850a7a",
            "ticker": "KXHIGHDEN-25APR22-B69.5",
            "count": 5,
            "created_time": "2025-04-22T14:07:51.477263Z",
            "yes_price": 2,
            "no_price": 98,
            "taker_side": "no"
        },
        {
            "trade_id": "569b5aee-07b1-44b0-bc55-29f62cc965f3",
            "ticker": "KXHIGHDEN-25APR22-B69.5",
            "count": 50,
            "created_time": "2025-04-22T14:04:12.304455Z",
            "yes_price": 2,
            "no_price": 98,
            "taker_side": "no"
        },
        {
            "trade_id": "61fd6482-8eaf-4381-b968-9aa836e19e7b",
            "ticker": "KXHIGHDEN-25APR22-B69.5",
            "count": 17,
            "created_time": "2025-04-22T12:54:50.059669Z",
            "yes_price": 2,
            "no_price": 98,
            "taker_side": "no"
        },
        {
            "trade_id": "97acc590-b27e-4064-ba5b-3946181017b6",
            "ticker": "KXHIGHDEN-25APR22-B69.5",
            "count": 2,
            "created_time": "2025-04-22T12:48:35.575067Z",
            "yes_price": 2,
            "no_price": 98,
            "taker_side": "no"
        },
        {
            "trade_id": "68fb9869-9103-4d08-94af-be845705082b",
            "ticker": "KXHIGHDEN-25APR22-B69.5",
            "count": 7,
            "created_time": "2025-04-22T12:36:48.495051Z",
            "yes_price": 2,
            "no_price": 98,
            "taker_side": "no"
        },
        {
            "trade_id": "be9aa08c-1c3d-4b96-97c7-a29b810e54db",
            "ticker": "KXHIGHDEN-25APR22-B69.5",
            "count": 1,
            "created_time": "2025-04-22T12:06:44.357925Z",
            "yes_price": 2,
            "no_price": 98,
            "taker_side": "no"
        },
        {
            "trade_id": "ec60444b-b34d-48ac-a514-a31051758e36",
            "ticker": "KXHIGHDEN-25APR22-B69.5",
            "count": 23,
            "created_time": "2025-04-22T06:37:24.774586Z",
            "yes_price": 4,
            "no_price": 96,
            "taker_side": "yes"
        },
        {
            "trade_id": "672be8ad-6e9d-444b-a898-2730fea7fa1c",
            "ticker": "KXHIGHDEN-25APR22-B69.5",
            "count": 8,
            "created_time": "2025-04-22T06:15:13.109639Z",
            "yes_price": 4,
            "no_price": 96,
            "taker_side": "yes"
        },
        {
            "trade_id": "6377cbfa-8f8e-4e74-8ce3-e77a41825814",
            "ticker": "KXHIGHDEN-25APR22-B69.5",
            "count": 40,
            "created_time": "2025-04-22T06:15:13.109639Z",
            "yes_price": 4,
            "no_price": 96,
            "taker_side": "yes"
        },
        {
            "trade_id": "4025ac37-7b2b-4b29-a308-c223c674e772",
            "ticker": "KXHIGHDEN-25APR22-B69.5",
            "count": 96,
            "created_time": "2025-04-22T06:15:13.109639Z",
            "yes_price": 6,
            "no_price": 94,
            "taker_side": "yes"
        },
        {
            "trade_id": "3ff894ad-96ab-40b8-a26c-180ca31d2f39",
            "ticker": "KXHIGHDEN-25APR22-B69.5",
            "count": 100,
            "created_time": "2025-04-22T06:15:13.109639Z",
            "yes_price": 5,
            "no_price": 95,
            "taker_side": "yes"
        },
        {
            "trade_id": "1225344b-54ba-4ebf-bded-f53d47a9dee3",
            "ticker": "KXHIGHDEN-25APR22-B69.5",
            "count": 2,
            "created_time": "2025-04-22T06:11:50.623569Z",
            "yes_price": 4,
            "no_price": 96,
            "taker_side": "yes"
        },
        {
            "trade_id": "617c0fcd-0556-4858-b141-e2ce94e8eb8b",
            "ticker": "KXHIGHDEN-25APR22-B69.5",
            "count": 40,
            "created_time": "2025-04-22T05:43:21.316301Z",
            "yes_price": 2,
            "no_price": 98,
            "taker_side": "no"
        },
        {
            "trade_id": "80006304-7f2c-4d80-935a-411c47bcff2c",
            "ticker": "KXHIGHDEN-25APR22-B69.5",
            "count": 4,
            "created_time": "2025-04-22T05:39:35.404569Z",
            "yes_price": 3,
            "no_price": 97,
            "taker_side": "no"
        },
        {
            "trade_id": "4539e1cc-8b38-4740-bd99-ea43d134248b",
            "ticker": "KXHIGHDEN-25APR22-B69.5",
            "count": 45,
            "created_time": "2025-04-22T05:36:30.614332Z",
            "yes_price": 3,
            "no_price": 97,
            "taker_side": "no"
        },
        {
            "trade_id": "cf0d9715-ad23-4972-bd7b-2c7f419d4dba",
            "ticker": "KXHIGHDEN-25APR22-B69.5",
            "count": 40,
            "created_time": "2025-04-22T05:33:37.104767Z",
            "yes_price": 3,
            "no_price": 97,
            "taker_side": "no"
        },
        {
            "trade_id": "3c43bc7b-9953-4762-89e1-d6d1adf725ee",
            "ticker": "KXHIGHDEN-25APR22-B69.5",
            "count": 8,
            "created_time": "2025-04-22T05:33:37.104767Z",
            "yes_price": 3,
            "no_price": 97,
            "taker_side": "no"
        },
        {
            "trade_id": "6a251d72-1ace-456a-a8ff-33af20a6749d",
            "ticker": "KXHIGHDEN-25APR22-B69.5",
            "count": 50,
            "created_time": "2025-04-22T05:29:57.455838Z",
            "yes_price": 4,
            "no_price": 96,
            "taker_side": "yes"
        },
        {
            "trade_id": "44efe9a7-bc0b-47d7-a416-6ab50cf1a8c0",
            "ticker": "KXHIGHDEN-25APR22-B69.5",
            "count": 40,
            "created_time": "2025-04-22T05:10:08.006959Z",
            "yes_price": 4,
            "no_price": 96,
            "taker_side": "yes"
        },
        {
            "trade_id": "f3c82376-d5e1-4428-8581-217ca0029766",
            "ticker": "KXHIGHDEN-25APR22-B69.5",
            "count": 40,
            "created_time": "2025-04-22T05:05:16.330429Z",
            "yes_price": 3,
            "no_price": 97,
            "taker_side": "yes"
        },
        {
            "trade_id": "51a8180c-32dc-4108-acfa-b89e41d177ad",
            "ticker": "KXHIGHDEN-25APR22-B69.5",
            "count": 40,
            "created_time": "2025-04-22T05:05:15.38996Z",
            "yes_price": 3,
            "no_price": 97,
            "taker_side": "yes"
        },
        {
            "trade_id": "0691faec-864f-4459-a21f-503abb99c6e9",
            "ticker": "KXHIGHDEN-25APR22-B69.5",
            "count": 85,
            "created_time": "2025-04-22T04:31:40.039288Z",
            "yes_price": 1,
            "no_price": 99,
            "taker_side": "no"
        },
        {
            "trade_id": "617d73e4-cd3b-4576-98db-20b1f3db67d0",
            "ticker": "KXHIGHDEN-25APR22-B69.5",
            "count": 31,
            "created_time": "2025-04-22T02:27:41.206115Z",
            "yes_price": 12,
            "no_price": 88,
            "taker_side": "yes"
        },
        {
            "trade_id": "6d3fff15-a1cd-4ba9-8234-231d9f2c034f",
            "ticker": "KXHIGHDEN-25APR22-B69.5",
            "count": 58,
            "created_time": "2025-04-22T02:00:11.891726Z",
            "yes_price": 8,
            "no_price": 92,
            "taker_side": "yes"
        },
        {
            "trade_id": "56710279-f673-49ff-90c3-0d31f159f2a7",
            "ticker": "KXHIGHDEN-25APR22-B69.5",
            "count": 2,
            "created_time": "2025-04-21T21:45:43.200282Z",
            "yes_price": 13,
            "no_price": 87,
            "taker_side": "yes"
        },
        {
            "trade_id": "465a9189-b796-41f5-a3f3-7b9c6fa9c9db",
            "ticker": "KXHIGHDEN-25APR22-B69.5",
            "count": 5,
            "created_time": "2025-04-21T21:45:43.200282Z",
            "yes_price": 12,
            "no_price": 88,
            "taker_side": "yes"
        },
        {
            "trade_id": "772b08f3-f84a-46d9-8a1b-9af98ce0f062",
            "ticker": "KXHIGHDEN-25APR22-B69.5",
            "count": 115,
            "created_time": "2025-04-21T21:32:01.381552Z",
            "yes_price": 10,
            "no_price": 90,
            "taker_side": "no"
        },
        {
            "trade_id": "84761eb1-57df-4ae6-9444-1c23f20c5cb7",
            "ticker": "KXHIGHDEN-25APR22-B69.5",
            "count": 52,
            "created_time": "2025-04-21T21:08:59.32103Z",
            "yes_price": 11,
            "no_price": 89,
            "taker_side": "no"
        },
        {
            "trade_id": "4672ec4f-7b87-452c-ab5f-ae673fd913e6",
            "ticker": "KXHIGHDEN-25APR22-B69.5",
            "count": 15,
            "created_time": "2025-04-21T21:05:29.638729Z",
            "yes_price": 11,
            "no_price": 89,
            "taker_side": "no"
        },
        {
            "trade_id": "f51b47ef-9c42-443f-9824-cee5c7c1094a",
            "ticker": "KXHIGHDEN-25APR22-B69.5",
            "count": 107,
            "created_time": "2025-04-21T21:05:26.29959Z",
            "yes_price": 12,
            "no_price": 88,
            "taker_side": "no"
        },
        {
            "trade_id": "e8ca7649-5812-462c-acae-10bb7fad62e8",
            "ticker": "KXHIGHDEN-25APR22-B69.5",
            "count": 240,
            "created_time": "2025-04-21T20:57:45.090374Z",
            "yes_price": 13,
            "no_price": 87,
            "taker_side": "no"
        },
        {
            "trade_id": "56745fbe-346a-4689-bedc-c12886ace07b",
            "ticker": "KXHIGHDEN-25APR22-B69.5",
            "count": 69,
            "created_time": "2025-04-21T20:57:45.090374Z",
            "yes_price": 15,
            "no_price": 85,
            "taker_side": "no"
        },
        {
            "trade_id": "bfebecb1-44c3-4a1e-8516-e725e2da6b45",
            "ticker": "KXHIGHDEN-25APR22-B69.5",
            "count": 5,
            "created_time": "2025-04-21T20:57:34.154253Z",
            "yes_price": 15,
            "no_price": 85,
            "taker_side": "no"
        },
        {
            "trade_id": "a2b02898-f892-4ab4-9ab0-e1ffccb59ac2",
            "ticker": "KXHIGHDEN-25APR22-B69.5",
            "count": 5,
            "created_time": "2025-04-21T20:57:34.154253Z",
            "yes_price": 18,
            "no_price": 82,
            "taker_side": "no"
        },
        {
            "trade_id": "9c834334-ac3e-4f20-90b1-c32e6484d1dd",
            "ticker": "KXHIGHDEN-25APR22-B69.5",
            "count": 240,
            "created_time": "2025-04-21T20:57:34.154253Z",
            "yes_price": 17,
            "no_price": 83,
            "taker_side": "no"
        },
        {
            "trade_id": "9adf5f77-7ab6-400e-a928-dfadf27b3de7",
            "ticker": "KXHIGHDEN-25APR22-B69.5",
            "count": 162,
            "created_time": "2025-04-21T20:57:34.154253Z",
            "yes_price": 15,
            "no_price": 85,
            "taker_side": "no"
        },
        {
            "trade_id": "4cb0d05d-cfb9-4e1d-92f1-1e7bf6cffd0a",
            "ticker": "KXHIGHDEN-25APR22-B69.5",
            "count": 39,
            "created_time": "2025-04-21T20:57:34.154253Z",
            "yes_price": 19,
            "no_price": 81,
            "taker_side": "no"
        },
        {
            "trade_id": "db70a428-4269-4392-93c4-31302381aeac",
            "ticker": "KXHIGHDEN-25APR22-B69.5",
            "count": 1,
            "created_time": "2025-04-21T20:40:44.983457Z",
            "yes_price": 25,
            "no_price": 75,
            "taker_side": "yes"
        },
        {
            "trade_id": "ccd79ea5-a10f-4c2b-bdbd-0d6f4716f19e",
            "ticker": "KXHIGHDEN-25APR22-B69.5",
            "count": 1,
            "created_time": "2025-04-21T20:37:50.796232Z",
            "yes_price": 25,
            "no_price": 75,
            "taker_side": "yes"
        },
        {
            "trade_id": "2de171fe-b0f3-4774-b69c-1c3132809e07",
            "ticker": "KXHIGHDEN-25APR22-B69.5",
            "count": 1,
            "created_time": "2025-04-21T20:33:56.041817Z",
            "yes_price": 25,
            "no_price": 75,
            "taker_side": "yes"
        },
        {
            "trade_id": "8bf17c20-7a0f-438b-bab3-cc9b4bd286ce",
            "ticker": "KXHIGHDEN-25APR22-B69.5",
            "count": 1,
            "created_time": "2025-04-21T20:32:43.645778Z",
            "yes_price": 25,
            "no_price": 75,
            "taker_side": "yes"
        },
        {
            "trade_id": "17d500cd-461f-4a98-96ca-b09ebb82a9d3",
            "ticker": "KXHIGHDEN-25APR22-B69.5",
            "count": 1,
            "created_time": "2025-04-21T20:31:39.430474Z",
            "yes_price": 25,
            "no_price": 75,
            "taker_side": "yes"
        },
        {
            "trade_id": "e1d13f6c-6714-4e8a-8ce7-a69c6eb6ea5d",
            "ticker": "KXHIGHDEN-25APR22-B69.5",
            "count": 1,
            "created_time": "2025-04-21T20:30:35.309772Z",
            "yes_price": 25,
            "no_price": 75,
            "taker_side": "yes"
        },
        {
            "trade_id": "376fff94-963b-4d2d-bf8a-9fdd63b12b17",
            "ticker": "KXHIGHDEN-25APR22-B69.5",
            "count": 1,
            "created_time": "2025-04-21T20:29:31.042928Z",
            "yes_price": 25,
            "no_price": 75,
            "taker_side": "yes"
        },
        {
            "trade_id": "2bdce41e-61da-4deb-a911-8bc8a66adec0",
            "ticker": "KXHIGHDEN-25APR22-B69.5",
            "count": 1,
            "created_time": "2025-04-21T20:28:26.759276Z",
            "yes_price": 25,
            "no_price": 75,
            "taker_side": "yes"
        },
        {
            "trade_id": "e0dd07b7-143a-4182-8ed2-4c15af672dd3",
            "ticker": "KXHIGHDEN-25APR22-B69.5",
            "count": 1,
            "created_time": "2025-04-21T20:27:22.665945Z",
            "yes_price": 25,
            "no_price": 75,
            "taker_side": "yes"
        },
        {
            "trade_id": "f61f916a-84a0-4b9d-a2cd-b5222d28298a",
            "ticker": "KXHIGHDEN-25APR22-B69.5",
            "count": 1,
            "created_time": "2025-04-21T20:26:18.535554Z",
            "yes_price": 25,
            "no_price": 75,
            "taker_side": "yes"
        },
        {
            "trade_id": "2d1f312d-cfdd-47ea-a83d-c302ccb2e6a4",
            "ticker": "KXHIGHDEN-25APR22-B69.5",
            "count": 1,
            "created_time": "2025-04-21T20:25:14.306524Z",
            "yes_price": 25,
            "no_price": 75,
            "taker_side": "yes"
        },
        {
            "trade_id": "64c684a9-ce29-4215-a7ad-7def44c1e504",
            "ticker": "KXHIGHDEN-25APR22-B69.5",
            "count": 1,
            "created_time": "2025-04-21T20:24:09.041206Z",
            "yes_price": 25,
            "no_price": 75,
            "taker_side": "yes"
        },
        {
            "trade_id": "f9a686f2-533e-41c7-b1cd-8a58b957d218",
            "ticker": "KXHIGHDEN-25APR22-B69.5",
            "count": 1,
            "created_time": "2025-04-21T20:23:04.468008Z",
            "yes_price": 25,
            "no_price": 75,
            "taker_side": "yes"
        },
        {
            "trade_id": "ff90d20e-511a-4740-8222-285478c6ea5a",
            "ticker": "KXHIGHDEN-25APR22-B69.5",
            "count": 1,
            "created_time": "2025-04-21T20:22:00.056362Z",
            "yes_price": 25,
            "no_price": 75,
            "taker_side": "yes"
        },
        {
            "trade_id": "df76290d-68d1-4b75-ba0a-565e8cdf975f",
            "ticker": "KXHIGHDEN-25APR22-B69.5",
            "count": 1,
            "created_time": "2025-04-21T20:20:56.024584Z",
            "yes_price": 25,
            "no_price": 75,
            "taker_side": "yes"
        },
        {
            "trade_id": "31dcf902-ec10-4869-bae2-b960efcc730d",
            "ticker": "KXHIGHDEN-25APR22-B69.5",
            "count": 5,
            "created_time": "2025-04-21T19:42:51.793576Z",
            "yes_price": 27,
            "no_price": 73,
            "taker_side": "no"
        },
        {
            "trade_id": "39bf21d2-21f0-4f58-98b0-bc23d3629401",
            "ticker": "KXHIGHDEN-25APR22-B69.5",
            "count": 50,
            "created_time": "2025-04-21T19:18:45.642636Z",
            "yes_price": 28,
            "no_price": 72,
            "taker_side": "no"
        },
        {
            "trade_id": "c6de3936-25f2-4f8e-a4dc-8a20257118c3",
            "ticker": "KXHIGHDEN-25APR22-B69.5",
            "count": 63,
            "created_time": "2025-04-21T18:33:29.716495Z",
            "yes_price": 32,
            "no_price": 68,
            "taker_side": "yes"
        },
        {
            "trade_id": "4cd9377d-ddb2-4e11-8d45-30b65f221e9c",
            "ticker": "KXHIGHDEN-25APR22-B69.5",
            "count": 87,
            "created_time": "2025-04-21T15:25:16.476714Z",
            "yes_price": 32,
            "no_price": 68,
            "taker_side": "yes"
        },
        {
            "trade_id": "0b4e23e6-f549-4d77-acb8-0340e1f7d5b9",
            "ticker": "KXHIGHDEN-25APR22-B69.5",
            "count": 102,
            "created_time": "2025-04-21T14:29:57.652578Z",
            "yes_price": 31,
            "no_price": 69,
            "taker_side": "no"
        },
        {
            "trade_id": "b35d495e-41b9-4dbb-867c-24be2571f7a4",
            "ticker": "KXHIGHDEN-25APR22-B69.5",
            "count": 17,
            "created_time": "2025-04-21T14:29:50.256591Z",
            "yes_price": 30,
            "no_price": 70,
            "taker_side": "yes"
        },
        {
            "trade_id": "834cc257-3362-4e2c-a85e-45daf24a8c13",
            "ticker": "KXHIGHDEN-25APR22-B69.5",
            "count": 19,
            "created_time": "2025-04-21T14:27:59.770128Z",
            "yes_price": 30,
            "no_price": 70,
            "taker_side": "yes"
        },
        {
            "trade_id": "bd5ac4e8-ee05-4d4b-82df-2ffe1ddc1a53",
            "ticker": "KXHIGHDEN-25APR22-B69.5",
            "count": 91,
            "created_time": "2025-04-21T14:27:21.02099Z",
            "yes_price": 32,
            "no_price": 68,
            "taker_side": "yes"
        },
        {
            "trade_id": "7949971f-199b-4af5-a373-8f9168caf7ba",
            "ticker": "KXHIGHDEN-25APR22-B69.5",
            "count": 22,
            "created_time": "2025-04-21T14:27:21.02099Z",
            "yes_price": 32,
            "no_price": 68,
            "taker_side": "yes"
        }
    ],
    "KXHIGHDEN-25APR22-B71.5": [
        {
            "trade_id": "b4900977-5f84-4717-819b-0b7f4267a123",
            "ticker": "KXHIGHDEN-25APR22-B71.5",
            "count": 125,
            "created_time": "2025-04-23T01:55:09.102245Z",
            "yes_price": 1,
            "no_price": 99,
            "taker_side": "yes"
        },
        {
            "trade_id": "a72469e0-6275-4ef5-97b4-a08bcd277110",
            "ticker": "KXHIGHDEN-25APR22-B71.5",
            "count": 1,
            "created_time": "2025-04-23T01:27:14.499406Z",
            "yes_price": 1,
            "no_price": 99,
            "taker_side": "yes"
        },
        {
            "trade_id": "3c37e6b2-0a9b-469e-ba1d-00fa43372131",
            "ticker": "KXHIGHDEN-25APR22-B71.5",
            "count": 20,
            "created_time": "2025-04-22T23:30:36.432328Z",
            "yes_price": 1,
            "no_price": 99,
            "taker_side": "yes"
        },
        {
            "trade_id": "615dea23-ece9-4d8c-9641-87f9963943b5",
            "ticker": "KXHIGHDEN-25APR22-B71.5",
            "count": 93,
            "created_time": "2025-04-22T21:06:40.232084Z",
            "yes_price": 1,
            "no_price": 99,
            "taker_side": "yes"
        },
        {
            "trade_id": "1426b29c-1c8c-4d0d-8d85-762be8768fc7",
            "ticker": "KXHIGHDEN-25APR22-B71.5",
            "count": 145,
            "created_time": "2025-04-22T20:56:32.567668Z",
            "yes_price": 1,
            "no_price": 99,
            "taker_side": "yes"
        },
        {
            "trade_id": "c58cf434-d448-4a42-aab4-1fa6d5169937",
            "ticker": "KXHIGHDEN-25APR22-B71.5",
            "count": 50,
            "created_time": "2025-04-22T20:30:36.65959Z",
            "yes_price": 1,
            "no_price": 99,
            "taker_side": "no"
        },
        {
            "trade_id": "3c367b0f-64ad-4275-ae8a-3e66cee1c6a2",
            "ticker": "KXHIGHDEN-25APR22-B71.5",
            "count": 18,
            "created_time": "2025-04-22T20:30:36.65959Z",
            "yes_price": 1,
            "no_price": 99,
            "taker_side": "no"
        },
        {
            "trade_id": "2e8d9d93-a0df-44da-9c49-e2a2eb22ac0a",
            "ticker": "KXHIGHDEN-25APR22-B71.5",
            "count": 120,
            "created_time": "2025-04-22T20:30:36.65959Z",
            "yes_price": 1,
            "no_price": 99,
            "taker_side": "no"
        },
        {
            "trade_id": "c3850172-451d-42ca-830f-458503912334",
            "ticker": "KXHIGHDEN-25APR22-B71.5",
            "count": 2339,
            "created_time": "2025-04-22T20:29:38.571798Z",
            "yes_price": 2,
            "no_price": 98,
            "taker_side": "yes"
        },
        {
            "trade_id": "61f4e414-4d32-45c5-b963-c87e7e08b92b",
            "ticker": "KXHIGHDEN-25APR22-B71.5",
            "count": 25,
            "created_time": "2025-04-22T20:28:11.320611Z",
            "yes_price": 2,
            "no_price": 98,
            "taker_side": "no"
        },
        {
            "trade_id": "49fa9ef7-a085-4d90-9985-0e9189e3a2bf",
            "ticker": "KXHIGHDEN-25APR22-B71.5",
            "count": 50,
            "created_time": "2025-04-22T20:28:11.320611Z",
            "yes_price": 2,
            "no_price": 98,
            "taker_side": "no"
        },
        {
            "trade_id": "8be1ea67-1ef8-481b-9931-9a5bb98f7d69",
            "ticker": "KXHIGHDEN-25APR22-B71.5",
            "count": 5,
            "created_time": "2025-04-22T20:27:37.680788Z",
            "yes_price": 3,
            "no_price": 97,
            "taker_side": "yes"
        },
        {
            "trade_id": "3261be4e-163d-48c7-a9da-029040a9eb8c",
            "ticker": "KXHIGHDEN-25APR22-B71.5",
            "count": 40,
            "created_time": "2025-04-22T20:26:50.185381Z",
            "yes_price": 3,
            "no_price": 97,
            "taker_side": "yes"
        },
        {
            "trade_id": "fd92abce-e7e5-4e2d-829c-36d7f2d33d70",
            "ticker": "KXHIGHDEN-25APR22-B71.5",
            "count": 40,
            "created_time": "2025-04-22T20:26:31.947469Z",
            "yes_price": 3,
            "no_price": 97,
            "taker_side": "no"
        },
        {
            "trade_id": "ccf98936-0c1d-4449-8e1f-4d34d837b6fb",
            "ticker": "KXHIGHDEN-25APR22-B71.5",
            "count": 47,
            "created_time": "2025-04-22T20:26:31.947469Z",
            "yes_price": 3,
            "no_price": 97,
            "taker_side": "no"
        },
        {
            "trade_id": "4c1d887b-1cfc-4748-bf20-8340efdb29b5",
            "ticker": "KXHIGHDEN-25APR22-B71.5",
            "count": 40,
            "created_time": "2025-04-22T20:26:31.947469Z",
            "yes_price": 3,
            "no_price": 97,
            "taker_side": "no"
        },
        {
            "trade_id": "66ad99f2-47b3-4c31-a072-23fbb8f3d84b",
            "ticker": "KXHIGHDEN-25APR22-B71.5",
            "count": 3,
            "created_time": "2025-04-22T20:25:16.432194Z",
            "yes_price": 3,
            "no_price": 97,
            "taker_side": "yes"
        },
        {
            "trade_id": "6e642742-7559-46cf-ba1c-1e09b7d0da40",
            "ticker": "KXHIGHDEN-25APR22-B71.5",
            "count": 18,
            "created_time": "2025-04-22T20:25:16.291511Z",
            "yes_price": 3,
            "no_price": 97,
            "taker_side": "yes"
        },
        {
            "trade_id": "082d0ccb-7c33-4f05-8e37-fe349218762b",
            "ticker": "KXHIGHDEN-25APR22-B71.5",
            "count": 50,
            "created_time": "2025-04-22T20:22:50.102209Z",
            "yes_price": 3,
            "no_price": 97,
            "taker_side": "no"
        },
        {
            "trade_id": "87ca231d-1c08-4290-9efc-928b27427e7f",
            "ticker": "KXHIGHDEN-25APR22-B71.5",
            "count": 10,
            "created_time": "2025-04-22T20:22:13.236519Z",
            "yes_price": 2,
            "no_price": 98,
            "taker_side": "no"
        },
        {
            "trade_id": "c6964e9b-ebb6-4048-b267-70047a054c26",
            "ticker": "KXHIGHDEN-25APR22-B71.5",
            "count": 19,
            "created_time": "2025-04-22T20:21:55.579289Z",
            "yes_price": 6,
            "no_price": 94,
            "taker_side": "no"
        },
        {
            "trade_id": "bb1e0a3e-3aa3-45a4-992b-3715f9dc3e0c",
            "ticker": "KXHIGHDEN-25APR22-B71.5",
            "count": 18,
            "created_time": "2025-04-22T20:21:55.579289Z",
            "yes_price": 11,
            "no_price": 89,
            "taker_side": "no"
        },
        {
            "trade_id": "999484a3-4f70-4228-87d2-3d23685a36cb",
            "ticker": "KXHIGHDEN-25APR22-B71.5",
            "count": 9,
            "created_time": "2025-04-22T20:21:55.579289Z",
            "yes_price": 3,
            "no_price": 97,
            "taker_side": "no"
        },
        {
            "trade_id": "1b2c5409-05cc-48fb-b525-9841f2b06f35",
            "ticker": "KXHIGHDEN-25APR22-B71.5",
            "count": 40,
            "created_time": "2025-04-22T20:21:55.579289Z",
            "yes_price": 5,
            "no_price": 95,
            "taker_side": "no"
        },
        {
            "trade_id": "1287d259-14be-4faf-8565-9a9123a78ac2",
            "ticker": "KXHIGHDEN-25APR22-B71.5",
            "count": 12,
            "created_time": "2025-04-22T20:21:55.579289Z",
            "yes_price": 6,
            "no_price": 94,
            "taker_side": "no"
        },
        {
            "trade_id": "e193ee36-bf86-43d1-b961-88bde01e2b4c",
            "ticker": "KXHIGHDEN-25APR22-B71.5",
            "count": 6,
            "created_time": "2025-04-22T20:20:02.554124Z",
            "yes_price": 18,
            "no_price": 82,
            "taker_side": "yes"
        },
        {
            "trade_id": "0ced3a82-9133-410c-b4f3-d0c101145835",
            "ticker": "KXHIGHDEN-25APR22-B71.5",
            "count": 21,
            "created_time": "2025-04-22T20:17:18.008834Z",
            "yes_price": 16,
            "no_price": 84,
            "taker_side": "no"
        },
        {
            "trade_id": "a56d8dc6-23c3-4b6d-8aac-edaf0b15221b",
            "ticker": "KXHIGHDEN-25APR22-B71.5",
            "count": 50,
            "created_time": "2025-04-22T20:10:57.420101Z",
            "yes_price": 20,
            "no_price": 80,
            "taker_side": "no"
        },
        {
            "trade_id": "1a796329-b571-4b78-99f8-36fa1711f1ef",
            "ticker": "KXHIGHDEN-25APR22-B71.5",
            "count": 23,
            "created_time": "2025-04-22T20:10:57.420101Z",
            "yes_price": 19,
            "no_price": 81,
            "taker_side": "no"
        },
        {
            "trade_id": "fe637054-8bb4-4dae-96b0-2620a0b845ca",
            "ticker": "KXHIGHDEN-25APR22-B71.5",
            "count": 50,
            "created_time": "2025-04-22T20:10:01.817321Z",
            "yes_price": 17,
            "no_price": 83,
            "taker_side": "no"
        },
        {
            "trade_id": "a5f3f7da-eff7-4e6e-8798-846f9ef089b3",
            "ticker": "KXHIGHDEN-25APR22-B71.5",
            "count": 100,
            "created_time": "2025-04-22T20:09:33.917837Z",
            "yes_price": 21,
            "no_price": 79,
            "taker_side": "yes"
        },
        {
            "trade_id": "91a581c9-b7b7-41ad-912b-d40cdacf2cc3",
            "ticker": "KXHIGHDEN-25APR22-B71.5",
            "count": 14,
            "created_time": "2025-04-22T20:09:33.917837Z",
            "yes_price": 28,
            "no_price": 72,
            "taker_side": "yes"
        },
        {
            "trade_id": "79c6495b-2af3-4b2e-90ca-09e9f8e93aed",
            "ticker": "KXHIGHDEN-25APR22-B71.5",
            "count": 100,
            "created_time": "2025-04-22T20:09:33.917837Z",
            "yes_price": 20,
            "no_price": 80,
            "taker_side": "yes"
        },
        {
            "trade_id": "747f6387-a0c7-47dc-8f4b-f76e9efadfe1",
            "ticker": "KXHIGHDEN-25APR22-B71.5",
            "count": 50,
            "created_time": "2025-04-22T20:09:33.917837Z",
            "yes_price": 19,
            "no_price": 81,
            "taker_side": "yes"
        },
        {
            "trade_id": "566c2d7b-8dd5-4237-9b2d-f1a447146eff",
            "ticker": "KXHIGHDEN-25APR22-B71.5",
            "count": 19,
            "created_time": "2025-04-22T20:09:33.917837Z",
            "yes_price": 27,
            "no_price": 73,
            "taker_side": "yes"
        },
        {
            "trade_id": "087849e1-5dba-4843-b914-c8a3f489176c",
            "ticker": "KXHIGHDEN-25APR22-B71.5",
            "count": 68,
            "created_time": "2025-04-22T20:09:33.917837Z",
            "yes_price": 19,
            "no_price": 81,
            "taker_side": "yes"
        },
        {
            "trade_id": "0726d607-dfca-443b-80b3-d8a5fc9a4b74",
            "ticker": "KXHIGHDEN-25APR22-B71.5",
            "count": 100,
            "created_time": "2025-04-22T20:09:33.917837Z",
            "yes_price": 22,
            "no_price": 78,
            "taker_side": "yes"
        },
        {
            "trade_id": "ebabde5f-383b-48f2-b901-7dcdfb38e846",
            "ticker": "KXHIGHDEN-25APR22-B71.5",
            "count": 50,
            "created_time": "2025-04-22T20:07:57.750408Z",
            "yes_price": 17,
            "no_price": 83,
            "taker_side": "yes"
        },
        {
            "trade_id": "c96ae113-4939-46a1-bfa8-d0f8aa2226e4",
            "ticker": "KXHIGHDEN-25APR22-B71.5",
            "count": 32,
            "created_time": "2025-04-22T20:07:57.750408Z",
            "yes_price": 19,
            "no_price": 81,
            "taker_side": "yes"
        },
        {
            "trade_id": "b612ec75-ce86-4746-b186-315a59026d38",
            "ticker": "KXHIGHDEN-25APR22-B71.5",
            "count": 150,
            "created_time": "2025-04-22T20:07:57.750408Z",
            "yes_price": 18,
            "no_price": 82,
            "taker_side": "yes"
        },
        {
            "trade_id": "126c09cf-246f-4441-bccd-b38bc964c8b0",
            "ticker": "KXHIGHDEN-25APR22-B71.5",
            "count": 50,
            "created_time": "2025-04-22T20:01:22.837713Z",
            "yes_price": 12,
            "no_price": 88,
            "taker_side": "no"
        },
        {
            "trade_id": "74be24cc-1a92-4d2e-a8e1-f64e2938c1fb",
            "ticker": "KXHIGHDEN-25APR22-B71.5",
            "count": 40,
            "created_time": "2025-04-22T20:00:55.582367Z",
            "yes_price": 12,
            "no_price": 88,
            "taker_side": "no"
        },
        {
            "trade_id": "86e30e89-2299-4aad-b7ad-7202be0a65ae",
            "ticker": "KXHIGHDEN-25APR22-B71.5",
            "count": 50,
            "created_time": "2025-04-22T20:00:26.937788Z",
            "yes_price": 13,
            "no_price": 87,
            "taker_side": "no"
        },
        {
            "trade_id": "e412dcc4-11d2-4c49-a36d-ed6d21ad54ec",
            "ticker": "KXHIGHDEN-25APR22-B71.5",
            "count": 5,
            "created_time": "2025-04-22T20:00:02.197151Z",
            "yes_price": 14,
            "no_price": 86,
            "taker_side": "no"
        },
        {
            "trade_id": "1374aca5-304a-41bd-85a5-f8ab897f71ea",
            "ticker": "KXHIGHDEN-25APR22-B71.5",
            "count": 50,
            "created_time": "2025-04-22T19:59:29.165704Z",
            "yes_price": 17,
            "no_price": 83,
            "taker_side": "no"
        },
        {
            "trade_id": "a5139a01-307e-4280-aa1b-9ce498c9178d",
            "ticker": "KXHIGHDEN-25APR22-B71.5",
            "count": 560,
            "created_time": "2025-04-22T19:58:55.436921Z",
            "yes_price": 25,
            "no_price": 75,
            "taker_side": "no"
        },
        {
            "trade_id": "8cd0b95e-462c-41bb-8a2d-2ad616b9ba13",
            "ticker": "KXHIGHDEN-25APR22-B71.5",
            "count": 200,
            "created_time": "2025-04-22T19:57:16.335285Z",
            "yes_price": 23,
            "no_price": 77,
            "taker_side": "yes"
        },
        {
            "trade_id": "521bff7a-23ce-4b5b-956b-7363d4fef734",
            "ticker": "KXHIGHDEN-25APR22-B71.5",
            "count": 40,
            "created_time": "2025-04-22T19:57:16.335285Z",
            "yes_price": 25,
            "no_price": 75,
            "taker_side": "yes"
        },
        {
            "trade_id": "2cc124b7-c229-4f13-b170-e5833e5c48c7",
            "ticker": "KXHIGHDEN-25APR22-B71.5",
            "count": 200,
            "created_time": "2025-04-22T19:57:16.335285Z",
            "yes_price": 24,
            "no_price": 76,
            "taker_side": "yes"
        },
        {
            "trade_id": "1433f3a2-477d-4815-9da2-0be122f886ed",
            "ticker": "KXHIGHDEN-25APR22-B71.5",
            "count": 100,
            "created_time": "2025-04-22T19:46:52.447916Z",
            "yes_price": 28,
            "no_price": 72,
            "taker_side": "yes"
        },
        {
            "trade_id": "956ccedc-3949-44c1-b9ff-4a54ddd3c35a",
            "ticker": "KXHIGHDEN-25APR22-B71.5",
            "count": 50,
            "created_time": "2025-04-22T19:46:39.233166Z",
            "yes_price": 28,
            "no_price": 72,
            "taker_side": "yes"
        },
        {
            "trade_id": "2b673ed1-c25a-452d-b15b-ee2cae73ac40",
            "ticker": "KXHIGHDEN-25APR22-B71.5",
            "count": 38,
            "created_time": "2025-04-22T19:46:39.233166Z",
            "yes_price": 28,
            "no_price": 72,
            "taker_side": "yes"
        },
        {
            "trade_id": "a8b8b760-fde1-42e7-8838-1f02c85054b2",
            "ticker": "KXHIGHDEN-25APR22-B71.5",
            "count": 100,
            "created_time": "2025-04-22T19:45:13.326216Z",
            "yes_price": 23,
            "no_price": 77,
            "taker_side": "yes"
        },
        {
            "trade_id": "97f89c24-56e9-4eee-8cd9-fbc00fb6d1ad",
            "ticker": "KXHIGHDEN-25APR22-B71.5",
            "count": 40,
            "created_time": "2025-04-22T19:45:13.326216Z",
            "yes_price": 24,
            "no_price": 76,
            "taker_side": "yes"
        },
        {
            "trade_id": "36aa4c90-d4e6-4fb0-a327-3c9713e83de6",
            "ticker": "KXHIGHDEN-25APR22-B71.5",
            "count": 50,
            "created_time": "2025-04-22T19:45:13.326216Z",
            "yes_price": 24,
            "no_price": 76,
            "taker_side": "yes"
        },
        {
            "trade_id": "0d81f00d-af31-4fe6-be7e-9787dff95aa3",
            "ticker": "KXHIGHDEN-25APR22-B71.5",
            "count": 100,
            "created_time": "2025-04-22T19:45:13.326216Z",
            "yes_price": 24,
            "no_price": 76,
            "taker_side": "yes"
        },
        {
            "trade_id": "0023c457-7b67-466c-a42a-41d8cf255921",
            "ticker": "KXHIGHDEN-25APR22-B71.5",
            "count": 100,
            "created_time": "2025-04-22T19:45:13.326216Z",
            "yes_price": 25,
            "no_price": 75,
            "taker_side": "yes"
        },
        {
            "trade_id": "2a456695-da1d-440e-93c1-193da0d33766",
            "ticker": "KXHIGHDEN-25APR22-B71.5",
            "count": 200,
            "created_time": "2025-04-22T19:43:29.742181Z",
            "yes_price": 23,
            "no_price": 77,
            "taker_side": "yes"
        },
        {
            "trade_id": "f2d23d4f-b943-4beb-a389-32ed7124a055",
            "ticker": "KXHIGHDEN-25APR22-B71.5",
            "count": 50,
            "created_time": "2025-04-22T19:42:54.31568Z",
            "yes_price": 28,
            "no_price": 72,
            "taker_side": "yes"
        },
        {
            "trade_id": "eeb0d367-95d5-4e06-bff5-6ec8b38b6718",
            "ticker": "KXHIGHDEN-25APR22-B71.5",
            "count": 100,
            "created_time": "2025-04-22T19:42:54.31568Z",
            "yes_price": 27,
            "no_price": 73,
            "taker_side": "yes"
        },
        {
            "trade_id": "97324fed-1181-4622-b777-9d404a15ca82",
            "ticker": "KXHIGHDEN-25APR22-B71.5",
            "count": 100,
            "created_time": "2025-04-22T19:42:54.31568Z",
            "yes_price": 26,
            "no_price": 74,
            "taker_side": "yes"
        },
        {
            "trade_id": "4539ef62-2b99-4dcc-b241-9ff7f9dbd4af",
            "ticker": "KXHIGHDEN-25APR22-B71.5",
            "count": 100,
            "created_time": "2025-04-22T19:42:54.31568Z",
            "yes_price": 25,
            "no_price": 75,
            "taker_side": "yes"
        },
        {
            "trade_id": "370d60f4-f525-4e38-b696-38a0169ac09c",
            "ticker": "KXHIGHDEN-25APR22-B71.5",
            "count": 50,
            "created_time": "2025-04-22T19:42:54.31568Z",
            "yes_price": 24,
            "no_price": 76,
            "taker_side": "yes"
        },
        {
            "trade_id": "dcfc967e-6c70-44f9-bcd4-449fb8c6285c",
            "ticker": "KXHIGHDEN-25APR22-B71.5",
            "count": 30,
            "created_time": "2025-04-22T19:39:58.56197Z",
            "yes_price": 20,
            "no_price": 80,
            "taker_side": "no"
        },
        {
            "trade_id": "7259eae4-a44d-467b-8de5-994930bb1476",
            "ticker": "KXHIGHDEN-25APR22-B71.5",
            "count": 50,
            "created_time": "2025-04-22T19:38:59.05416Z",
            "yes_price": 19,
            "no_price": 81,
            "taker_side": "yes"
        },
        {
            "trade_id": "600e3e19-7898-40ab-8b7f-987020d9baf5",
            "ticker": "KXHIGHDEN-25APR22-B71.5",
            "count": 200,
            "created_time": "2025-04-22T19:38:59.05416Z",
            "yes_price": 20,
            "no_price": 80,
            "taker_side": "yes"
        },
        {
            "trade_id": "c7b76846-e667-4b07-b477-49b3f39c8e37",
            "ticker": "KXHIGHDEN-25APR22-B71.5",
            "count": 100,
            "created_time": "2025-04-22T19:20:25.241993Z",
            "yes_price": 28,
            "no_price": 72,
            "taker_side": "yes"
        },
        {
            "trade_id": "c392f4fa-45c4-4451-955c-96c96d82c301",
            "ticker": "KXHIGHDEN-25APR22-B71.5",
            "count": 50,
            "created_time": "2025-04-22T19:20:25.241993Z",
            "yes_price": 27,
            "no_price": 73,
            "taker_side": "yes"
        },
        {
            "trade_id": "1d81835b-e21b-4dca-873c-92a6ed85a445",
            "ticker": "KXHIGHDEN-25APR22-B71.5",
            "count": 20,
            "created_time": "2025-04-22T19:20:25.241993Z",
            "yes_price": 30,
            "no_price": 70,
            "taker_side": "yes"
        },
        {
            "trade_id": "c4464855-cbda-4204-b992-004bfd04ad18",
            "ticker": "KXHIGHDEN-25APR22-B71.5",
            "count": 50,
            "created_time": "2025-04-22T19:18:37.217761Z",
            "yes_price": 27,
            "no_price": 73,
            "taker_side": "yes"
        },
        {
            "trade_id": "4c044d1a-2e8f-4d84-b635-adf4628731b8",
            "ticker": "KXHIGHDEN-25APR22-B71.5",
            "count": 50,
            "created_time": "2025-04-22T19:04:50.673599Z",
            "yes_price": 29,
            "no_price": 71,
            "taker_side": "yes"
        },
        {
            "trade_id": "45f8a9a8-752a-4048-a635-efa5c24777f8",
            "ticker": "KXHIGHDEN-25APR22-B71.5",
            "count": 50,
            "created_time": "2025-04-22T19:03:36.916986Z",
            "yes_price": 29,
            "no_price": 71,
            "taker_side": "yes"
        },
        {
            "trade_id": "7ad08d9d-6388-40c9-89c4-0553a69187a6",
            "ticker": "KXHIGHDEN-25APR22-B71.5",
            "count": 40,
            "created_time": "2025-04-22T19:01:25.71092Z",
            "yes_price": 15,
            "no_price": 85,
            "taker_side": "yes"
        },
        {
            "trade_id": "11ff920e-b251-4fe1-8425-74c53fc0c320",
            "ticker": "KXHIGHDEN-25APR22-B71.5",
            "count": 5,
            "created_time": "2025-04-22T19:01:25.71092Z",
            "yes_price": 13,
            "no_price": 87,
            "taker_side": "yes"
        },
        {
            "trade_id": "b75bc0e1-abcc-41a7-aa77-30219a230faf",
            "ticker": "KXHIGHDEN-25APR22-B71.5",
            "count": 50,
            "created_time": "2025-04-22T19:01:18.470667Z",
            "yes_price": 12,
            "no_price": 88,
            "taker_side": "yes"
        },
        {
            "trade_id": "587a9b02-79b6-4d43-b38c-1ac24b6c4a61",
            "ticker": "KXHIGHDEN-25APR22-B71.5",
            "count": 5,
            "created_time": "2025-04-22T18:48:01.836316Z",
            "yes_price": 13,
            "no_price": 87,
            "taker_side": "no"
        },
        {
            "trade_id": "70fd47fc-23fa-4e48-93b2-7d55f7679176",
            "ticker": "KXHIGHDEN-25APR22-B71.5",
            "count": 16,
            "created_time": "2025-04-22T18:47:37.21801Z",
            "yes_price": 11,
            "no_price": 89,
            "taker_side": "no"
        },
        {
            "trade_id": "6894fd7e-ef9a-427f-b555-aadccd26899f",
            "ticker": "KXHIGHDEN-25APR22-B71.5",
            "count": 24,
            "created_time": "2025-04-22T18:47:36.376384Z",
            "yes_price": 11,
            "no_price": 89,
            "taker_side": "no"
        },
        {
            "trade_id": "932d02dc-bb7c-4bca-b02a-ca10398a8261",
            "ticker": "KXHIGHDEN-25APR22-B71.5",
            "count": 24,
            "created_time": "2025-04-22T18:18:42.627534Z",
            "yes_price": 19,
            "no_price": 81,
            "taker_side": "yes"
        },
        {
            "trade_id": "bc715d42-c668-4edd-8e40-7f9b9756a0e5",
            "ticker": "KXHIGHDEN-25APR22-B71.5",
            "count": 3,
            "created_time": "2025-04-22T18:08:01.302242Z",
            "yes_price": 8,
            "no_price": 92,
            "taker_side": "no"
        },
        {
            "trade_id": "a36f1a8d-93ed-4cc7-93eb-3e2110e22231",
            "ticker": "KXHIGHDEN-25APR22-B71.5",
            "count": 4,
            "created_time": "2025-04-22T17:59:59.148545Z",
            "yes_price": 13,
            "no_price": 87,
            "taker_side": "yes"
        },
        {
            "trade_id": "749fce89-cdc3-4238-98de-19eb04e66482",
            "ticker": "KXHIGHDEN-25APR22-B71.5",
            "count": 13,
            "created_time": "2025-04-22T17:59:59.148545Z",
            "yes_price": 11,
            "no_price": 89,
            "taker_side": "yes"
        },
        {
            "trade_id": "461b07b1-1a3f-4ff0-9ebd-c2b2fce356fc",
            "ticker": "KXHIGHDEN-25APR22-B71.5",
            "count": 13,
            "created_time": "2025-04-22T17:59:59.148545Z",
            "yes_price": 10,
            "no_price": 90,
            "taker_side": "yes"
        },
        {
            "trade_id": "0418f2c5-744f-4486-9dd2-02da037c8b96",
            "ticker": "KXHIGHDEN-25APR22-B71.5",
            "count": 26,
            "created_time": "2025-04-22T17:36:54.14704Z",
            "yes_price": 10,
            "no_price": 90,
            "taker_side": "no"
        },
        {
            "trade_id": "32556fae-fa47-48ff-af37-f7670f5d3cc2",
            "ticker": "KXHIGHDEN-25APR22-B71.5",
            "count": 13,
            "created_time": "2025-04-22T17:25:44.512928Z",
            "yes_price": 10,
            "no_price": 90,
            "taker_side": "no"
        },
        {
            "trade_id": "17e574d5-9373-4c5d-91ca-f1da1b7f9e9b",
            "ticker": "KXHIGHDEN-25APR22-B71.5",
            "count": 27,
            "created_time": "2025-04-22T17:25:44.512928Z",
            "yes_price": 11,
            "no_price": 89,
            "taker_side": "no"
        },
        {
            "trade_id": "8202ba38-de39-4069-80ca-bdd7bda8982b",
            "ticker": "KXHIGHDEN-25APR22-B71.5",
            "count": 30,
            "created_time": "2025-04-22T17:15:17.771187Z",
            "yes_price": 16,
            "no_price": 84,
            "taker_side": "no"
        },
        {
            "trade_id": "8f7c746e-7e91-4425-8cac-4813eb15d3d1",
            "ticker": "KXHIGHDEN-25APR22-B71.5",
            "count": 40,
            "created_time": "2025-04-22T17:00:25.169643Z",
            "yes_price": 20,
            "no_price": 80,
            "taker_side": "yes"
        },
        {
            "trade_id": "14b4e2f9-a41f-4403-b3bc-9533e7c8ea83",
            "ticker": "KXHIGHDEN-25APR22-B71.5",
            "count": 10,
            "created_time": "2025-04-22T17:00:25.169643Z",
            "yes_price": 21,
            "no_price": 79,
            "taker_side": "yes"
        },
        {
            "trade_id": "8d82de85-77a9-4edb-8bd0-550c7c72098d",
            "ticker": "KXHIGHDEN-25APR22-B71.5",
            "count": 6,
            "created_time": "2025-04-22T16:57:30.64263Z",
            "yes_price": 12,
            "no_price": 88,
            "taker_side": "no"
        },
        {
            "trade_id": "233ba635-8d87-4e8a-87bb-61618116bbd2",
            "ticker": "KXHIGHDEN-25APR22-B71.5",
            "count": 8,
            "created_time": "2025-04-22T16:52:33.572025Z",
            "yes_price": 17,
            "no_price": 83,
            "taker_side": "yes"
        },
        {
            "trade_id": "779ffb86-aaf3-4f42-98b9-7a48053517f3",
            "ticker": "KXHIGHDEN-25APR22-B71.5",
            "count": 19,
            "created_time": "2025-04-22T16:45:25.153089Z",
            "yes_price": 7,
            "no_price": 93,
            "taker_side": "yes"
        },
        {
            "trade_id": "408a2424-199d-4bcd-a667-54bed3461f03",
            "ticker": "KXHIGHDEN-25APR22-B71.5",
            "count": 1,
            "created_time": "2025-04-22T16:44:25.31445Z",
            "yes_price": 7,
            "no_price": 93,
            "taker_side": "yes"
        },
        {
            "trade_id": "e6d0716d-d90a-415e-af2a-f97d1f0ba50f",
            "ticker": "KXHIGHDEN-25APR22-B71.5",
            "count": 8,
            "created_time": "2025-04-22T16:43:12.413519Z",
            "yes_price": 14,
            "no_price": 86,
            "taker_side": "no"
        },
        {
            "trade_id": "c52c307a-b0e9-419b-b1f2-8074efbd33bd",
            "ticker": "KXHIGHDEN-25APR22-B71.5",
            "count": 12,
            "created_time": "2025-04-22T16:43:12.413519Z",
            "yes_price": 7,
            "no_price": 93,
            "taker_side": "no"
        },
        {
            "trade_id": "4d94ebd3-54da-49c3-a71d-f7e3325d6112",
            "ticker": "KXHIGHDEN-25APR22-B71.5",
            "count": 16,
            "created_time": "2025-04-22T16:43:12.413519Z",
            "yes_price": 17,
            "no_price": 83,
            "taker_side": "no"
        },
        {
            "trade_id": "414af4d7-897c-46a2-a452-49ce0de3d6fa",
            "ticker": "KXHIGHDEN-25APR22-B71.5",
            "count": 81,
            "created_time": "2025-04-22T16:43:12.413519Z",
            "yes_price": 13,
            "no_price": 87,
            "taker_side": "no"
        },
        {
            "trade_id": "1fbb748e-0755-4af6-a05b-571aec1f034d",
            "ticker": "KXHIGHDEN-25APR22-B71.5",
            "count": 50,
            "created_time": "2025-04-22T16:43:12.413519Z",
            "yes_price": 15,
            "no_price": 85,
            "taker_side": "no"
        },
        {
            "trade_id": "0775165f-0bfd-4956-b04e-5d54cab204d3",
            "ticker": "KXHIGHDEN-25APR22-B71.5",
            "count": 16,
            "created_time": "2025-04-22T16:42:44.81593Z",
            "yes_price": 17,
            "no_price": 83,
            "taker_side": "no"
        },
        {
            "trade_id": "7a2d5b46-62b5-4034-bfad-6792e2effaf8",
            "ticker": "KXHIGHDEN-25APR22-B71.5",
            "count": 14,
            "created_time": "2025-04-22T16:40:36.057676Z",
            "yes_price": 20,
            "no_price": 80,
            "taker_side": "no"
        },
        {
            "trade_id": "07f657f7-e863-4868-ab34-8318c3600b9d",
            "ticker": "KXHIGHDEN-25APR22-B71.5",
            "count": 48,
            "created_time": "2025-04-22T16:40:36.057676Z",
            "yes_price": 22,
            "no_price": 78,
            "taker_side": "no"
        },
        {
            "trade_id": "bc2856c9-b5a6-4b7a-bad2-1f05627d615d",
            "ticker": "KXHIGHDEN-25APR22-B71.5",
            "count": 3,
            "created_time": "2025-04-22T16:07:28.207571Z",
            "yes_price": 27,
            "no_price": 73,
            "taker_side": "no"
        },
        {
            "trade_id": "f8efb3a6-9a6a-4c2c-a3d0-ca2bdfc2924f",
            "ticker": "KXHIGHDEN-25APR22-B71.5",
            "count": 2,
            "created_time": "2025-04-22T15:34:07.7741Z",
            "yes_price": 28,
            "no_price": 72,
            "taker_side": "no"
        },
        {
            "trade_id": "5695557b-515e-424b-9ce2-60f855b359a4",
            "ticker": "KXHIGHDEN-25APR22-B71.5",
            "count": 2,
            "created_time": "2025-04-22T15:27:25.789612Z",
            "yes_price": 31,
            "no_price": 69,
            "taker_side": "yes"
        },
        {
            "trade_id": "09650c4a-1c7d-4463-a912-bde98ad49a7c",
            "ticker": "KXHIGHDEN-25APR22-B71.5",
            "count": 1,
            "created_time": "2025-04-22T15:27:25.789612Z",
            "yes_price": 30,
            "no_price": 70,
            "taker_side": "yes"
        },
        {
            "trade_id": "7ed20883-d5f3-4d3a-8bd3-2fc310a5f88f",
            "ticker": "KXHIGHDEN-25APR22-B71.5",
            "count": 6,
            "created_time": "2025-04-22T15:16:01.971305Z",
            "yes_price": 26,
            "no_price": 74,
            "taker_side": "no"
        },
        {
            "trade_id": "4525b0dd-78fc-4e71-b13e-2a558899f702",
            "ticker": "KXHIGHDEN-25APR22-B71.5",
            "count": 1,
            "created_time": "2025-04-22T15:15:54.317754Z",
            "yes_price": 28,
            "no_price": 72,
            "taker_side": "no"
        },
        {
            "trade_id": "26dd64ba-ad6c-4ba6-8940-fd58f9c29824",
            "ticker": "KXHIGHDEN-25APR22-B71.5",
            "count": 1,
            "created_time": "2025-04-22T15:15:50.13711Z",
            "yes_price": 29,
            "no_price": 71,
            "taker_side": "no"
        },
        {
            "trade_id": "8d61d744-ac82-4a06-b201-5efda7ad72d2",
            "ticker": "KXHIGHDEN-25APR22-B71.5",
            "count": 4,
            "created_time": "2025-04-22T15:15:22.92708Z",
            "yes_price": 30,
            "no_price": 70,
            "taker_side": "yes"
        },
        {
            "trade_id": "dd26ccf4-657b-4d6a-82a4-453337c049b1",
            "ticker": "KXHIGHDEN-25APR22-B71.5",
            "count": 1,
            "created_time": "2025-04-22T15:14:05.117747Z",
            "yes_price": 28,
            "no_price": 72,
            "taker_side": "yes"
        },
        {
            "trade_id": "343d55ad-65dd-43fa-8736-d0758d41e4b9",
            "ticker": "KXHIGHDEN-25APR22-B71.5",
            "count": 5,
            "created_time": "2025-04-22T15:12:44.237408Z",
            "yes_price": 27,
            "no_price": 73,
            "taker_side": "no"
        },
        {
            "trade_id": "bdbb8a41-ae5e-4a1d-9b90-2769df23ecea",
            "ticker": "KXHIGHDEN-25APR22-B71.5",
            "count": 5,
            "created_time": "2025-04-22T15:12:38.226776Z",
            "yes_price": 28,
            "no_price": 72,
            "taker_side": "no"
        },
        {
            "trade_id": "85ba6654-ea53-4786-b6fd-4cc287e52c64",
            "ticker": "KXHIGHDEN-25APR22-B71.5",
            "count": 3,
            "created_time": "2025-04-22T15:11:57.635212Z",
            "yes_price": 28,
            "no_price": 72,
            "taker_side": "no"
        },
        {
            "trade_id": "328aa6c7-d284-4aab-9c2f-a7e22ca7d284",
            "ticker": "KXHIGHDEN-25APR22-B71.5",
            "count": 5,
            "created_time": "2025-04-22T15:11:57.635212Z",
            "yes_price": 28,
            "no_price": 72,
            "taker_side": "no"
        },
        {
            "trade_id": "f3fd08b3-3f42-4744-9603-477a68533f43",
            "ticker": "KXHIGHDEN-25APR22-B71.5",
            "count": 5,
            "created_time": "2025-04-22T15:04:58.853067Z",
            "yes_price": 32,
            "no_price": 68,
            "taker_side": "yes"
        },
        {
            "trade_id": "b49f9897-af30-4e49-9c68-df65cf366554",
            "ticker": "KXHIGHDEN-25APR22-B71.5",
            "count": 1,
            "created_time": "2025-04-22T15:04:58.853067Z",
            "yes_price": 31,
            "no_price": 69,
            "taker_side": "yes"
        },
        {
            "trade_id": "d4bd61ee-f049-4eec-a009-82b0a04263a5",
            "ticker": "KXHIGHDEN-25APR22-B71.5",
            "count": 1,
            "created_time": "2025-04-22T15:01:59.739322Z",
            "yes_price": 32,
            "no_price": 68,
            "taker_side": "yes"
        },
        {
            "trade_id": "8b89c65b-647f-439b-a346-181715560460",
            "ticker": "KXHIGHDEN-25APR22-B71.5",
            "count": 66,
            "created_time": "2025-04-22T15:01:59.739322Z",
            "yes_price": 31,
            "no_price": 69,
            "taker_side": "yes"
        },
        {
            "trade_id": "798324df-10f1-402c-855f-1c3e9f1adb2f",
            "ticker": "KXHIGHDEN-25APR22-B71.5",
            "count": 15,
            "created_time": "2025-04-22T15:01:59.739322Z",
            "yes_price": 32,
            "no_price": 68,
            "taker_side": "yes"
        },
        {
            "trade_id": "1c8cf060-eebd-44e0-8a9b-5aaf2b4676b4",
            "ticker": "KXHIGHDEN-25APR22-B71.5",
            "count": 8,
            "created_time": "2025-04-22T15:01:59.739322Z",
            "yes_price": 33,
            "no_price": 67,
            "taker_side": "yes"
        },
        {
            "trade_id": "0d482759-d107-4166-86e6-46c54fc80faa",
            "ticker": "KXHIGHDEN-25APR22-B71.5",
            "count": 77,
            "created_time": "2025-04-22T15:01:59.739322Z",
            "yes_price": 34,
            "no_price": 66,
            "taker_side": "yes"
        },
        {
            "trade_id": "7a4ee066-1475-4fa5-81ad-0912b1442966",
            "ticker": "KXHIGHDEN-25APR22-B71.5",
            "count": 65,
            "created_time": "2025-04-22T14:58:35.731197Z",
            "yes_price": 30,
            "no_price": 70,
            "taker_side": "no"
        },
        {
            "trade_id": "081b0022-8cc4-4097-a7d1-6920237f0573",
            "ticker": "KXHIGHDEN-25APR22-B71.5",
            "count": 2,
            "created_time": "2025-04-22T14:58:35.731197Z",
            "yes_price": 30,
            "no_price": 70,
            "taker_side": "no"
        },
        {
            "trade_id": "92df632f-87e8-4ec7-9df9-cb7d34342077",
            "ticker": "KXHIGHDEN-25APR22-B71.5",
            "count": 30,
            "created_time": "2025-04-22T14:57:35.304857Z",
            "yes_price": 31,
            "no_price": 69,
            "taker_side": "yes"
        },
        {
            "trade_id": "f55c5617-56c3-4887-aafc-5c217c210c5a",
            "ticker": "KXHIGHDEN-25APR22-B71.5",
            "count": 3,
            "created_time": "2025-04-22T14:48:35.056057Z",
            "yes_price": 31,
            "no_price": 69,
            "taker_side": "yes"
        },
        {
            "trade_id": "38100d74-ae4b-4e33-9986-ba99099816da",
            "ticker": "KXHIGHDEN-25APR22-B71.5",
            "count": 1,
            "created_time": "2025-04-22T14:47:52.051801Z",
            "yes_price": 31,
            "no_price": 69,
            "taker_side": "no"
        },
        {
            "trade_id": "b72ef7cc-eb40-491f-8e3f-cd0f6589bc32",
            "ticker": "KXHIGHDEN-25APR22-B71.5",
            "count": 10,
            "created_time": "2025-04-22T14:30:05.555874Z",
            "yes_price": 32,
            "no_price": 68,
            "taker_side": "yes"
        },
        {
            "trade_id": "193ab14f-ec52-4177-98d6-eaa98af004f4",
            "ticker": "KXHIGHDEN-25APR22-B71.5",
            "count": 50,
            "created_time": "2025-04-22T14:30:05.555874Z",
            "yes_price": 32,
            "no_price": 68,
            "taker_side": "yes"
        },
        {
            "trade_id": "137c5aa4-288d-4f44-a98d-f2f8f7d57916",
            "ticker": "KXHIGHDEN-25APR22-B71.5",
            "count": 50,
            "created_time": "2025-04-22T14:19:02.935428Z",
            "yes_price": 32,
            "no_price": 68,
            "taker_side": "yes"
        },
        {
            "trade_id": "e75d0abd-e160-426f-9724-e5d727557321",
            "ticker": "KXHIGHDEN-25APR22-B71.5",
            "count": 48,
            "created_time": "2025-04-22T14:17:58.636477Z",
            "yes_price": 32,
            "no_price": 68,
            "taker_side": "yes"
        },
        {
            "trade_id": "bc0f828c-3ecb-4315-bc2e-5ce5d21ecc01",
            "ticker": "KXHIGHDEN-25APR22-B71.5",
            "count": 16,
            "created_time": "2025-04-22T14:17:58.636477Z",
            "yes_price": 33,
            "no_price": 67,
            "taker_side": "yes"
        },
        {
            "trade_id": "0ed9bae7-5769-44d0-87a6-680f0c646b61",
            "ticker": "KXHIGHDEN-25APR22-B71.5",
            "count": 54,
            "created_time": "2025-04-22T14:17:58.636477Z",
            "yes_price": 33,
            "no_price": 67,
            "taker_side": "yes"
        },
        {
            "trade_id": "37951a4d-6618-460a-b03f-c7a4263bbe32",
            "ticker": "KXHIGHDEN-25APR22-B71.5",
            "count": 2,
            "created_time": "2025-04-22T14:17:28.383454Z",
            "yes_price": 32,
            "no_price": 68,
            "taker_side": "no"
        },
        {
            "trade_id": "202daf3e-a4e7-4a4b-954d-87369d0fd6c7",
            "ticker": "KXHIGHDEN-25APR22-B71.5",
            "count": 5,
            "created_time": "2025-04-22T14:11:25.935941Z",
            "yes_price": 33,
            "no_price": 67,
            "taker_side": "yes"
        },
        {
            "trade_id": "a7697bee-e322-4cf7-bcf0-51e8bd8231d0",
            "ticker": "KXHIGHDEN-25APR22-B71.5",
            "count": 56,
            "created_time": "2025-04-22T14:04:02.725585Z",
            "yes_price": 33,
            "no_price": 67,
            "taker_side": "yes"
        },
        {
            "trade_id": "152e39d5-d88d-4ed7-9742-9946a8612917",
            "ticker": "KXHIGHDEN-25APR22-B71.5",
            "count": 160,
            "created_time": "2025-04-22T14:04:02.725585Z",
            "yes_price": 35,
            "no_price": 65,
            "taker_side": "yes"
        },
        {
            "trade_id": "e79d81e6-d051-42ae-a5f8-b20c0b4f22d4",
            "ticker": "KXHIGHDEN-25APR22-B71.5",
            "count": 50,
            "created_time": "2025-04-22T14:03:43.431885Z",
            "yes_price": 32,
            "no_price": 68,
            "taker_side": "yes"
        },
        {
            "trade_id": "3c4a9ef9-a95d-4665-b755-be1da60832d4",
            "ticker": "KXHIGHDEN-25APR22-B71.5",
            "count": 28,
            "created_time": "2025-04-22T13:47:53.73317Z",
            "yes_price": 33,
            "no_price": 67,
            "taker_side": "yes"
        },
        {
            "trade_id": "61cff140-d1a7-426f-b18e-5b701eca856a",
            "ticker": "KXHIGHDEN-25APR22-B71.5",
            "count": 15,
            "created_time": "2025-04-22T13:41:03.234055Z",
            "yes_price": 33,
            "no_price": 67,
            "taker_side": "yes"
        },
        {
            "trade_id": "c0043f7f-51b3-4595-9ac6-5fe08a00f1b5",
            "ticker": "KXHIGHDEN-25APR22-B71.5",
            "count": 6,
            "created_time": "2025-04-22T13:33:35.768446Z",
            "yes_price": 33,
            "no_price": 67,
            "taker_side": "yes"
        },
        {
            "trade_id": "6842b748-21b4-4353-8164-54a716a00d51",
            "ticker": "KXHIGHDEN-25APR22-B71.5",
            "count": 17,
            "created_time": "2025-04-22T13:33:35.768446Z",
            "yes_price": 32,
            "no_price": 68,
            "taker_side": "yes"
        },
        {
            "trade_id": "bf7f5ad0-cbd8-4869-a5b9-aae879826a62",
            "ticker": "KXHIGHDEN-25APR22-B71.5",
            "count": 22,
            "created_time": "2025-04-22T13:25:33.178138Z",
            "yes_price": 33,
            "no_price": 67,
            "taker_side": "yes"
        },
        {
            "trade_id": "72079613-11e5-4dc3-9ccc-6ca728c6c78b",
            "ticker": "KXHIGHDEN-25APR22-B71.5",
            "count": 83,
            "created_time": "2025-04-22T13:25:33.178138Z",
            "yes_price": 32,
            "no_price": 68,
            "taker_side": "yes"
        },
        {
            "trade_id": "261d1a49-14b7-4a04-9e94-ad2c00bfe5d4",
            "ticker": "KXHIGHDEN-25APR22-B71.5",
            "count": 142,
            "created_time": "2025-04-22T13:25:33.178138Z",
            "yes_price": 34,
            "no_price": 66,
            "taker_side": "yes"
        },
        {
            "trade_id": "2147b060-aacf-4a24-ba86-3f24b189b394",
            "ticker": "KXHIGHDEN-25APR22-B71.5",
            "count": 14,
            "created_time": "2025-04-22T13:25:33.178138Z",
            "yes_price": 32,
            "no_price": 68,
            "taker_side": "yes"
        },
        {
            "trade_id": "9f0e6911-8cdd-44ea-99b7-18c2b515bfc6",
            "ticker": "KXHIGHDEN-25APR22-B71.5",
            "count": 5,
            "created_time": "2025-04-22T13:09:47.193328Z",
            "yes_price": 31,
            "no_price": 69,
            "taker_side": "no"
        },
        {
            "trade_id": "30c9bd00-50e6-4688-9dd7-2593e3bc6465",
            "ticker": "KXHIGHDEN-25APR22-B71.5",
            "count": 17,
            "created_time": "2025-04-22T13:09:47.193328Z",
            "yes_price": 31,
            "no_price": 69,
            "taker_side": "no"
        },
        {
            "trade_id": "136f9693-4642-4b15-a29e-fe18a74c0778",
            "ticker": "KXHIGHDEN-25APR22-B71.5",
            "count": 35,
            "created_time": "2025-04-22T13:02:53.719503Z",
            "yes_price": 30,
            "no_price": 70,
            "taker_side": "yes"
        },
