{
    "KXHIGHDEN-25FEB20-T26": [
        {
            "trade_id": "115e2e4c-6265-4db9-bfd7-db1d747da779",
            "ticker": "KXHIGHDEN-25FEB20-T26",
            "count": 56,
            "created_time": "2025-02-21T02:55:32.892244Z",
            "yes_price": 1,
            "no_price": 99,
            "taker_side": "yes"
        },
        {
            "trade_id": "a0379952-8ac4-4837-8900-efd8473e5a19",
            "ticker": "KXHIGHDEN-25FEB20-T26",
            "count": 728,
            "created_time": "2025-02-20T23:03:24.819874Z",
            "yes_price": 1,
            "no_price": 99,
            "taker_side": "yes"
        },
        {
            "trade_id": "83e7db52-226d-4b8a-8b97-2a42840a9761",
            "ticker": "KXHIGHDEN-25FEB20-T26",
            "count": 298,
            "created_time": "2025-02-20T23:03:24.819874Z",
            "yes_price": 1,
            "no_price": 99,
            "taker_side": "yes"
        },
        {
            "trade_id": "a8c26336-f653-4b02-98c3-335fd9c011e1",
            "ticker": "KXHIGHDEN-25FEB20-T26",
            "count": 14,
            "created_time": "2025-02-20T22:35:05.447181Z",
            "yes_price": 1,
            "no_price": 99,
            "taker_side": "yes"
        },
        {
            "trade_id": "6464b055-a9f6-4001-8120-aa4ab045c85d",
            "ticker": "KXHIGHDEN-25FEB20-T26",
            "count": 52,
            "created_time": "2025-02-20T22:35:05.447181Z",
            "yes_price": 1,
            "no_price": 99,
            "taker_side": "yes"
        },
        {
            "trade_id": "3846d58a-9b14-4fce-8d8f-0cdee05fede2",
            "ticker": "KXHIGHDEN-25FEB20-T26",
            "count": 86,
            "created_time": "2025-02-20T22:30:00.544349Z",
            "yes_price": 1,
            "no_price": 99,
            "taker_side": "yes"
        },
        {
            "trade_id": "0e712d2f-0394-4654-ae87-c3f8d0671f64",
            "ticker": "KXHIGHDEN-25FEB20-T26",
            "count": 848,
            "created_time": "2025-02-20T22:30:00.544349Z",
            "yes_price": 1,
            "no_price": 99,
            "taker_side": "yes"
        },
        {
            "trade_id": "c7e96b4e-9342-444b-aa82-665279a43e2e",
            "ticker": "KXHIGHDEN-25FEB20-T26",
            "count": 184,
            "created_time": "2025-02-20T21:57:44.803693Z",
            "yes_price": 1,
            "no_price": 99,
            "taker_side": "yes"
        },
        {
            "trade_id": "58ff62cb-2cb4-4385-a4db-2b1daf9e653d",
            "ticker": "KXHIGHDEN-25FEB20-T26",
            "count": 57,
            "created_time": "2025-02-20T21:50:23.17896Z",
            "yes_price": 1,
            "no_price": 99,
            "taker_side": "yes"
        },
        {
            "trade_id": "b72bc8d1-70f5-43a7-93ff-609ea7d7f3f6",
            "ticker": "KXHIGHDEN-25FEB20-T26",
            "count": 500,
            "created_time": "2025-02-20T21:46:17.358244Z",
            "yes_price": 1,
            "no_price": 99,
            "taker_side": "yes"
        },
        {
            "trade_id": "8312b456-7f08-4a43-bac4-f883090cafe6",
            "ticker": "KXHIGHDEN-25FEB20-T26",
            "count": 3213,
            "created_time": "2025-02-20T21:46:17.358244Z",
            "yes_price": 1,
            "no_price": 99,
            "taker_side": "yes"
        },
        {
            "trade_id": "7bb9c07c-b4f2-4ee3-b721-469e92e0b62e",
            "ticker": "KXHIGHDEN-25FEB20-T26",
            "count": 910,
            "created_time": "2025-02-20T21:46:17.358244Z",
            "yes_price": 1,
            "no_price": 99,
            "taker_side": "yes"
        },
        {
            "trade_id": "65232beb-ae50-4434-bd36-6a766a1da5fe",
            "ticker": "KXHIGHDEN-25FEB20-T26",
            "count": 10,
            "created_time": "2025-02-20T21:46:17.358244Z",
            "yes_price": 1,
            "no_price": 99,
            "taker_side": "yes"
        },
        {
            "trade_id": "56cd2203-3e1c-4288-852e-db3896270f78",
            "ticker": "KXHIGHDEN-25FEB20-T26",
            "count": 20,
            "created_time": "2025-02-20T21:46:17.358244Z",
            "yes_price": 1,
            "no_price": 99,
            "taker_side": "yes"
        },
        {
            "trade_id": "21d7f148-504e-45c4-bf1b-8c0cb19c59da",
            "ticker": "KXHIGHDEN-25FEB20-T26",
            "count": 20,
            "created_time": "2025-02-20T21:46:17.358244Z",
            "yes_price": 1,
            "no_price": 99,
            "taker_side": "yes"
        },
        {
            "trade_id": "bd6d36b4-8cc0-47c3-8197-2821a51cf3a0",
            "ticker": "KXHIGHDEN-25FEB20-T26",
            "count": 33,
            "created_time": "2025-02-20T21:06:52.461675Z",
            "yes_price": 1,
            "no_price": 99,
            "taker_side": "yes"
        },
        {
            "trade_id": "5fb42e12-0906-40d2-b9f0-55624b3123b0",
            "ticker": "KXHIGHDEN-25FEB20-T26",
            "count": 300,
            "created_time": "2025-02-20T21:02:06.207656Z",
            "yes_price": 1,
            "no_price": 99,
            "taker_side": "yes"
        },
        {
            "trade_id": "86560566-dd01-4823-af6d-fafcce92595d",
            "ticker": "KXHIGHDEN-25FEB20-T26",
            "count": 153,
            "created_time": "2025-02-20T21:01:55.909689Z",
            "yes_price": 1,
            "no_price": 99,
            "taker_side": "yes"
        },
        {
            "trade_id": "17c3ac37-2000-4634-8b2b-c8ffbca7b776",
            "ticker": "KXHIGHDEN-25FEB20-T26",
            "count": 50,
            "created_time": "2025-02-20T21:01:44.98873Z",
            "yes_price": 1,
            "no_price": 99,
            "taker_side": "yes"
        },
        {
            "trade_id": "b0176f1c-8245-42f6-9bce-0f3fb6c00056",
            "ticker": "KXHIGHDEN-25FEB20-T26",
            "count": 50,
            "created_time": "2025-02-20T20:59:49.786982Z",
            "yes_price": 1,
            "no_price": 99,
            "taker_side": "yes"
        },
        {
            "trade_id": "cafc007e-fd61-428a-9571-dff36b798f15",
            "ticker": "KXHIGHDEN-25FEB20-T26",
            "count": 145,
            "created_time": "2025-02-20T20:57:20.404451Z",
            "yes_price": 1,
            "no_price": 99,
            "taker_side": "yes"
        },
        {
            "trade_id": "08a1f3c1-e464-4161-a57c-b745f6b02b4f",
            "ticker": "KXHIGHDEN-25FEB20-T26",
            "count": 560,
            "created_time": "2025-02-20T20:57:13.902757Z",
            "yes_price": 1,
            "no_price": 99,
            "taker_side": "yes"
        },
        {
            "trade_id": "c2e57d2a-48c6-45e7-ba5b-a5a012b300f6",
            "ticker": "KXHIGHDEN-25FEB20-T26",
            "count": 224,
            "created_time": "2025-02-20T20:56:52.100796Z",
            "yes_price": 1,
            "no_price": 99,
            "taker_side": "yes"
        },
        {
            "trade_id": "e14e84da-2af4-49e9-ad1d-93edc3344d19",
            "ticker": "KXHIGHDEN-25FEB20-T26",
            "count": 54,
            "created_time": "2025-02-20T20:56:01.212315Z",
            "yes_price": 1,
            "no_price": 99,
            "taker_side": "yes"
        },
        {
            "trade_id": "fac144fa-6886-4db1-a2c1-9389c8f027da",
            "ticker": "KXHIGHDEN-25FEB20-T26",
            "count": 120,
            "created_time": "2025-02-20T20:55:40.356687Z",
            "yes_price": 1,
            "no_price": 99,
            "taker_side": "no"
        },
        {
            "trade_id": "caaa69bd-addb-48e1-be7a-5be79ae3ac96",
            "ticker": "KXHIGHDEN-25FEB20-T26",
            "count": 1276,
            "created_time": "2025-02-20T20:55:40.356687Z",
            "yes_price": 12,
            "no_price": 88,
            "taker_side": "no"
        },
        {
            "trade_id": "b57e2b2d-4155-4e44-92ac-a7814b896448",
            "ticker": "KXHIGHDEN-25FEB20-T26",
            "count": 80,
            "created_time": "2025-02-20T20:55:40.356687Z",
            "yes_price": 5,
            "no_price": 95,
            "taker_side": "no"
        },
        {
            "trade_id": "8a33df2c-ba27-4a8f-b5a7-0ded79b1bec7",
            "ticker": "KXHIGHDEN-25FEB20-T26",
            "count": 2561,
            "created_time": "2025-02-20T20:55:40.356687Z",
            "yes_price": 11,
            "no_price": 89,
            "taker_side": "no"
        },
        {
            "trade_id": "62c35de0-1d42-441c-86da-5118180dd6be",
            "ticker": "KXHIGHDEN-25FEB20-T26",
            "count": 40,
            "created_time": "2025-02-20T20:55:40.356687Z",
            "yes_price": 4,
            "no_price": 96,
            "taker_side": "no"
        },
        {
            "trade_id": "40e9c880-b62b-4d21-bada-af86dc92614e",
            "ticker": "KXHIGHDEN-25FEB20-T26",
            "count": 40,
            "created_time": "2025-02-20T20:55:40.356687Z",
            "yes_price": 6,
            "no_price": 94,
            "taker_side": "no"
        },
        {
            "trade_id": "1e809499-80d9-4e1e-88e7-8baa407bb40f",
            "ticker": "KXHIGHDEN-25FEB20-T26",
            "count": 1,
            "created_time": "2025-02-20T20:55:40.356687Z",
            "yes_price": 8,
            "no_price": 92,
            "taker_side": "no"
        },
        {
            "trade_id": "04c328b3-7a1e-440a-a9c5-38daf377a828",
            "ticker": "KXHIGHDEN-25FEB20-T26",
            "count": 100,
            "created_time": "2025-02-20T20:55:40.356687Z",
            "yes_price": 1,
            "no_price": 99,
            "taker_side": "no"
        },
        {
            "trade_id": "f9e484e3-78ee-44d6-a76c-7232d7de741d",
            "ticker": "KXHIGHDEN-25FEB20-T26",
            "count": 500,
            "created_time": "2025-02-20T20:55:40.351959Z",
            "yes_price": 12,
            "no_price": 88,
            "taker_side": "no"
        },
        {
            "trade_id": "f2812ad4-70f8-48c9-be28-f48b04de7304",
            "ticker": "KXHIGHDEN-25FEB20-T26",
            "count": 112,
            "created_time": "2025-02-20T20:54:59.107877Z",
            "yes_price": 12,
            "no_price": 88,
            "taker_side": "no"
        },
        {
            "trade_id": "dd23b5ff-b93d-4f34-a18b-4e4e8e81023e",
            "ticker": "KXHIGHDEN-25FEB20-T26",
            "count": 112,
            "created_time": "2025-02-20T20:54:29.059576Z",
            "yes_price": 12,
            "no_price": 88,
            "taker_side": "no"
        },
        {
            "trade_id": "bf3910ba-f224-4558-a67b-d737ac2fb90f",
            "ticker": "KXHIGHDEN-25FEB20-T26",
            "count": 50,
            "created_time": "2025-02-20T20:53:12.921997Z",
            "yes_price": 19,
            "no_price": 81,
            "taker_side": "yes"
        },
        {
            "trade_id": "aa68dd42-6c3e-47a8-9d9f-f2f49af4d697",
            "ticker": "KXHIGHDEN-25FEB20-T26",
            "count": 85,
            "created_time": "2025-02-20T20:53:12.921997Z",
            "yes_price": 19,
            "no_price": 81,
            "taker_side": "yes"
        },
        {
            "trade_id": "8506d03a-33f8-4dad-b5dc-318f20c968f8",
            "ticker": "KXHIGHDEN-25FEB20-T26",
            "count": 10,
            "created_time": "2025-02-20T20:53:12.921997Z",
            "yes_price": 17,
            "no_price": 83,
            "taker_side": "yes"
        },
        {
            "trade_id": "31528476-555c-4c3e-91ae-34cbe7a8eafb",
            "ticker": "KXHIGHDEN-25FEB20-T26",
            "count": 20,
            "created_time": "2025-02-20T20:53:12.921997Z",
            "yes_price": 18,
            "no_price": 82,
            "taker_side": "yes"
        },
        {
            "trade_id": "2b4a9359-7d69-4442-8229-0e39fd60f0a9",
            "ticker": "KXHIGHDEN-25FEB20-T26",
            "count": 40,
            "created_time": "2025-02-20T20:53:12.921997Z",
            "yes_price": 18,
            "no_price": 82,
            "taker_side": "yes"
        },
        {
            "trade_id": "1ed50266-af7c-45c6-9e43-e8d5da6c95d9",
            "ticker": "KXHIGHDEN-25FEB20-T26",
            "count": 9,
            "created_time": "2025-02-20T20:53:12.921997Z",
            "yes_price": 18,
            "no_price": 82,
            "taker_side": "yes"
        },
        {
            "trade_id": "10a227b9-ac43-41d9-bd76-bd94444bd83e",
            "ticker": "KXHIGHDEN-25FEB20-T26",
            "count": 1,
            "created_time": "2025-02-20T20:53:12.921997Z",
            "yes_price": 17,
            "no_price": 83,
            "taker_side": "yes"
        },
        {
            "trade_id": "5284cb6c-c9a4-43ae-9e09-60f93e30524b",
            "ticker": "KXHIGHDEN-25FEB20-T26",
            "count": 1,
            "created_time": "2025-02-20T20:51:40.803026Z",
            "yes_price": 18,
            "no_price": 82,
            "taker_side": "yes"
        },
        {
            "trade_id": "daed4eda-c73e-4046-b0c0-a949daf484a3",
            "ticker": "KXHIGHDEN-25FEB20-T26",
            "count": 50,
            "created_time": "2025-02-20T20:51:13.312576Z",
            "yes_price": 20,
            "no_price": 80,
            "taker_side": "no"
        },
        {
            "trade_id": "aa5946cb-3e60-4e50-8c0e-6dabcb4cac37",
            "ticker": "KXHIGHDEN-25FEB20-T26",
            "count": 8,
            "created_time": "2025-02-20T20:51:13.312576Z",
            "yes_price": 19,
            "no_price": 81,
            "taker_side": "no"
        },
        {
            "trade_id": "c313964d-a1d5-4573-84f7-4d6dd59423e1",
            "ticker": "KXHIGHDEN-25FEB20-T26",
            "count": 99,
            "created_time": "2025-02-20T20:46:55.90031Z",
            "yes_price": 17,
            "no_price": 83,
            "taker_side": "no"
        },
        {
            "trade_id": "b700f696-7f62-4cb3-b00b-217a611c18b9",
            "ticker": "KXHIGHDEN-25FEB20-T26",
            "count": 1,
            "created_time": "2025-02-20T20:46:55.90031Z",
            "yes_price": 14,
            "no_price": 86,
            "taker_side": "no"
        },
        {
            "trade_id": "994a5712-3176-49eb-b891-bb762ace675e",
            "ticker": "KXHIGHDEN-25FEB20-T26",
            "count": 40,
            "created_time": "2025-02-20T20:46:55.90031Z",
            "yes_price": 11,
            "no_price": 89,
            "taker_side": "no"
        },
        {
            "trade_id": "962a2fbb-1e40-4913-8084-a79eb4d54945",
            "ticker": "KXHIGHDEN-25FEB20-T26",
            "count": 40,
            "created_time": "2025-02-20T20:46:55.90031Z",
            "yes_price": 16,
            "no_price": 84,
            "taker_side": "no"
        },
        {
            "trade_id": "41ce4868-9407-49ef-bd25-38c30f475c3d",
            "ticker": "KXHIGHDEN-25FEB20-T26",
            "count": 40,
            "created_time": "2025-02-20T20:46:55.90031Z",
            "yes_price": 18,
            "no_price": 82,
            "taker_side": "no"
        },
        {
            "trade_id": "30b4eba6-dc7e-480c-872e-d81eceabef6d",
            "ticker": "KXHIGHDEN-25FEB20-T26",
            "count": 80,
            "created_time": "2025-02-20T20:46:55.90031Z",
            "yes_price": 16,
            "no_price": 84,
            "taker_side": "no"
        },
        {
            "trade_id": "f417fbf1-b9dd-4f75-abae-10f8f3d52057",
            "ticker": "KXHIGHDEN-25FEB20-T26",
            "count": 32,
            "created_time": "2025-02-20T20:46:44.132736Z",
            "yes_price": 17,
            "no_price": 83,
            "taker_side": "no"
        },
        {
            "trade_id": "68ae77c5-6e39-4be4-bf16-7d57983757db",
            "ticker": "KXHIGHDEN-25FEB20-T26",
            "count": 20,
            "created_time": "2025-02-20T20:46:44.132736Z",
            "yes_price": 18,
            "no_price": 82,
            "taker_side": "no"
        },
        {
            "trade_id": "d83187cc-498e-4e64-b259-157ae7423703",
            "ticker": "KXHIGHDEN-25FEB20-T26",
            "count": 10,
            "created_time": "2025-02-20T20:46:32.70456Z",
            "yes_price": 18,
            "no_price": 82,
            "taker_side": "no"
        },
        {
            "trade_id": "09d369b2-5ba6-4314-9414-bafacc6939e8",
            "ticker": "KXHIGHDEN-25FEB20-T26",
            "count": 8,
            "created_time": "2025-02-20T20:46:32.70456Z",
            "yes_price": 17,
            "no_price": 83,
            "taker_side": "no"
        },
        {
            "trade_id": "f95f75a6-a909-487b-989f-6b2b531b5b00",
            "ticker": "KXHIGHDEN-25FEB20-T26",
            "count": 50,
            "created_time": "2025-02-20T20:46:03.298392Z",
            "yes_price": 30,
            "no_price": 70,
            "taker_side": "no"
        },
        {
            "trade_id": "68681afd-ceaa-4720-9371-393504663c68",
            "ticker": "KXHIGHDEN-25FEB20-T26",
            "count": 51,
            "created_time": "2025-02-20T20:46:03.298392Z",
            "yes_price": 29,
            "no_price": 71,
            "taker_side": "no"
        },
        {
            "trade_id": "1ea0864f-611e-4606-88a7-35ed4c0f5bf6",
            "ticker": "KXHIGHDEN-25FEB20-T26",
            "count": 1,
            "created_time": "2025-02-20T20:44:30.586184Z",
            "yes_price": 29,
            "no_price": 71,
            "taker_side": "no"
        },
        {
            "trade_id": "a89722bf-d472-4766-8bb4-7acea8b39d78",
            "ticker": "KXHIGHDEN-25FEB20-T26",
            "count": 1,
            "created_time": "2025-02-20T20:44:29.761965Z",
            "yes_price": 29,
            "no_price": 71,
            "taker_side": "no"
        },
        {
            "trade_id": "3700696b-385e-4ab4-a5c3-f362baf9c63c",
            "ticker": "KXHIGHDEN-25FEB20-T26",
            "count": 75,
            "created_time": "2025-02-20T20:44:27.728766Z",
            "yes_price": 29,
            "no_price": 71,
            "taker_side": "no"
        },
        {
            "trade_id": "bcab3610-6932-4022-aaf5-09e06d4aec32",
            "ticker": "KXHIGHDEN-25FEB20-T26",
            "count": 99,
            "created_time": "2025-02-20T20:44:26.935119Z",
            "yes_price": 29,
            "no_price": 71,
            "taker_side": "no"
        },
        {
            "trade_id": "9f64168b-1445-4932-97be-dc587e73c2a7",
            "ticker": "KXHIGHDEN-25FEB20-T26",
            "count": 25,
            "created_time": "2025-02-20T20:44:26.868795Z",
            "yes_price": 29,
            "no_price": 71,
            "taker_side": "no"
        },
        {
            "trade_id": "57243cce-896e-48a1-975d-46086e3bc678",
            "ticker": "KXHIGHDEN-25FEB20-T26",
            "count": 50,
            "created_time": "2025-02-20T20:44:26.788107Z",
            "yes_price": 28,
            "no_price": 72,
            "taker_side": "yes"
        },
        {
            "trade_id": "08470b44-1fff-4562-833b-ac0e80615efc",
            "ticker": "KXHIGHDEN-25FEB20-T26",
            "count": 99,
            "created_time": "2025-02-20T20:44:26.788107Z",
            "yes_price": 29,
            "no_price": 71,
            "taker_side": "yes"
        },
        {
            "trade_id": "b39a4cfa-fada-472e-a72a-0751178e082b",
            "ticker": "KXHIGHDEN-25FEB20-T26",
            "count": 14,
            "created_time": "2025-02-20T20:43:47.083704Z",
            "yes_price": 31,
            "no_price": 69,
            "taker_side": "yes"
        },
        {
            "trade_id": "0b4bfe33-86cb-494b-8885-1dbed8340274",
            "ticker": "KXHIGHDEN-25FEB20-T26",
            "count": 20,
            "created_time": "2025-02-20T20:40:17.888369Z",
            "yes_price": 28,
            "no_price": 72,
            "taker_side": "yes"
        },
        {
            "trade_id": "b10bf802-0cca-4b30-be1f-334509eab965",
            "ticker": "KXHIGHDEN-25FEB20-T26",
            "count": 9,
            "created_time": "2025-02-20T20:38:43.673949Z",
            "yes_price": 32,
            "no_price": 68,
            "taker_side": "no"
        },
        {
            "trade_id": "873df2d2-becb-4d29-bcbd-8bd3a2757f33",
            "ticker": "KXHIGHDEN-25FEB20-T26",
            "count": 24,
            "created_time": "2025-02-20T20:38:43.673949Z",
            "yes_price": 31,
            "no_price": 69,
            "taker_side": "no"
        },
        {
            "trade_id": "fac53a86-0c5c-4c2b-a95e-00e327947ff6",
            "ticker": "KXHIGHDEN-25FEB20-T26",
            "count": 11,
            "created_time": "2025-02-20T20:38:31.881449Z",
            "yes_price": 26,
            "no_price": 74,
            "taker_side": "no"
        },
        {
            "trade_id": "71e1a69d-5b4a-4947-b954-11da12670063",
            "ticker": "KXHIGHDEN-25FEB20-T26",
            "count": 10,
            "created_time": "2025-02-20T20:33:57.643631Z",
            "yes_price": 15,
            "no_price": 85,
            "taker_side": "yes"
        },
        {
            "trade_id": "0827d800-69b3-42c4-8716-547931a3fe56",
            "ticker": "KXHIGHDEN-25FEB20-T26",
            "count": 1,
            "created_time": "2025-02-20T20:33:57.643631Z",
            "yes_price": 15,
            "no_price": 85,
            "taker_side": "yes"
        },
        {
            "trade_id": "f9cb86e7-dd68-453e-acf4-b9d52080106d",
            "ticker": "KXHIGHDEN-25FEB20-T26",
            "count": 3,
            "created_time": "2025-02-20T20:31:44.066286Z",
            "yes_price": 13,
            "no_price": 87,
            "taker_side": "no"
        },
        {
            "trade_id": "9fe25117-64a6-47d8-91d8-1979a828207a",
            "ticker": "KXHIGHDEN-25FEB20-T26",
            "count": 10,
            "created_time": "2025-02-20T20:31:44.066286Z",
            "yes_price": 14,
            "no_price": 86,
            "taker_side": "no"
        },
        {
            "trade_id": "a250ab45-49c1-4e0f-a86d-d94ca649caaf",
            "ticker": "KXHIGHDEN-25FEB20-T26",
            "count": 9,
            "created_time": "2025-02-20T20:31:09.844384Z",
            "yes_price": 16,
            "no_price": 84,
            "taker_side": "no"
        },
        {
            "trade_id": "7adc6065-fa14-4145-bb06-f78b98e33f04",
            "ticker": "KXHIGHDEN-25FEB20-T26",
            "count": 12,
            "created_time": "2025-02-20T20:31:09.844384Z",
            "yes_price": 15,
            "no_price": 85,
            "taker_side": "no"
        },
        {
            "trade_id": "3314a388-116e-46c5-a8ae-b68627e8134f",
            "ticker": "KXHIGHDEN-25FEB20-T26",
            "count": 50,
            "created_time": "2025-02-20T20:31:09.844384Z",
            "yes_price": 17,
            "no_price": 83,
            "taker_side": "no"
        },
        {
            "trade_id": "89919e3a-bf2d-4484-9d99-1f0e5966941c",
            "ticker": "KXHIGHDEN-25FEB20-T26",
            "count": 1,
            "created_time": "2025-02-20T20:30:12.266552Z",
            "yes_price": 16,
            "no_price": 84,
            "taker_side": "yes"
        },
        {
            "trade_id": "6d228e72-3924-43ce-a5be-4321760c4238",
            "ticker": "KXHIGHDEN-25FEB20-T26",
            "count": 20,
            "created_time": "2025-02-20T20:30:12.266552Z",
            "yes_price": 16,
            "no_price": 84,
            "taker_side": "yes"
        },
        {
            "trade_id": "43a8a5d7-89b3-44f7-9c26-fb5c243c2452",
            "ticker": "KXHIGHDEN-25FEB20-T26",
            "count": 10,
            "created_time": "2025-02-20T20:30:12.266552Z",
            "yes_price": 16,
            "no_price": 84,
            "taker_side": "yes"
        },
        {
            "trade_id": "4a8d0efb-a914-427b-8223-677017f8d152",
            "ticker": "KXHIGHDEN-25FEB20-T26",
            "count": 11,
            "created_time": "2025-02-20T20:29:59.968024Z",
            "yes_price": 15,
            "no_price": 85,
            "taker_side": "no"
        },
        {
            "trade_id": "b8dd7733-273a-4793-98f3-44bfbab089ce",
            "ticker": "KXHIGHDEN-25FEB20-T26",
            "count": 11,
            "created_time": "2025-02-20T20:29:23.381438Z",
            "yes_price": 17,
            "no_price": 83,
            "taker_side": "no"
        },
        {
            "trade_id": "9cac1f8c-6269-4df4-9e68-99a8f0a5c4fb",
            "ticker": "KXHIGHDEN-25FEB20-T26",
            "count": 19,
            "created_time": "2025-02-20T20:29:09.646608Z",
            "yes_price": 20,
            "no_price": 80,
            "taker_side": "no"
        },
        {
            "trade_id": "04c2498a-4b51-41f3-b6d1-1f5e1035e040",
            "ticker": "KXHIGHDEN-25FEB20-T26",
            "count": 150,
            "created_time": "2025-02-20T20:28:48.021995Z",
            "yes_price": 20,
            "no_price": 80,
            "taker_side": "no"
        },
        {
            "trade_id": "3c0e8ed5-8591-4fed-be72-8b00606cfbe2",
            "ticker": "KXHIGHDEN-25FEB20-T26",
            "count": 53,
            "created_time": "2025-02-20T20:27:16.772773Z",
            "yes_price": 11,
            "no_price": 89,
            "taker_side": "no"
        },
        {
            "trade_id": "75e4b105-9855-45ef-bb75-7818b16cd1d5",
            "ticker": "KXHIGHDEN-25FEB20-T26",
            "count": 37,
            "created_time": "2025-02-20T20:27:05.057079Z",
            "yes_price": 11,
            "no_price": 89,
            "taker_side": "no"
        },
        {
            "trade_id": "e01819a9-405c-4f93-97f0-797c0d80a207",
            "ticker": "KXHIGHDEN-25FEB20-T26",
            "count": 3,
            "created_time": "2025-02-20T20:27:03.770564Z",
            "yes_price": 12,
            "no_price": 88,
            "taker_side": "no"
        },
        {
            "trade_id": "ee1e8222-f387-47fa-90a1-05d8b14dfc01",
            "ticker": "KXHIGHDEN-25FEB20-T26",
            "count": 10,
            "created_time": "2025-02-20T20:26:59.845375Z",
            "yes_price": 13,
            "no_price": 87,
            "taker_side": "no"
        },
        {
            "trade_id": "d8d28df4-2651-4e52-b8f4-cf10d96642b6",
            "ticker": "KXHIGHDEN-25FEB20-T26",
            "count": 25,
            "created_time": "2025-02-20T20:26:59.845375Z",
            "yes_price": 12,
            "no_price": 88,
            "taker_side": "no"
        },
        {
            "trade_id": "d43c9e9b-af1d-4790-b627-0ea5787010fa",
            "ticker": "KXHIGHDEN-25FEB20-T26",
            "count": 20,
            "created_time": "2025-02-20T20:26:59.845375Z",
            "yes_price": 13,
            "no_price": 87,
            "taker_side": "no"
        },
        {
            "trade_id": "972c8aa8-db6a-4a7a-aba8-f0e9351307ba",
            "ticker": "KXHIGHDEN-25FEB20-T26",
            "count": 1,
            "created_time": "2025-02-20T20:26:59.845375Z",
            "yes_price": 14,
            "no_price": 86,
            "taker_side": "no"
        },
        {
            "trade_id": "f1596647-32ff-44bc-bea3-424f7adb2f51",
            "ticker": "KXHIGHDEN-25FEB20-T26",
            "count": 200,
            "created_time": "2025-02-20T20:26:29.191591Z",
            "yes_price": 32,
            "no_price": 68,
            "taker_side": "no"
        },
        {
            "trade_id": "d468fc18-f497-4a49-8106-9d47c7d18b63",
            "ticker": "KXHIGHDEN-25FEB20-T26",
            "count": 305,
            "created_time": "2025-02-20T20:26:29.191591Z",
            "yes_price": 22,
            "no_price": 78,
            "taker_side": "no"
        },
        {
            "trade_id": "d17c6015-0dc8-4961-a54a-5fe3b2e5e851",
            "ticker": "KXHIGHDEN-25FEB20-T26",
            "count": 81,
            "created_time": "2025-02-20T20:26:29.191591Z",
            "yes_price": 11,
            "no_price": 89,
            "taker_side": "no"
        },
        {
            "trade_id": "a3e68b3a-995f-42c5-91fd-35a5193e117e",
            "ticker": "KXHIGHDEN-25FEB20-T26",
            "count": 40,
            "created_time": "2025-02-20T20:26:29.191591Z",
            "yes_price": 37,
            "no_price": 63,
            "taker_side": "no"
        },
        {
            "trade_id": "5b53dbc1-b8a3-492e-8d94-c23ff987d8d6",
            "ticker": "KXHIGHDEN-25FEB20-T26",
            "count": 99,
            "created_time": "2025-02-20T20:26:29.191591Z",
            "yes_price": 33,
            "no_price": 67,
            "taker_side": "no"
        },
        {
            "trade_id": "53c79ca1-5923-4099-9181-1e95db44679c",
            "ticker": "KXHIGHDEN-25FEB20-T26",
            "count": 100,
            "created_time": "2025-02-20T20:26:29.191591Z",
            "yes_price": 23,
            "no_price": 77,
            "taker_side": "no"
        },
        {
            "trade_id": "3d3f855e-937a-4255-9ff3-f18c848f85dd",
            "ticker": "KXHIGHDEN-25FEB20-T26",
            "count": 40,
            "created_time": "2025-02-20T20:26:29.191591Z",
            "yes_price": 48,
            "no_price": 52,
            "taker_side": "no"
        },
        {
            "trade_id": "362e072e-2f50-4357-96b5-7195ac29f0d2",
            "ticker": "KXHIGHDEN-25FEB20-T26",
            "count": 1,
            "created_time": "2025-02-20T20:26:29.191591Z",
            "yes_price": 37,
            "no_price": 63,
            "taker_side": "no"
        },
        {
            "trade_id": "2cfaf8dd-e26c-4f25-afe8-8865bd438e60",
            "ticker": "KXHIGHDEN-25FEB20-T26",
            "count": 120,
            "created_time": "2025-02-20T20:26:29.191591Z",
            "yes_price": 13,
            "no_price": 87,
            "taker_side": "no"
        },
        {
            "trade_id": "01a4a2dc-50dd-4e5b-9b10-f045f94adca3",
            "ticker": "KXHIGHDEN-25FEB20-T26",
            "count": 40,
            "created_time": "2025-02-20T20:26:29.191591Z",
            "yes_price": 13,
            "no_price": 87,
            "taker_side": "no"
        },
        {
            "trade_id": "c051e87a-7d4d-4e73-adc3-14e20c662856",
            "ticker": "KXHIGHDEN-25FEB20-T26",
            "count": 995,
            "created_time": "2025-02-20T20:26:11.01975Z",
            "yes_price": 60,
            "no_price": 40,
            "taker_side": "no"
        },
        {
            "trade_id": "61eafc2f-db93-4efe-a670-04e78e3ad991",
            "ticker": "KXHIGHDEN-25FEB20-T26",
            "count": 200,
            "created_time": "2025-02-20T20:26:11.01975Z",
            "yes_price": 61,
            "no_price": 39,
            "taker_side": "no"
        },
        {
            "trade_id": "58efc34d-de37-43eb-ab3e-aaa7aaf1801d",
            "ticker": "KXHIGHDEN-25FEB20-T26",
            "count": 99,
            "created_time": "2025-02-20T20:26:11.01975Z",
            "yes_price": 60,
            "no_price": 40,
            "taker_side": "no"
        },
        {
            "trade_id": "3d20fd60-e8e3-4568-9587-f0d5dd07b3be",
            "ticker": "KXHIGHDEN-25FEB20-T26",
            "count": 50,
            "created_time": "2025-02-20T20:26:11.01975Z",
            "yes_price": 60,
            "no_price": 40,
            "taker_side": "no"
        },
        {
            "trade_id": "361ee5c8-9114-47b6-b48f-6deb05308b93",
            "ticker": "KXHIGHDEN-25FEB20-T26",
            "count": 4,
            "created_time": "2025-02-20T20:26:11.01975Z",
            "yes_price": 59,
            "no_price": 41,
            "taker_side": "no"
        },
        {
            "trade_id": "dc6df2e8-72ba-406d-88c8-ab0394075327",
            "ticker": "KXHIGHDEN-25FEB20-T26",
            "count": 5,
            "created_time": "2025-02-20T20:24:30.442412Z",
            "yes_price": 63,
            "no_price": 37,
            "taker_side": "no"
        },
        {
            "trade_id": "6d14addb-010c-4949-b2b5-d55edbe05f1f",
            "ticker": "KXHIGHDEN-25FEB20-T26",
            "count": 35,
            "created_time": "2025-02-20T20:24:30.442412Z",
            "yes_price": 62,
            "no_price": 38,
            "taker_side": "no"
        },
        {
            "trade_id": "ab403689-370c-464a-9f89-d6ebbadc3839",
            "ticker": "KXHIGHDEN-25FEB20-T26",
            "count": 23,
            "created_time": "2025-02-20T20:23:11.56735Z",
            "yes_price": 71,
            "no_price": 29,
            "taker_side": "yes"
        },
        {
            "trade_id": "3df45669-b4ef-49d9-8683-0212a5d3cf17",
            "ticker": "KXHIGHDEN-25FEB20-T26",
            "count": 10,
            "created_time": "2025-02-20T20:23:11.56735Z",
            "yes_price": 68,
            "no_price": 32,
            "taker_side": "yes"
        },
        {
            "trade_id": "000e9cf9-39ad-4a66-8265-e76d391d7dd3",
            "ticker": "KXHIGHDEN-25FEB20-T26",
            "count": 50,
            "created_time": "2025-02-20T20:23:11.56735Z",
            "yes_price": 69,
            "no_price": 31,
            "taker_side": "yes"
        },
        {
            "trade_id": "d80b6c67-3f4e-4f0e-9612-00f37199502d",
            "ticker": "KXHIGHDEN-25FEB20-T26",
            "count": 204,
            "created_time": "2025-02-20T20:23:02.352843Z",
            "yes_price": 62,
            "no_price": 38,
            "taker_side": "no"
        },
        {
            "trade_id": "78d64bf0-ad33-4e03-b41b-7258d7172898",
            "ticker": "KXHIGHDEN-25FEB20-T26",
            "count": 5,
            "created_time": "2025-02-20T20:23:02.352843Z",
            "yes_price": 64,
            "no_price": 36,
            "taker_side": "no"
        },
        {
            "trade_id": "759974a4-8a99-438e-aae5-2db63cc94ee8",
            "ticker": "KXHIGHDEN-25FEB20-T26",
            "count": 50,
            "created_time": "2025-02-20T20:23:02.352843Z",
            "yes_price": 64,
            "no_price": 36,
            "taker_side": "no"
        },
        {
            "trade_id": "6ceecc8c-2c62-486a-9915-ed56e2f97a73",
            "ticker": "KXHIGHDEN-25FEB20-T26",
            "count": 99,
            "created_time": "2025-02-20T20:22:31.46128Z",
            "yes_price": 62,
            "no_price": 38,
            "taker_side": "no"
        },
        {
            "trade_id": "18905ebb-daaa-4404-b6fe-91ef917f1813",
            "ticker": "KXHIGHDEN-25FEB20-T26",
            "count": 5,
            "created_time": "2025-02-20T20:22:31.46128Z",
            "yes_price": 61,
            "no_price": 39,
            "taker_side": "no"
        },
        {
            "trade_id": "c934ee0c-5362-4cb6-a0bb-3badf5b3b613",
            "ticker": "KXHIGHDEN-25FEB20-T26",
            "count": 5,
            "created_time": "2025-02-20T20:21:09.260315Z",
            "yes_price": 60,
            "no_price": 40,
            "taker_side": "yes"
        },
        {
            "trade_id": "9952ef9e-cddd-4217-b936-7ac568dcab88",
            "ticker": "KXHIGHDEN-25FEB20-T26",
            "count": 35,
            "created_time": "2025-02-20T20:20:10.338834Z",
            "yes_price": 53,
            "no_price": 47,
            "taker_side": "no"
        },
        {
            "trade_id": "b35720f1-2390-4eaf-930a-85ad62267d3a",
            "ticker": "KXHIGHDEN-25FEB20-T26",
            "count": 45,
            "created_time": "2025-02-20T20:14:16.414402Z",
            "yes_price": 57,
            "no_price": 43,
            "taker_side": "no"
        },
        {
            "trade_id": "a7e215a8-e713-4fec-a13e-813d59a3c40e",
            "ticker": "KXHIGHDEN-25FEB20-T26",
            "count": 99,
            "created_time": "2025-02-20T20:14:16.414402Z",
            "yes_price": 64,
            "no_price": 36,
            "taker_side": "no"
        },
        {
            "trade_id": "46c6f67e-d587-4c92-9cb7-d4ffdfb07725",
            "ticker": "KXHIGHDEN-25FEB20-T26",
            "count": 1,
            "created_time": "2025-02-20T20:14:16.414402Z",
            "yes_price": 66,
            "no_price": 34,
            "taker_side": "no"
        },
        {
            "trade_id": "41476398-f1e9-43d8-8053-85ee19eea484",
            "ticker": "KXHIGHDEN-25FEB20-T26",
            "count": 50,
            "created_time": "2025-02-20T20:14:16.414402Z",
            "yes_price": 65,
            "no_price": 35,
            "taker_side": "no"
        },
        {
            "trade_id": "04ce55a0-e0ef-49e6-b8a7-16cead631933",
            "ticker": "KXHIGHDEN-25FEB20-T26",
            "count": 300,
            "created_time": "2025-02-20T20:14:16.414402Z",
            "yes_price": 58,
            "no_price": 42,
            "taker_side": "no"
        },
        {
            "trade_id": "8fce2ea2-4536-4264-8a6e-443da413f0b1",
            "ticker": "KXHIGHDEN-25FEB20-T26",
            "count": 66,
            "created_time": "2025-02-20T20:11:55.967127Z",
            "yes_price": 58,
            "no_price": 42,
            "taker_side": "no"
        },
        {
            "trade_id": "00e3d01e-9ee6-479e-9d58-a427a5ba1d55",
            "ticker": "KXHIGHDEN-25FEB20-T26",
            "count": 10,
            "created_time": "2025-02-20T20:11:55.967127Z",
            "yes_price": 59,
            "no_price": 41,
            "taker_side": "no"
        },
        {
            "trade_id": "9ad338c9-4145-41cb-838c-e33e773a22b7",
            "ticker": "KXHIGHDEN-25FEB20-T26",
            "count": 8,
            "created_time": "2025-02-20T20:04:38.572481Z",
            "yes_price": 66,
            "no_price": 34,
            "taker_side": "yes"
        },
        {
            "trade_id": "8570d97d-523f-4c99-99d7-989c312164da",
            "ticker": "KXHIGHDEN-25FEB20-T26",
            "count": 50,
            "created_time": "2025-02-20T20:04:38.572481Z",
            "yes_price": 67,
            "no_price": 33,
            "taker_side": "yes"
        },
        {
            "trade_id": "7937df56-9d75-44af-9125-b72ebb4c59c8",
            "ticker": "KXHIGHDEN-25FEB20-T26",
            "count": 75,
            "created_time": "2025-02-20T20:02:15.192497Z",
            "yes_price": 58,
            "no_price": 42,
            "taker_side": "no"
        },
        {
            "trade_id": "5e43005e-f269-4038-9e00-3a9b6950a00a",
            "ticker": "KXHIGHDEN-25FEB20-T26",
            "count": 10,
            "created_time": "2025-02-20T20:02:15.192497Z",
            "yes_price": 65,
            "no_price": 35,
            "taker_side": "no"
        },
        {
            "trade_id": "369b29ac-d26c-4709-b2f0-f37bac98b8a8",
            "ticker": "KXHIGHDEN-25FEB20-T26",
            "count": 20,
            "created_time": "2025-02-20T20:02:15.192497Z",
            "yes_price": 66,
            "no_price": 34,
            "taker_side": "no"
        },
        {
            "trade_id": "1df7b687-14c1-493c-8bf8-cdd7da2742ed",
            "ticker": "KXHIGHDEN-25FEB20-T26",
            "count": 40,
            "created_time": "2025-02-20T20:02:15.192497Z",
            "yes_price": 64,
            "no_price": 36,
            "taker_side": "no"
        },
        {
            "trade_id": "47fe6330-e58b-432e-842c-ccda2a782c52",
            "ticker": "KXHIGHDEN-25FEB20-T26",
            "count": 36,
            "created_time": "2025-02-20T20:01:46.241891Z",
            "yes_price": 65,
            "no_price": 35,
            "taker_side": "no"
        },
        {
            "trade_id": "cfb6fd27-d131-47db-890a-dd49e39fabc5",
            "ticker": "KXHIGHDEN-25FEB20-T26",
            "count": 5,
            "created_time": "2025-02-20T20:01:33.519916Z",
            "yes_price": 65,
            "no_price": 35,
            "taker_side": "no"
        },
        {
            "trade_id": "ca0fb3ea-2fc3-4f6d-85ba-42c5c81202fa",
            "ticker": "KXHIGHDEN-25FEB20-T26",
            "count": 50,
            "created_time": "2025-02-20T20:01:07.913042Z",
            "yes_price": 66,
            "no_price": 34,
            "taker_side": "no"
        },
        {
            "trade_id": "50f04170-ebc8-43cb-bf88-e6643ea29430",
            "ticker": "KXHIGHDEN-25FEB20-T26",
            "count": 50,
            "created_time": "2025-02-20T19:58:10.761958Z",
            "yes_price": 63,
            "no_price": 37,
            "taker_side": "no"
        },
        {
            "trade_id": "ab6f5c61-7ecc-421d-a5f4-d3ee5cec3895",
            "ticker": "KXHIGHDEN-25FEB20-T26",
            "count": 8,
            "created_time": "2025-02-20T19:57:06.85765Z",
            "yes_price": 59,
            "no_price": 41,
            "taker_side": "no"
        },
        {
            "trade_id": "578a11c8-e1d2-4c74-b266-9bc41c3d713d",
            "ticker": "KXHIGHDEN-25FEB20-T26",
            "count": 5,
            "created_time": "2025-02-20T19:57:06.85765Z",
            "yes_price": 70,
            "no_price": 30,
            "taker_side": "no"
        },
        {
            "trade_id": "f777c33b-b9fd-4502-8409-9cd57d6225ad",
            "ticker": "KXHIGHDEN-25FEB20-T26",
            "count": 5,
            "created_time": "2025-02-20T19:51:49.049583Z",
            "yes_price": 70,
            "no_price": 30,
            "taker_side": "no"
        },
        {
            "trade_id": "f0a876cc-d13a-4cab-8fc8-1710c98ad580",
            "ticker": "KXHIGHDEN-25FEB20-T26",
            "count": 6,
            "created_time": "2025-02-20T19:46:14.553266Z",
            "yes_price": 69,
            "no_price": 31,
            "taker_side": "no"
        },
        {
            "trade_id": "52c8d483-f718-4189-aa5b-4e7513de9362",
            "ticker": "KXHIGHDEN-25FEB20-T26",
            "count": 10,
            "created_time": "2025-02-20T19:45:54.748417Z",
            "yes_price": 70,
            "no_price": 30,
            "taker_side": "no"
        },
        {
            "trade_id": "f221ad27-15d5-457a-8d5f-36986b4121fe",
            "ticker": "KXHIGHDEN-25FEB20-T26",
            "count": 300,
            "created_time": "2025-02-20T19:45:37.406474Z",
            "yes_price": 95,
            "no_price": 5,
            "taker_side": "yes"
        },
        {
            "trade_id": "ea38b98b-2762-4df5-8fb9-564de4fa07d8",
            "ticker": "KXHIGHDEN-25FEB20-T26",
            "count": 15,
            "created_time": "2025-02-20T19:45:37.406474Z",
            "yes_price": 94,
            "no_price": 6,
            "taker_side": "yes"
        },
        {
            "trade_id": "d00ba77f-176f-4869-96cd-605cc673d0df",
            "ticker": "KXHIGHDEN-25FEB20-T26",
            "count": 61,
            "created_time": "2025-02-20T19:45:37.406474Z",
            "yes_price": 95,
            "no_price": 5,
            "taker_side": "yes"
        },
        {
            "trade_id": "b8328d8d-ce78-48a4-8792-d77e0b4fbd1c",
            "ticker": "KXHIGHDEN-25FEB20-T26",
            "count": 40,
            "created_time": "2025-02-20T19:45:37.406474Z",
            "yes_price": 79,
            "no_price": 21,
            "taker_side": "yes"
        },
        {
            "trade_id": "9dc01e95-d5d1-48f1-bbb6-385596960ac5",
            "ticker": "KXHIGHDEN-25FEB20-T26",
            "count": 40,
            "created_time": "2025-02-20T19:45:37.406474Z",
            "yes_price": 94,
            "no_price": 6,
            "taker_side": "yes"
        },
        {
            "trade_id": "632b1fe0-49d7-4369-a6c1-d2984720d061",
            "ticker": "KXHIGHDEN-25FEB20-T26",
            "count": 5,
            "created_time": "2025-02-20T19:45:37.406474Z",
            "yes_price": 78,
            "no_price": 22,
            "taker_side": "yes"
        },
        {
            "trade_id": "517f712c-47ae-4d2a-a5cd-4e4491c548c7",
            "ticker": "KXHIGHDEN-25FEB20-T26",
            "count": 40,
            "created_time": "2025-02-20T19:45:37.406474Z",
            "yes_price": 88,
            "no_price": 12,
            "taker_side": "yes"
        },
        {
            "trade_id": "32cf8ece-4fa0-425d-952f-ab546f990218",
            "ticker": "KXHIGHDEN-25FEB20-T26",
            "count": 20,
            "created_time": "2025-02-20T19:45:37.406474Z",
            "yes_price": 77,
            "no_price": 23,
            "taker_side": "yes"
        },
        {
            "trade_id": "27b5d503-dac9-4e79-bbdc-3e9c026b0138",
            "ticker": "KXHIGHDEN-25FEB20-T26",
            "count": 62,
            "created_time": "2025-02-20T19:45:37.406474Z",
            "yes_price": 96,
            "no_price": 4,
            "taker_side": "yes"
        },
        {
            "trade_id": "1a505110-ede6-4cda-ab75-4a49063d20c7",
            "ticker": "KXHIGHDEN-25FEB20-T26",
            "count": 19,
            "created_time": "2025-02-20T19:45:37.406474Z",
            "yes_price": 64,
            "no_price": 36,
            "taker_side": "yes"
        },
        {
            "trade_id": "5289d92e-4c02-4b7a-b8c4-ba503e4dee39",
            "ticker": "KXHIGHDEN-25FEB20-T26",
            "count": 4,
            "created_time": "2025-02-20T19:43:31.488018Z",
            "yes_price": 57,
            "no_price": 43,
            "taker_side": "no"
        },
        {
            "trade_id": "52446bcb-d173-419f-a088-71848fbb5dbc",
            "ticker": "KXHIGHDEN-25FEB20-T26",
            "count": 20,
            "created_time": "2025-02-20T19:42:48.360744Z",
            "yes_price": 56,
            "no_price": 44,
            "taker_side": "no"
        },
        {
            "trade_id": "e852821e-6874-4386-95ea-8a329e4d3f92",
            "ticker": "KXHIGHDEN-25FEB20-T26",
            "count": 50,
            "created_time": "2025-02-20T19:42:38.786943Z",
            "yes_price": 49,
            "no_price": 51,
            "taker_side": "yes"
        },
        {
            "trade_id": "c29042d3-1d69-416a-8a30-c5224374c178",
            "ticker": "KXHIGHDEN-25FEB20-T26",
            "count": 10,
            "created_time": "2025-02-20T19:42:38.786943Z",
            "yes_price": 48,
            "no_price": 52,
            "taker_side": "yes"
        },
        {
            "trade_id": "b2af1422-75c2-4ea6-ae16-0013273fe07c",
            "ticker": "KXHIGHDEN-25FEB20-T26",
            "count": 40,
            "created_time": "2025-02-20T19:42:38.786943Z",
            "yes_price": 48,
            "no_price": 52,
            "taker_side": "yes"
        },
        {
            "trade_id": "b20a9db2-8d7a-4c9a-b378-a88db86083a8",
            "ticker": "KXHIGHDEN-25FEB20-T26",
            "count": 20,
            "created_time": "2025-02-20T19:42:38.786943Z",
            "yes_price": 48,
            "no_price": 52,
            "taker_side": "yes"
        },
        {
            "trade_id": "65472077-feba-466f-9e3f-2523bf85c836",
            "ticker": "KXHIGHDEN-25FEB20-T26",
            "count": 10,
            "created_time": "2025-02-20T19:42:38.786943Z",
            "yes_price": 48,
            "no_price": 52,
            "taker_side": "yes"
        },
        {
            "trade_id": "2ff19354-eb06-45a3-871e-b19ec722f088",
            "ticker": "KXHIGHDEN-25FEB20-T26",
            "count": 66,
            "created_time": "2025-02-20T19:42:38.786943Z",
            "yes_price": 51,
            "no_price": 49,
            "taker_side": "yes"
        },
        {
            "trade_id": "2735f94e-2fa8-413f-91b0-86ab29a95714",
            "ticker": "KXHIGHDEN-25FEB20-T26",
            "count": 4,
            "created_time": "2025-02-20T19:42:38.786943Z",
            "yes_price": 49,
            "no_price": 51,
            "taker_side": "yes"
        },
        {
            "trade_id": "f64b38bb-666c-451f-929a-41523379c39e",
            "ticker": "KXHIGHDEN-25FEB20-T26",
            "count": 20,
            "created_time": "2025-02-20T19:38:21.717134Z",
            "yes_price": 54,
            "no_price": 46,
            "taker_side": "no"
        },
        {
            "trade_id": "ef68e3cc-fb74-46bd-857c-1572b11575ee",
            "ticker": "KXHIGHDEN-25FEB20-T26",
            "count": 10,
            "created_time": "2025-02-20T19:38:21.717134Z",
            "yes_price": 54,
            "no_price": 46,
            "taker_side": "no"
        },
        {
            "trade_id": "deaa6103-e4c0-42cd-92dd-a77341d5934a",
            "ticker": "KXHIGHDEN-25FEB20-T26",
            "count": 81,
            "created_time": "2025-02-20T19:38:21.717134Z",
            "yes_price": 53,
            "no_price": 47,
            "taker_side": "no"
        },
        {
            "trade_id": "c8740bf5-6a74-45cf-8c75-946c44ff8874",
            "ticker": "KXHIGHDEN-25FEB20-T26",
            "count": 40,
            "created_time": "2025-02-20T19:38:21.717134Z",
            "yes_price": 54,
            "no_price": 46,
            "taker_side": "no"
        },
        {
            "trade_id": "c57fd9d1-f4af-414f-b889-4b9d6f41e2a7",
            "ticker": "KXHIGHDEN-25FEB20-T26",
            "count": 3,
            "created_time": "2025-02-20T19:38:21.717134Z",
            "yes_price": 54,
            "no_price": 46,
            "taker_side": "no"
        },
        {
            "trade_id": "865ae53d-588d-4221-9995-e091f563d78d",
            "ticker": "KXHIGHDEN-25FEB20-T26",
            "count": 5,
            "created_time": "2025-02-20T19:38:21.717134Z",
            "yes_price": 53,
            "no_price": 47,
            "taker_side": "no"
        },
        {
            "trade_id": "674ece36-fd51-45c5-b634-2bda3a314250",
            "ticker": "KXHIGHDEN-25FEB20-T26",
            "count": 10,
            "created_time": "2025-02-20T19:38:21.717134Z",
            "yes_price": 54,
            "no_price": 46,
            "taker_side": "no"
        },
        {
            "trade_id": "b8355e6d-9716-40fa-917b-88125a5d9d89",
            "ticker": "KXHIGHDEN-25FEB20-T26",
            "count": 41,
            "created_time": "2025-02-20T19:38:17.61093Z",
            "yes_price": 65,
            "no_price": 35,
            "taker_side": "yes"
        },
        {
            "trade_id": "a926e8a9-9e61-4d28-bc6f-d8fd83c107b5",
            "ticker": "KXHIGHDEN-25FEB20-T26",
            "count": 61,
            "created_time": "2025-02-20T19:38:17.61093Z",
            "yes_price": 84,
            "no_price": 16,
            "taker_side": "yes"
        },
        {
            "trade_id": "726a1cbc-29df-4fde-8c1f-7d0bc5dda2fd",
            "ticker": "KXHIGHDEN-25FEB20-T26",
            "count": 1212,
            "created_time": "2025-02-20T19:38:17.61093Z",
            "yes_price": 85,
            "no_price": 15,
            "taker_side": "yes"
        },
        {
            "trade_id": "26311105-2296-4bf4-b5ed-acff25672e76",
            "ticker": "KXHIGHDEN-25FEB20-T26",
            "count": 34,
            "created_time": "2025-02-20T19:38:17.61093Z",
            "yes_price": 68,
            "no_price": 32,
            "taker_side": "yes"
        },
        {
            "trade_id": "b959ff51-6a68-4683-9e71-c435a1e65da5",
            "ticker": "KXHIGHDEN-25FEB20-T26",
            "count": 27,
            "created_time": "2025-02-20T19:38:05.64212Z",
            "yes_price": 65,
            "no_price": 35,
            "taker_side": "yes"
        },
        {
            "trade_id": "fee70c57-76d1-4895-b272-b10af3cc4b2c",
            "ticker": "KXHIGHDEN-25FEB20-T26",
            "count": 300,
            "created_time": "2025-02-20T19:37:57.861159Z",
            "yes_price": 64,
            "no_price": 36,
            "taker_side": "yes"
        },
        {
            "trade_id": "95e33fc1-2106-45a7-8d68-4c7bd180f5e1",
            "ticker": "KXHIGHDEN-25FEB20-T26",
            "count": 42,
            "created_time": "2025-02-20T19:37:57.861159Z",
            "yes_price": 65,
            "no_price": 35,
            "taker_side": "yes"
        },
        {
            "trade_id": "5cc6bf4c-62a8-4d08-a5ae-8b7e65e4a87e",
            "ticker": "KXHIGHDEN-25FEB20-T26",
            "count": 50,
            "created_time": "2025-02-20T19:37:57.861159Z",
            "yes_price": 62,
            "no_price": 38,
            "taker_side": "yes"
        },
        {
            "trade_id": "0ff43182-6e48-4198-a4e8-d676517038d6",
            "ticker": "KXHIGHDEN-25FEB20-T26",
            "count": 22,
            "created_time": "2025-02-20T19:37:57.861159Z",
            "yes_price": 63,
            "no_price": 37,
            "taker_side": "yes"
        },
        {
            "trade_id": "6e1f828d-18ad-4d0f-9fe8-01f5044a79ba",
            "ticker": "KXHIGHDEN-25FEB20-T26",
            "count": 3,
            "created_time": "2025-02-20T19:37:18.463206Z",
            "yes_price": 62,
            "no_price": 38,
            "taker_side": "yes"
        },
        {
            "trade_id": "597ede7f-5558-4849-8e5f-090d72d815bb",
            "ticker": "KXHIGHDEN-25FEB20-T26",
            "count": 17,
            "created_time": "2025-02-20T19:36:42.144764Z",
            "yes_price": 55,
            "no_price": 45,
            "taker_side": "yes"
        },
        {
            "trade_id": "df19b490-2996-44f9-b476-31acb38764f7",
            "ticker": "KXHIGHDEN-25FEB20-T26",
            "count": 50,
            "created_time": "2025-02-20T19:35:05.52713Z",
            "yes_price": 60,
            "no_price": 40,
            "taker_side": "yes"
        },
        {
            "trade_id": "c597280d-c335-4588-9d52-174bf60cd8a9",
            "ticker": "KXHIGHDEN-25FEB20-T26",
            "count": 9,
            "created_time": "2025-02-20T19:35:05.52713Z",
            "yes_price": 63,
            "no_price": 37,
            "taker_side": "yes"
        },
        {
            "trade_id": "5e5507d4-7307-46a3-83e0-6319e7ce3ae2",
            "ticker": "KXHIGHDEN-25FEB20-T26",
            "count": 32,
            "created_time": "2025-02-20T19:35:05.52713Z",
            "yes_price": 61,
            "no_price": 39,
            "taker_side": "yes"
        },
        {
            "trade_id": "c21e1b4c-245d-4a3e-962a-a614676163e9",
            "ticker": "KXHIGHDEN-25FEB20-T26",
            "count": 6,
            "created_time": "2025-02-20T19:33:05.985529Z",
            "yes_price": 61,
            "no_price": 39,
            "taker_side": "yes"
        },
        {
            "trade_id": "fa6f6dbd-f4bd-4df2-9e69-3fc8b71b623f",
            "ticker": "KXHIGHDEN-25FEB20-T26",
            "count": 3,
            "created_time": "2025-02-20T19:32:07.894399Z",
            "yes_price": 51,
            "no_price": 49,
            "taker_side": "yes"
        },
        {
            "trade_id": "c00ff643-c2a4-4262-af62-8bd6182374d7",
            "ticker": "KXHIGHDEN-25FEB20-T26",
            "count": 11,
            "created_time": "2025-02-20T19:32:07.894399Z",
            "yes_price": 52,
            "no_price": 48,
            "taker_side": "yes"
        },
        {
            "trade_id": "bc67dbaf-9a23-4330-82ee-c543c841b601",
            "ticker": "KXHIGHDEN-25FEB20-T26",
            "count": 7,
            "created_time": "2025-02-20T19:31:58.169514Z",
            "yes_price": 51,
            "no_price": 49,
            "taker_side": "yes"
        },
        {
            "trade_id": "40011e15-65f9-4f3e-a50d-2a3e570e6baa",
            "ticker": "KXHIGHDEN-25FEB20-T26",
            "count": 10,
            "created_time": "2025-02-20T19:30:59.318043Z",
            "yes_price": 51,
            "no_price": 49,
            "taker_side": "no"
        },
        {
            "trade_id": "2cd80a06-57a4-476d-8cbf-5dcaa59977bd",
            "ticker": "KXHIGHDEN-25FEB20-T26",
            "count": 1,
            "created_time": "2025-02-20T19:30:59.318043Z",
            "yes_price": 51,
            "no_price": 49,
            "taker_side": "no"
        },
        {
            "trade_id": "1c76f987-b2cc-4fd2-9a5b-f7f2a4686e99",
            "ticker": "KXHIGHDEN-25FEB20-T26",
            "count": 47,
            "created_time": "2025-02-20T19:30:59.318043Z",
            "yes_price": 51,
            "no_price": 49,
            "taker_side": "no"
        },
        {
            "trade_id": "ef15cfc5-5140-428e-add2-6d1974c00ee6",
            "ticker": "KXHIGHDEN-25FEB20-T26",
            "count": 1,
            "created_time": "2025-02-20T19:30:30.890795Z",
            "yes_price": 52,
            "no_price": 48,
            "taker_side": "yes"
        },
        {
            "trade_id": "7f7f4f18-8b76-4fb8-a0cd-56ee938e8a78",
            "ticker": "KXHIGHDEN-25FEB20-T26",
            "count": 1,
            "created_time": "2025-02-20T19:30:21.616386Z",
            "yes_price": 52,
            "no_price": 48,
            "taker_side": "yes"
        },
        {
            "trade_id": "156b84f6-a288-4677-b65a-7dd679134940",
            "ticker": "KXHIGHDEN-25FEB20-T26",
            "count": 1,
            "created_time": "2025-02-20T19:30:17.431866Z",
            "yes_price": 52,
            "no_price": 48,
            "taker_side": "yes"
        },
        {
            "trade_id": "4a51250c-0f50-4e10-b452-0b6a37996daa",
            "ticker": "KXHIGHDEN-25FEB20-T26",
            "count": 1,
            "created_time": "2025-02-20T19:30:16.58392Z",
            "yes_price": 52,
            "no_price": 48,
            "taker_side": "yes"
        },
        {
            "trade_id": "a719a442-8a2f-4f46-96b6-e2241741d6f1",
            "ticker": "KXHIGHDEN-25FEB20-T26",
            "count": 1,
            "created_time": "2025-02-20T19:30:15.474161Z",
            "yes_price": 52,
            "no_price": 48,
            "taker_side": "yes"
        },
        {
            "trade_id": "d8dd0dc7-55ef-4e1b-bde3-04d81f215bd4",
            "ticker": "KXHIGHDEN-25FEB20-T26",
            "count": 1,
            "created_time": "2025-02-20T19:29:35.736861Z",
            "yes_price": 51,
            "no_price": 49,
            "taker_side": "yes"
        },
        {
            "trade_id": "a754373d-f09e-4bcb-adc1-2199db1ee8cd",
            "ticker": "KXHIGHDEN-25FEB20-T26",
            "count": 1,
            "created_time": "2025-02-20T19:29:31.533316Z",
            "yes_price": 52,
            "no_price": 48,
            "taker_side": "yes"
        },
        {
            "trade_id": "d6b10e09-c112-4818-aad1-fa1c44f90f4c",
            "ticker": "KXHIGHDEN-25FEB20-T26",
            "count": 1,
            "created_time": "2025-02-20T19:29:30.798468Z",
            "yes_price": 52,
            "no_price": 48,
            "taker_side": "yes"
        },
        {
            "trade_id": "e85a4182-e473-4460-a8e2-54942ff6903c",
            "ticker": "KXHIGHDEN-25FEB20-T26",
            "count": 1,
            "created_time": "2025-02-20T19:29:30.02431Z",
            "yes_price": 52,
            "no_price": 48,
            "taker_side": "no"
        },
        {
            "trade_id": "03a0cc23-8763-429c-8c30-cd54d831e0eb",
            "ticker": "KXHIGHDEN-25FEB20-T26",
            "count": 7,
            "created_time": "2025-02-20T19:27:26.546244Z",
            "yes_price": 63,
            "no_price": 37,
            "taker_side": "yes"
        },
        {
            "trade_id": "fd72c649-4ab3-4e70-a3b6-1fa6626742cf",
            "ticker": "KXHIGHDEN-25FEB20-T26",
            "count": 50,
            "created_time": "2025-02-20T19:26:35.688412Z",
            "yes_price": 63,
            "no_price": 37,
            "taker_side": "no"
        },
        {
            "trade_id": "8058eaed-4d73-435f-ac0f-0f862948195d",
            "ticker": "KXHIGHDEN-25FEB20-T26",
            "count": 18,
            "created_time": "2025-02-20T19:26:35.688412Z",
            "yes_price": 63,
            "no_price": 37,
            "taker_side": "no"
        },
        {
            "trade_id": "1e4401d4-e116-41a6-a447-91a46ec2a166",
            "ticker": "KXHIGHDEN-25FEB20-T26",
            "count": 32,
            "created_time": "2025-02-20T19:26:35.688412Z",
            "yes_price": 58,
            "no_price": 42,
            "taker_side": "no"
        },
        {
            "trade_id": "5b2b860a-c8ec-49ee-8de5-76653bacd1e7",
            "ticker": "KXHIGHDEN-25FEB20-T26",
            "count": 3,
            "created_time": "2025-02-20T19:26:34.929954Z",
            "yes_price": 64,
            "no_price": 36,
            "taker_side": "yes"
        },
        {
            "trade_id": "f5bd66d6-5916-4e70-bbb7-7a97ac2ef832",
            "ticker": "KXHIGHDEN-25FEB20-T26",
            "count": 10,
            "created_time": "2025-02-20T19:25:55.349767Z",
            "yes_price": 55,
            "no_price": 45,
            "taker_side": "yes"
        },
        {
            "trade_id": "ec229691-5cec-4458-9161-9cf4db40ee52",
            "ticker": "KXHIGHDEN-25FEB20-T26",
            "count": 11,
            "created_time": "2025-02-20T19:25:55.349767Z",
            "yes_price": 64,
            "no_price": 36,
            "taker_side": "yes"
        },
        {
            "trade_id": "19cea6ce-ff63-4810-a9ea-f49dcb8fd9b1",
            "ticker": "KXHIGHDEN-25FEB20-T26",
            "count": 50,
            "created_time": "2025-02-20T19:25:55.349767Z",
            "yes_price": 58,
            "no_price": 42,
            "taker_side": "yes"
        },
        {
            "trade_id": "e138f648-42ea-47c3-836b-edd5e01dcdc6",
            "ticker": "KXHIGHDEN-25FEB20-T26",
            "count": 18,
            "created_time": "2025-02-20T19:25:34.049076Z",
            "yes_price": 55,
            "no_price": 45,
            "taker_side": "yes"
        },
        {
            "trade_id": "8e26055d-0c11-49a0-869a-b6d92a579e15",
            "ticker": "KXHIGHDEN-25FEB20-T26",
            "count": 10,
            "created_time": "2025-02-20T19:25:15.214428Z",
            "yes_price": 64,
            "no_price": 36,
            "taker_side": "no"
        },
        {
            "trade_id": "1c895dc5-7802-4919-a374-28ad30545e70",
            "ticker": "KXHIGHDEN-25FEB20-T26",
            "count": 10,
            "created_time": "2025-02-20T19:25:15.214428Z",
            "yes_price": 64,
            "no_price": 36,
            "taker_side": "no"
        },
        {
            "trade_id": "a5cb137e-7e57-4893-9e2f-369dc70eee81",
            "ticker": "KXHIGHDEN-25FEB20-T26",
            "count": 50,
            "created_time": "2025-02-20T19:22:46.819839Z",
            "yes_price": 74,
            "no_price": 26,
            "taker_side": "yes"
        },
        {
            "trade_id": "8fe96599-849e-45ec-8e96-826a5ffecd41",
            "ticker": "KXHIGHDEN-25FEB20-T26",
            "count": 120,
            "created_time": "2025-02-20T19:22:46.819839Z",
            "yes_price": 59,
            "no_price": 41,
            "taker_side": "yes"
        },
        {
            "trade_id": "885853e3-5421-4f44-af21-240b27c4fb60",
            "ticker": "KXHIGHDEN-25FEB20-T26",
            "count": 80,
            "created_time": "2025-02-20T19:22:46.819839Z",
            "yes_price": 61,
            "no_price": 39,
            "taker_side": "yes"
        },
        {
            "trade_id": "07df8202-348d-4a4b-883a-fcd138903716",
            "ticker": "KXHIGHDEN-25FEB20-T26",
            "count": 9,
            "created_time": "2025-02-20T19:22:46.819839Z",
            "yes_price": 35,
            "no_price": 65,
            "taker_side": "yes"
        },
        {
            "trade_id": "df0f58b0-14a3-4e9f-99a3-2af6a0b4fff1",
            "ticker": "KXHIGHDEN-25FEB20-T26",
            "count": 50,
            "created_time": "2025-02-20T19:22:45.929287Z",
            "yes_price": 37,
            "no_price": 63,
            "taker_side": "yes"
        },
        {
            "trade_id": "b5822eb8-4aca-402c-a0ad-ae170c5488c0",
            "ticker": "KXHIGHDEN-25FEB20-T26",
            "count": 5,
            "created_time": "2025-02-20T19:22:45.929287Z",
            "yes_price": 35,
            "no_price": 65,
            "taker_side": "yes"
        },
        {
            "trade_id": "a0d76367-3451-49b8-ab88-8190391ba88f",
            "ticker": "KXHIGHDEN-25FEB20-T26",
            "count": 9,
            "created_time": "2025-02-20T19:22:45.929287Z",
            "yes_price": 48,
            "no_price": 52,
            "taker_side": "yes"
        },
        {
            "trade_id": "87509682-b9e8-4379-8271-c7681c0d54fa",
            "ticker": "KXHIGHDEN-25FEB20-T26",
            "count": 12,
            "created_time": "2025-02-20T19:22:45.929287Z",
            "yes_price": 36,
            "no_price": 64,
            "taker_side": "yes"
        },
        {
            "trade_id": "840753c0-e467-4a73-8916-4c590df865d7",
            "ticker": "KXHIGHDEN-25FEB20-T26",
            "count": 3,
            "created_time": "2025-02-20T19:22:45.929287Z",
            "yes_price": 41,
            "no_price": 59,
            "taker_side": "yes"
        },
        {
            "trade_id": "7b93c2a1-9399-47c0-a9fe-0e1457485df7",
            "ticker": "KXHIGHDEN-25FEB20-T26",
            "count": 24,
            "created_time": "2025-02-20T19:22:45.929287Z",
            "yes_price": 44,
            "no_price": 56,
            "taker_side": "yes"
        },
        {
            "trade_id": "642605fc-511a-4bcb-9cf0-d23f2e0b5425",
            "ticker": "KXHIGHDEN-25FEB20-T26",
            "count": 50,
            "created_time": "2025-02-20T19:22:45.929287Z",
            "yes_price": 41,
            "no_price": 59,
            "taker_side": "yes"
        },
        {
            "trade_id": "426fc60c-0150-4417-83f4-6229555e012b",
            "ticker": "KXHIGHDEN-25FEB20-T26",
            "count": 16,
            "created_time": "2025-02-20T19:22:45.929287Z",
            "yes_price": 61,
            "no_price": 39,
            "taker_side": "yes"
        },
        {
            "trade_id": "75b4a50e-2246-4052-b219-1543cf0cc121",
            "ticker": "KXHIGHDEN-25FEB20-T26",
            "count": 9,
            "created_time": "2025-02-20T19:21:13.170714Z",
            "yes_price": 32,
            "no_price": 68,
            "taker_side": "no"
        },
        {
            "trade_id": "21e5c2ea-9b23-4419-8570-4e9b8374c668",
            "ticker": "KXHIGHDEN-25FEB20-T26",
            "count": 10,
            "created_time": "2025-02-20T19:19:22.705699Z",
            "yes_price": 34,
            "no_price": 66,
            "taker_side": "yes"
        },
        {
            "trade_id": "a6cc076d-7ab8-4486-b53f-204aa83f67c3",
            "ticker": "KXHIGHDEN-25FEB20-T26",
            "count": 50,
            "created_time": "2025-02-20T19:18:38.52258Z",
            "yes_price": 29,
            "no_price": 71,
            "taker_side": "yes"
        },
        {
            "trade_id": "98072e44-9b43-4cd7-9ce5-4fc646a6bdbc",
            "ticker": "KXHIGHDEN-25FEB20-T26",
            "count": 8,
            "created_time": "2025-02-20T19:17:33.54191Z",
            "yes_price": 26,
            "no_price": 74,
            "taker_side": "no"
        },
        {
            "trade_id": "8572f756-5cbf-4b87-8808-e6607c66bb99",
            "ticker": "KXHIGHDEN-25FEB20-T26",
            "count": 40,
            "created_time": "2025-02-20T19:17:33.54191Z",
            "yes_price": 27,
            "no_price": 73,
            "taker_side": "no"
        },
        {
            "trade_id": "77768416-4c28-4573-a0f7-23613def4f4a",
            "ticker": "KXHIGHDEN-25FEB20-T26",
            "count": 5,
            "created_time": "2025-02-20T19:17:13.73611Z",
            "yes_price": 29,
            "no_price": 71,
            "taker_side": "no"
        },
        {
            "trade_id": "8cedda9f-5479-4217-b858-3c599bf08ae3",
            "ticker": "KXHIGHDEN-25FEB20-T26",
            "count": 50,
            "created_time": "2025-02-20T19:16:34.676536Z",
            "yes_price": 34,
            "no_price": 66,
            "taker_side": "yes"
        },
        {
            "trade_id": "f1afe18c-bb3e-4a81-87d6-aa4fcf9d2451",
            "ticker": "KXHIGHDEN-25FEB20-T26",
            "count": 39,
            "created_time": "2025-02-20T19:15:33.311956Z",
            "yes_price": 34,
            "no_price": 66,
            "taker_side": "yes"
        },
        {
            "trade_id": "edeb6694-b7d7-467b-97ea-400cbce2f199",
            "ticker": "KXHIGHDEN-25FEB20-T26",
            "count": 50,
            "created_time": "2025-02-20T19:14:03.515944Z",
            "yes_price": 34,
            "no_price": 66,
            "taker_side": "yes"
        },
        {
            "trade_id": "9f9bc5cc-5721-4171-94c9-7aec68f8f253",
            "ticker": "KXHIGHDEN-25FEB20-T26",
            "count": 21,
            "created_time": "2025-02-20T19:14:03.515944Z",
            "yes_price": 36,
            "no_price": 64,
            "taker_side": "yes"
        },
        {
            "trade_id": "7b5fecec-cd97-42cb-8e86-cbd9805b732b",
            "ticker": "KXHIGHDEN-25FEB20-T26",
            "count": 12,
            "created_time": "2025-02-20T19:14:03.515944Z",
            "yes_price": 33,
            "no_price": 67,
            "taker_side": "yes"
        },
        {
            "trade_id": "6dc2f36e-a77c-4819-b329-9c91b0c8f601",
            "ticker": "KXHIGHDEN-25FEB20-T26",
            "count": 12,
            "created_time": "2025-02-20T19:07:29.404678Z",
            "yes_price": 31,
            "no_price": 69,
            "taker_side": "yes"
        },
        {
            "trade_id": "02082b14-eb37-4291-84f4-fb8ef4617677",
            "ticker": "KXHIGHDEN-25FEB20-T26",
            "count": 176,
            "created_time": "2025-02-20T19:07:29.404678Z",
            "yes_price": 31,
            "no_price": 69,
            "taker_side": "yes"
        },
        {
            "trade_id": "77f4d79f-171c-46f3-bb9d-600ecb3ef87c",
            "ticker": "KXHIGHDEN-25FEB20-T26",
            "count": 5,
            "created_time": "2025-02-20T19:03:12.424593Z",
            "yes_price": 30,
            "no_price": 70,
            "taker_side": "yes"
        },
        {
            "trade_id": "259e862d-961d-442d-bc77-5cafcb22cfce",
            "ticker": "KXHIGHDEN-25FEB20-T26",
            "count": 6,
            "created_time": "2025-02-20T19:00:40.649343Z",
            "yes_price": 24,
            "no_price": 76,
            "taker_side": "no"
        },
        {
            "trade_id": "fd58a8a9-ff9b-46ee-9266-eb7df8262d40",
            "ticker": "KXHIGHDEN-25FEB20-T26",
            "count": 11,
            "created_time": "2025-02-20T18:55:49.762362Z",
            "yes_price": 29,
            "no_price": 71,
            "taker_side": "yes"
        },
        {
            "trade_id": "804ea371-b8ee-499e-9766-57a58decf402",
            "ticker": "KXHIGHDEN-25FEB20-T26",
            "count": 99,
            "created_time": "2025-02-20T18:55:49.762362Z",
            "yes_price": 30,
            "no_price": 70,
            "taker_side": "yes"
        },
        {
            "trade_id": "4ba93858-db68-4bba-8143-d57a74d49569",
            "ticker": "KXHIGHDEN-25FEB20-T26",
            "count": 50,
            "created_time": "2025-02-20T18:55:49.762362Z",
            "yes_price": 29,
            "no_price": 71,
            "taker_side": "yes"
        },
        {
            "trade_id": "5816b744-5d6f-4b90-ae83-679838393149",
            "ticker": "KXHIGHDEN-25FEB20-T26",
            "count": 50,
            "created_time": "2025-02-20T18:53:05.692311Z",
            "yes_price": 29,
            "no_price": 71,
            "taker_side": "yes"
        },
        {
            "trade_id": "e1c6c0d7-d19a-4656-9e50-78f5611cc740",
            "ticker": "KXHIGHDEN-25FEB20-T26",
            "count": 22,
            "created_time": "2025-02-20T18:50:17.731458Z",
            "yes_price": 27,
            "no_price": 73,
            "taker_side": "yes"
        },
        {
            "trade_id": "499d8203-6de6-4084-ba4f-48ccac484a35",
            "ticker": "KXHIGHDEN-25FEB20-T26",
            "count": 41,
            "created_time": "2025-02-20T18:50:17.731458Z",
            "yes_price": 27,
            "no_price": 73,
            "taker_side": "yes"
        },
        {
            "trade_id": "95b8d2d4-afc3-4a56-b2ea-b6cf46599963",
            "ticker": "KXHIGHDEN-25FEB20-T26",
            "count": 1,
            "created_time": "2025-02-20T18:33:55.279211Z",
            "yes_price": 8,
            "no_price": 92,
            "taker_side": "no"
        },
        {
            "trade_id": "69dc6169-7a26-4047-ac80-65436b99f27e",
            "ticker": "KXHIGHDEN-25FEB20-T26",
            "count": 35,
            "created_time": "2025-02-20T18:33:53.207752Z",
            "yes_price": 29,
            "no_price": 71,
            "taker_side": "yes"
        },
        {
            "trade_id": "f790011b-42ab-4349-99c7-eff59841cf14",
            "ticker": "KXHIGHDEN-25FEB20-T26",
            "count": 26,
            "created_time": "2025-02-20T18:32:22.674993Z",
            "yes_price": 28,
            "no_price": 72,
            "taker_side": "no"
        },
        {
            "trade_id": "76525673-d41e-4ed7-989a-56755f1cbf26",
            "ticker": "KXHIGHDEN-25FEB20-T26",
            "count": 1,
            "created_time": "2025-02-20T18:32:21.856577Z",
            "yes_price": 28,
            "no_price": 72,
            "taker_side": "no"
        },
        {
            "trade_id": "868f8da3-7477-45b9-9f74-406e0de8a263",
            "ticker": "KXHIGHDEN-25FEB20-T26",
            "count": 66,
            "created_time": "2025-02-20T18:31:30.510109Z",
            "yes_price": 28,
            "no_price": 72,
            "taker_side": "no"
        },
        {
            "trade_id": "4ea738f2-2f2e-4132-8dc4-de02378ed218",
            "ticker": "KXHIGHDEN-25FEB20-T26",
            "count": 3,
            "created_time": "2025-02-20T18:27:59.594566Z",
            "yes_price": 28,
            "no_price": 72,
            "taker_side": "no"
        },
        {
            "trade_id": "332f21ce-0a33-4aa5-97b7-7c0d6f1c75e0",
            "ticker": "KXHIGHDEN-25FEB20-T26",
            "count": 10,
            "created_time": "2025-02-20T18:27:59.594566Z",
            "yes_price": 30,
            "no_price": 70,
            "taker_side": "no"
        },
        {
            "trade_id": "4174021b-aaff-405f-9c34-b9b5adbaddf2",
            "ticker": "KXHIGHDEN-25FEB20-T26",
            "count": 35,
            "created_time": "2025-02-20T18:24:06.290141Z",
            "yes_price": 31,
            "no_price": 69,
            "taker_side": "yes"
        },
        {
            "trade_id": "99d050dc-cd03-4712-847a-8b98904277d0",
            "ticker": "KXHIGHDEN-25FEB20-T26",
            "count": 25,
            "created_time": "2025-02-20T18:22:53.478115Z",
            "yes_price": 31,
            "no_price": 69,
            "taker_side": "yes"
        },
        {
            "trade_id": "6fae4462-f42a-4458-a9ea-b45dd0b0442e",
            "ticker": "KXHIGHDEN-25FEB20-T26",
            "count": 15,
            "created_time": "2025-02-20T18:21:48.3872Z",
            "yes_price": 31,
            "no_price": 69,
            "taker_side": "yes"
        },
        {
            "trade_id": "1b9ae147-2669-47d1-beec-858f73cb922b",
            "ticker": "KXHIGHDEN-25FEB20-T26",
            "count": 10,
            "created_time": "2025-02-20T18:19:49.493633Z",
            "yes_price": 31,
            "no_price": 69,
            "taker_side": "yes"
        },
        {
            "trade_id": "488c85a2-c208-4be9-8371-9367791b870a",
            "ticker": "KXHIGHDEN-25FEB20-T26",
            "count": 143,
            "created_time": "2025-02-20T18:17:28.506919Z",
            "yes_price": 31,
            "no_price": 69,
            "taker_side": "yes"
        },
        {
            "trade_id": "16b388d7-5c9b-4fd1-900a-376c5ef14668",
            "ticker": "KXHIGHDEN-25FEB20-T26",
            "count": 11,
            "created_time": "2025-02-20T18:17:28.506919Z",
            "yes_price": 30,
            "no_price": 70,
            "taker_side": "yes"
        },
        {
            "trade_id": "5d615657-5f2f-4d33-b8d7-d8609ad696ac",
            "ticker": "KXHIGHDEN-25FEB20-T26",
            "count": 5,
            "created_time": "2025-02-20T18:11:02.247276Z",
            "yes_price": 29,
            "no_price": 71,
            "taker_side": "yes"
        },
        {
            "trade_id": "c018860f-6d21-42eb-91b3-d14590fe591c",
            "ticker": "KXHIGHDEN-25FEB20-T26",
            "count": 5,
            "created_time": "2025-02-20T18:10:44.055729Z",
            "yes_price": 28,
            "no_price": 72,
            "taker_side": "no"
        },
        {
            "trade_id": "fbe5039f-b582-4667-ae93-a979e5b48bc1",
            "ticker": "KXHIGHDEN-25FEB20-T26",
            "count": 50,
            "created_time": "2025-02-20T18:10:43.961065Z",
            "yes_price": 27,
            "no_price": 73,
            "taker_side": "yes"
        },
        {
            "trade_id": "fb4eb490-29d5-46a9-adb0-9e52ab29c1bb",
            "ticker": "KXHIGHDEN-25FEB20-T26",
            "count": 99,
            "created_time": "2025-02-20T18:10:43.961065Z",
            "yes_price": 28,
            "no_price": 72,
            "taker_side": "yes"
        },
        {
            "trade_id": "273313d5-51c0-4196-a2b3-f27f3e93fdba",
            "ticker": "KXHIGHDEN-25FEB20-T26",
            "count": 2,
            "created_time": "2025-02-20T18:10:05.602955Z",
            "yes_price": 29,
            "no_price": 71,
            "taker_side": "yes"
        },
        {
            "trade_id": "ce885c3b-5ce7-48f2-8dbe-ec9013259750",
            "ticker": "KXHIGHDEN-25FEB20-T26",
            "count": 5,
            "created_time": "2025-02-20T18:09:54.462932Z",
            "yes_price": 28,
            "no_price": 72,
            "taker_side": "no"
        },
        {
            "trade_id": "ab3094c0-7dee-4a9b-b6d5-d155c4e0fab2",
            "ticker": "KXHIGHDEN-25FEB20-T26",
            "count": 19,
            "created_time": "2025-02-20T18:09:54.198464Z",
            "yes_price": 28,
            "no_price": 72,
            "taker_side": "yes"
        },
        {
            "trade_id": "1eba6207-78fe-4676-a00b-ff16212a7aef",
            "ticker": "KXHIGHDEN-25FEB20-T26",
            "count": 45,
            "created_time": "2025-02-20T18:09:34.096696Z",
            "yes_price": 26,
            "no_price": 74,
            "taker_side": "yes"
        },
        {
            "trade_id": "c2a6299d-7827-4c8e-97d5-3098b10a2920",
            "ticker": "KXHIGHDEN-25FEB20-T26",
            "count": 24,
            "created_time": "2025-02-20T18:08:36.086719Z",
            "yes_price": 17,
            "no_price": 83,
            "taker_side": "no"
        },
        {
            "trade_id": "05a2056b-d5ac-4324-ad24-aec1c54e738f",
            "ticker": "KXHIGHDEN-25FEB20-T26",
            "count": 56,
            "created_time": "2025-02-20T18:08:36.086719Z",
            "yes_price": 18,
            "no_price": 82,
            "taker_side": "no"
        },
        {
            "trade_id": "8e0f3cfa-1d28-4068-84a2-44055f4a6a24",
            "ticker": "KXHIGHDEN-25FEB20-T26",
            "count": 50,
            "created_time": "2025-02-20T18:08:24.060931Z",
            "yes_price": 25,
            "no_price": 75,
            "taker_side": "yes"
        },
        {
            "trade_id": "7f480dae-2409-4cb5-a081-4160595306ae",
            "ticker": "KXHIGHDEN-25FEB20-T26",
            "count": 99,
            "created_time": "2025-02-20T18:08:24.060931Z",
            "yes_price": 26,
            "no_price": 74,
            "taker_side": "yes"
        },
        {
            "trade_id": "946c6018-1625-499e-b7e5-e6bc3f847dc3",
            "ticker": "KXHIGHDEN-25FEB20-T26",
            "count": 50,
            "created_time": "2025-02-20T18:05:53.422337Z",
            "yes_price": 24,
            "no_price": 76,
            "taker_side": "yes"
        },
        {
            "trade_id": "7092d538-9374-443c-aa90-c32661d5767d",
            "ticker": "KXHIGHDEN-25FEB20-T26",
            "count": 99,
            "created_time": "2025-02-20T18:05:53.422337Z",
            "yes_price": 25,
            "no_price": 75,
            "taker_side": "yes"
        },
        {
            "trade_id": "a7c982fc-e773-40ab-b58c-08210274e443",
            "ticker": "KXHIGHDEN-25FEB20-T26",
            "count": 300,
            "created_time": "2025-02-20T17:49:34.565925Z",
            "yes_price": 16,
            "no_price": 84,
            "taker_side": "no"
        },
        {
            "trade_id": "9e33a772-7721-4011-b118-e05da48fe468",
            "ticker": "KXHIGHDEN-25FEB20-T26",
            "count": 50,
            "created_time": "2025-02-20T17:49:34.565925Z",
            "yes_price": 16,
            "no_price": 84,
            "taker_side": "no"
        },
        {
            "trade_id": "0a163f01-0a94-40d7-b8d6-867021b45a20",
            "ticker": "KXHIGHDEN-25FEB20-T26",
            "count": 64,
            "created_time": "2025-02-20T17:49:34.565925Z",
            "yes_price": 15,
            "no_price": 85,
            "taker_side": "no"
        },
        {
            "trade_id": "e37dee0e-b03a-4620-b7fe-e9ee7be2ac75",
            "ticker": "KXHIGHDEN-25FEB20-T26",
            "count": 1808,
            "created_time": "2025-02-20T17:45:27.639429Z",
            "yes_price": 13,
            "no_price": 87,
            "taker_side": "yes"
        },
        {
            "trade_id": "fb9b9f84-3e1d-430f-8383-796a9514189d",
            "ticker": "KXHIGHDEN-25FEB20-T26",
            "count": 50,
            "created_time": "2025-02-20T17:44:09.112563Z",
            "yes_price": 13,
            "no_price": 87,
            "taker_side": "no"
        },
        {
            "trade_id": "6cb95741-48d5-479e-8502-3f6c046cf1de",
            "ticker": "KXHIGHDEN-25FEB20-T26",
            "count": 6,
            "created_time": "2025-02-20T17:08:04.925573Z",
            "yes_price": 12,
            "no_price": 88,
            "taker_side": "no"
        },
        {
            "trade_id": "56ad464f-b6e1-4d25-b48d-de394737a288",
            "ticker": "KXHIGHDEN-25FEB20-T26",
            "count": 50,
            "created_time": "2025-02-20T17:08:04.925573Z",
            "yes_price": 13,
            "no_price": 87,
            "taker_side": "no"
        },
        {
            "trade_id": "b7f1d296-48b6-433e-a3fa-b1b5e317ff10",
            "ticker": "KXHIGHDEN-25FEB20-T26",
            "count": 79,
            "created_time": "2025-02-20T16:51:45.642484Z",
            "yes_price": 22,
            "no_price": 78,
            "taker_side": "no"
        },
        {
            "trade_id": "443693d6-9a81-4718-832e-f53f661fc084",
            "ticker": "KXHIGHDEN-25FEB20-T26",
            "count": 20,
            "created_time": "2025-02-20T16:51:45.538787Z",
            "yes_price": 22,
            "no_price": 78,
            "taker_side": "no"
        },
        {
            "trade_id": "25542c9f-71eb-4708-ba31-2572b7d21de2",
            "ticker": "KXHIGHDEN-25FEB20-T26",
            "count": 220,
            "created_time": "2025-02-20T16:51:45.538787Z",
            "yes_price": 24,
            "no_price": 76,
            "taker_side": "no"
        },
        {
            "trade_id": "9fd03f6b-55f7-42d4-96b0-c632ab041d65",
            "ticker": "KXHIGHDEN-25FEB20-T26",
            "count": 94,
            "created_time": "2025-02-20T16:51:45.416455Z",
            "yes_price": 24,
            "no_price": 76,
            "taker_side": "no"
        },
        {
            "trade_id": "a3805b93-9dee-43d6-8d74-004d029dd847",
            "ticker": "KXHIGHDEN-25FEB20-T26",
            "count": 17,
            "created_time": "2025-02-20T16:51:20.755436Z",
            "yes_price": 30,
            "no_price": 70,
            "taker_side": "yes"
        },
        {
            "trade_id": "82c1a945-323e-49b8-812e-3284f892742c",
            "ticker": "KXHIGHDEN-25FEB20-T26",
            "count": 21,
            "created_time": "2025-02-20T16:51:20.755436Z",
            "yes_price": 29,
            "no_price": 71,
            "taker_side": "yes"
        },
        {
            "trade_id": "390fc7ef-0dd6-400f-8c10-7c028c15b7cc",
            "ticker": "KXHIGHDEN-25FEB20-T26",
            "count": 46,
            "created_time": "2025-02-20T16:51:20.755436Z",
            "yes_price": 31,
            "no_price": 69,
            "taker_side": "yes"
        },
        {
            "trade_id": "f6c7d4d8-3dbf-4c38-b343-c48294e2ff3e",
            "ticker": "KXHIGHDEN-25FEB20-T26",
            "count": 39,
            "created_time": "2025-02-20T16:51:14.164791Z",
            "yes_price": 19,
            "no_price": 81,
            "taker_side": "yes"
        },
        {
            "trade_id": "5d488bd3-9c9a-4627-af9f-ceb9cbacf3e0",
            "ticker": "KXHIGHDEN-25FEB20-T26",
            "count": 99,
            "created_time": "2025-02-20T16:51:14.164791Z",
            "yes_price": 21,
            "no_price": 79,
            "taker_side": "yes"
        },
        {
            "trade_id": "2651cded-0dd5-4b74-b171-70be20bbc61a",
            "ticker": "KXHIGHDEN-25FEB20-T26",
            "count": 80,
            "created_time": "2025-02-20T16:51:14.164791Z",
            "yes_price": 21,
            "no_price": 79,
            "taker_side": "yes"
        },
        {
            "trade_id": "19cc1356-b77c-45c7-8f12-02881e53d20a",
            "ticker": "KXHIGHDEN-25FEB20-T26",
            "count": 50,
            "created_time": "2025-02-20T16:51:14.164791Z",
            "yes_price": 24,
            "no_price": 76,
            "taker_side": "yes"
        },
        {
            "trade_id": "161503d4-93b5-47c7-a6bd-f14fcd5a05c4",
            "ticker": "KXHIGHDEN-25FEB20-T26",
            "count": 8,
            "created_time": "2025-02-20T16:51:14.164791Z",
            "yes_price": 19,
            "no_price": 81,
            "taker_side": "yes"
        },
        {
            "trade_id": "0b083f19-0069-4fb4-b6c1-090254a8bc6a",
            "ticker": "KXHIGHDEN-25FEB20-T26",
            "count": 80,
            "created_time": "2025-02-20T16:51:14.164791Z",
            "yes_price": 23,
            "no_price": 77,
            "taker_side": "yes"
        },
        {
            "trade_id": "74cae5cb-ab01-4183-8b50-ff6e2c80bb4a",
            "ticker": "KXHIGHDEN-25FEB20-T26",
            "count": 118,
            "created_time": "2025-02-20T16:50:33.002836Z",
            "yes_price": 18,
            "no_price": 82,
            "taker_side": "yes"
        },
        {
            "trade_id": "8c9241db-a350-4558-aacf-6ae219be4534",
            "ticker": "KXHIGHDEN-25FEB20-T26",
            "count": 113,
            "created_time": "2025-02-20T16:50:07.506055Z",
            "yes_price": 17,
            "no_price": 83,
            "taker_side": "yes"
        },
        {
            "trade_id": "6b57ecad-fe73-469f-ac2a-745a10bdfa08",
            "ticker": "KXHIGHDEN-25FEB20-T26",
            "count": 117,
            "created_time": "2025-02-20T16:49:19.57716Z",
            "yes_price": 14,
            "no_price": 86,
            "taker_side": "yes"
        },
        {
            "trade_id": "43f5596c-0cb9-4d50-a59a-27583e910cdf",
            "ticker": "KXHIGHDEN-25FEB20-T26",
            "count": 240,
            "created_time": "2025-02-20T16:49:19.57716Z",
            "yes_price": 16,
            "no_price": 84,
            "taker_side": "yes"
        },
        {
            "trade_id": "e7acec85-e5d7-4a03-b273-f090f23060ba",
            "ticker": "KXHIGHDEN-25FEB20-T26",
            "count": 100,
            "created_time": "2025-02-20T16:48:46.775162Z",
            "yes_price": 14,
            "no_price": 86,
            "taker_side": "yes"
        },
        {
            "trade_id": "b0364df8-fc95-4d52-8747-6c3b60d4a86d",
            "ticker": "KXHIGHDEN-25FEB20-T26",
            "count": 100,
            "created_time": "2025-02-20T16:48:46.775162Z",
            "yes_price": 12,
            "no_price": 88,
            "taker_side": "yes"
        },
        {
            "trade_id": "97816880-31cd-47c0-91df-0e06903cfb3b",
            "ticker": "KXHIGHDEN-25FEB20-T26",
            "count": 1,
            "created_time": "2025-02-20T16:48:46.775162Z",
            "yes_price": 13,
            "no_price": 87,
            "taker_side": "yes"
        },
        {
            "trade_id": "56096a80-f20b-4012-953a-836d1792a222",
            "ticker": "KXHIGHDEN-25FEB20-T26",
            "count": 7,
            "created_time": "2025-02-20T16:48:46.775162Z",
            "yes_price": 13,
            "no_price": 87,
            "taker_side": "yes"
        },
        {
            "trade_id": "5092d0fa-a4ba-4228-bbfc-b1c32525eaab",
            "ticker": "KXHIGHDEN-25FEB20-T26",
            "count": 50,
            "created_time": "2025-02-20T16:48:46.775162Z",
            "yes_price": 12,
            "no_price": 88,
            "taker_side": "yes"
        },
        {
            "trade_id": "202e46e5-58a1-4737-b501-dd1da6d2982d",
            "ticker": "KXHIGHDEN-25FEB20-T26",
            "count": 242,
            "created_time": "2025-02-20T16:48:46.775162Z",
            "yes_price": 14,
            "no_price": 86,
            "taker_side": "yes"
        },
        {
            "trade_id": "8624b6cf-9b42-4e7d-9e1c-9e85a986b7d6",
            "ticker": "KXHIGHDEN-25FEB20-T26",
            "count": 200,
            "created_time": "2025-02-20T16:40:51.617824Z",
            "yes_price": 10,
            "no_price": 90,
            "taker_side": "no"
        },
        {
            "trade_id": "6c3f64b6-8af3-4f91-9db0-3e3b9fc054f6",
            "ticker": "KXHIGHDEN-25FEB20-T26",
            "count": 3,
            "created_time": "2025-02-20T16:36:38.052526Z",
            "yes_price": 11,
            "no_price": 89,
            "taker_side": "yes"
        },
        {
            "trade_id": "852cb71f-292d-49d6-9b20-d4cf477e56ac",
            "ticker": "KXHIGHDEN-25FEB20-T26",
            "count": 50,
            "created_time": "2025-02-20T16:36:30.041428Z",
            "yes_price": 10,
            "no_price": 90,
            "taker_side": "yes"
        },
        {
            "trade_id": "53ab86d2-a8b8-4ccb-ad59-f63a9eb2ea54",
            "ticker": "KXHIGHDEN-25FEB20-T26",
            "count": 97,
            "created_time": "2025-02-20T16:36:30.041428Z",
            "yes_price": 11,
            "no_price": 89,
            "taker_side": "yes"
        },
        {
            "trade_id": "e9bb48d5-de61-4de9-a115-c50ada8bbdcc",
            "ticker": "KXHIGHDEN-25FEB20-T26",
            "count": 184,
            "created_time": "2025-02-20T16:36:18.249576Z",
            "yes_price": 8,
            "no_price": 92,
            "taker_side": "no"
        },
        {
            "trade_id": "35d04ab5-bd53-4069-b359-02b5af3a082f",
            "ticker": "KXHIGHDEN-25FEB20-T26",
            "count": 120,
            "created_time": "2025-02-20T16:36:18.249576Z",
            "yes_price": 8,
            "no_price": 92,
            "taker_side": "no"
        },
        {
            "trade_id": "b2c75319-18f0-422c-bbf7-56f3269471cb",
            "ticker": "KXHIGHDEN-25FEB20-T26",
            "count": 37,
            "created_time": "2025-02-20T16:35:47.963009Z",
            "yes_price": 10,
            "no_price": 90,
            "taker_side": "no"
        },
        {
            "trade_id": "4f4627e8-7b92-463e-9f0d-adc90a5dbbb3",
            "ticker": "KXHIGHDEN-25FEB20-T26",
            "count": 6,
            "created_time": "2025-02-20T16:35:47.963009Z",
            "yes_price": 10,
            "no_price": 90,
            "taker_side": "no"
        },
        {
            "trade_id": "23b12f4d-8052-4936-a2fe-bba4d7ccb53e",
            "ticker": "KXHIGHDEN-25FEB20-T26",
            "count": 5,
            "created_time": "2025-02-20T16:34:34.387655Z",
            "yes_price": 10,
            "no_price": 90,
            "taker_side": "no"
        },
        {
            "trade_id": "227f9019-d2d1-43a9-8af9-775b62b298d6",
            "ticker": "KXHIGHDEN-25FEB20-T26",
            "count": 3,
            "created_time": "2025-02-20T16:33:19.276618Z",
            "yes_price": 11,
            "no_price": 89,
            "taker_side": "no"
        },
        {
            "trade_id": "42acc603-369c-4050-9c8f-8bdd57c8acfa",
            "ticker": "KXHIGHDEN-25FEB20-T26",
            "count": 57,
            "created_time": "2025-02-20T16:26:52.826829Z",
            "yes_price": 10,
            "no_price": 90,
            "taker_side": "no"
        },
        {
            "trade_id": "420c4bf6-c788-43e7-adb6-e90d65c0957c",
            "ticker": "KXHIGHDEN-25FEB20-T26",
            "count": 27,
            "created_time": "2025-02-20T16:26:52.826829Z",
            "yes_price": 11,
            "no_price": 89,
            "taker_side": "no"
        },
        {
            "trade_id": "b16fc303-56f1-43aa-8e3f-8a35ef601cc0",
            "ticker": "KXHIGHDEN-25FEB20-T26",
            "count": 1,
            "created_time": "2025-02-20T16:06:29.036507Z",
            "yes_price": 16,
            "no_price": 84,
            "taker_side": "yes"
        },
        {
            "trade_id": "05e14921-e1fa-4cbf-b4ea-80bd60d78989",
            "ticker": "KXHIGHDEN-25FEB20-T26",
            "count": 77,
            "created_time": "2025-02-20T16:06:11.501078Z",
            "yes_price": 15,
            "no_price": 85,
            "taker_side": "no"
        },
        {
            "trade_id": "f8fcb63c-a030-45e5-9007-b009d41542d7",
            "ticker": "KXHIGHDEN-25FEB20-T26",
            "count": 69,
            "created_time": "2025-02-20T16:05:00.997696Z",
            "yes_price": 15,
            "no_price": 85,
            "taker_side": "yes"
        },
        {
            "trade_id": "38db98bc-1c8c-48d0-910c-807793654c92",
            "ticker": "KXHIGHDEN-25FEB20-T26",
            "count": 54,
            "created_time": "2025-02-20T16:05:00.997696Z",
            "yes_price": 15,
            "no_price": 85,
            "taker_side": "yes"
        },
        {
            "trade_id": "50712c29-5c58-494b-a1e6-f4ae04aeb6f6",
            "ticker": "KXHIGHDEN-25FEB20-T26",
            "count": 50,
            "created_time": "2025-02-20T16:04:35.891902Z",
            "yes_price": 14,
            "no_price": 86,
            "taker_side": "yes"
        },
        {
            "trade_id": "1af41b91-39f3-4ce1-a890-2f30d05fab28",
            "ticker": "KXHIGHDEN-25FEB20-T26",
            "count": 50,
            "created_time": "2025-02-20T16:04:35.891902Z",
            "yes_price": 14,
            "no_price": 86,
            "taker_side": "yes"
        },
        {
            "trade_id": "7f5abf90-c45f-47dd-a24e-a5f3b34c673e",
            "ticker": "KXHIGHDEN-25FEB20-T26",
            "count": 33,
            "created_time": "2025-02-20T15:59:02.684977Z",
            "yes_price": 14,
            "no_price": 86,
            "taker_side": "yes"
        },
        {
            "trade_id": "c8cafaa1-ca98-4c8e-885c-ac5eb2bb5cd2",
            "ticker": "KXHIGHDEN-25FEB20-T26",
            "count": 50,
            "created_time": "2025-02-20T15:49:05.267615Z",
            "yes_price": 14,
            "no_price": 86,
            "taker_side": "yes"
        },
        {
            "trade_id": "468c7d3f-b309-4558-9bf7-aee8c109ccfe",
            "ticker": "KXHIGHDEN-25FEB20-T26",
            "count": 50,
            "created_time": "2025-02-20T15:45:46.793888Z",
            "yes_price": 14,
            "no_price": 86,
            "taker_side": "yes"
        },
        {
            "trade_id": "fd8894c2-6a73-4749-b6ce-d763c90aae03",
            "ticker": "KXHIGHDEN-25FEB20-T26",
            "count": 76,
            "created_time": "2025-02-20T15:45:05.98181Z",
            "yes_price": 14,
            "no_price": 86,
            "taker_side": "no"
        },
        {
            "trade_id": "ce6a6fb3-afd7-4038-b0ac-b3cfca9903a0",
            "ticker": "KXHIGHDEN-25FEB20-T26",
            "count": 194,
            "created_time": "2025-02-20T15:45:05.98181Z",
            "yes_price": 10,
            "no_price": 90,
            "taker_side": "no"
        },
        {
            "trade_id": "95a00727-87ef-4073-b0ef-ddfb556420de",
            "ticker": "KXHIGHDEN-25FEB20-T26",
            "count": 240,
            "created_time": "2025-02-20T15:45:05.98181Z",
            "yes_price": 12,
            "no_price": 88,
            "taker_side": "no"
        },
        {
            "trade_id": "52cb1ce0-e691-4d07-a176-1ecd5c95b42a",
            "ticker": "KXHIGHDEN-25FEB20-T26",
            "count": 50,
            "created_time": "2025-02-20T15:45:05.98181Z",
            "yes_price": 11,
            "no_price": 89,
            "taker_side": "no"
        },
        {
            "trade_id": "ee5421df-feb9-435c-9f7b-536f2438e58e",
            "ticker": "KXHIGHDEN-25FEB20-T26",
            "count": 27,
            "created_time": "2025-02-20T15:40:08.552448Z",
            "yes_price": 15,
            "no_price": 85,
            "taker_side": "yes"
        },
        {
            "trade_id": "3f8427f7-9eb1-40d6-820d-8e741285abe7",
            "ticker": "KXHIGHDEN-25FEB20-T26",
            "count": 4,
            "created_time": "2025-02-20T15:39:52.162318Z",
            "yes_price": 15,
            "no_price": 85,
            "taker_side": "yes"
        },
        {
            "trade_id": "061b3b5c-cb15-46d2-b612-a43f9ab1eaf9",
            "ticker": "KXHIGHDEN-25FEB20-T26",
            "count": 11,
            "created_time": "2025-02-20T15:36:46.448359Z",
            "yes_price": 14,
            "no_price": 86,
            "taker_side": "yes"
        },
        {
            "trade_id": "401ad19b-839b-4338-8992-84bc88b6d6fa",
            "ticker": "KXHIGHDEN-25FEB20-T26",
            "count": 89,
            "created_time": "2025-02-20T15:36:39.250887Z",
            "yes_price": 14,
            "no_price": 86,
            "taker_side": "yes"
        },
        {
            "trade_id": "ccaa9145-773c-4da1-a66a-33c9722870fa",
            "ticker": "KXHIGHDEN-25FEB20-T26",
            "count": 33,
            "created_time": "2025-02-20T15:33:51.52682Z",
            "yes_price": 13,
            "no_price": 87,
            "taker_side": "yes"
        },
        {
            "trade_id": "a113779f-3579-48e8-b7a6-b75b8236a894",
            "ticker": "KXHIGHDEN-25FEB20-T26",
            "count": 55,
            "created_time": "2025-02-20T15:32:58.60832Z",
            "yes_price": 13,
            "no_price": 87,
            "taker_side": "yes"
        },
        {
            "trade_id": "b0aa5e58-74a9-4d0c-babc-63ac22d0e283",
            "ticker": "KXHIGHDEN-25FEB20-T26",
            "count": 62,
            "created_time": "2025-02-20T15:30:45.803032Z",
            "yes_price": 12,
            "no_price": 88,
            "taker_side": "yes"
        },
        {
            "trade_id": "8d0b18a1-f16e-442c-9538-7d4a2f872936",
            "ticker": "KXHIGHDEN-25FEB20-T26",
            "count": 12,
