{
    "KXHIGHDEN-25JAN02-T43": [
        {
            "trade_id": "f206a47b-6527-4d1c-b35b-08b9d742d18e",
            "ticker": "KXHIGHDEN-25JAN02-T43",
            "count": 93,
            "created_time": "2025-01-02T17:28:31.10359Z",
            "yes_price": 1,
            "no_price": 99,
            "taker_side": "yes"
        },
        {
            "trade_id": "e38c5db0-f471-4811-b728-922acf6f4fd4",
            "ticker": "KXHIGHDEN-25JAN02-T43",
            "count": 5,
            "created_time": "2025-01-02T16:06:50.875366Z",
            "yes_price": 1,
            "no_price": 99,
            "taker_side": "no"
        },
        {
            "trade_id": "5b46e4d3-52ec-420e-a9be-8cb5e705eea9",
            "ticker": "KXHIGHDEN-25JAN02-T43",
            "count": 6,
            "created_time": "2025-01-02T16:06:34.915018Z",
            "yes_price": 1,
            "no_price": 99,
            "taker_side": "no"
        },
        {
            "trade_id": "769e9235-6976-4712-8c80-3d9296de05da",
            "ticker": "KXHIGHDEN-25JAN02-T43",
            "count": 9,
            "created_time": "2025-01-02T16:06:16.168161Z",
            "yes_price": 1,
            "no_price": 99,
            "taker_side": "no"
        },
        {
            "trade_id": "96ad74fe-7345-4d91-a442-f2924040b379",
            "ticker": "KXHIGHDEN-25JAN02-T43",
            "count": 5,
            "created_time": "2025-01-02T16:05:58.703342Z",
            "yes_price": 1,
            "no_price": 99,
            "taker_side": "no"
        },
        {
            "trade_id": "91ef0303-ed6b-4bd5-801a-a4d00b9eeb3a",
            "ticker": "KXHIGHDEN-25JAN02-T43",
            "count": 5,
            "created_time": "2025-01-02T16:05:41.236992Z",
            "yes_price": 1,
            "no_price": 99,
            "taker_side": "no"
        },
        {
            "trade_id": "30c9d438-df61-472b-a86e-2b66c147c0c4",
            "ticker": "KXHIGHDEN-25JAN02-T43",
            "count": 10,
            "created_time": "2025-01-02T16:05:17.152466Z",
            "yes_price": 1,
            "no_price": 99,
            "taker_side": "yes"
        },
        {
            "trade_id": "c56440f8-ff0b-4084-b252-f5c4506b78ef",
            "ticker": "KXHIGHDEN-25JAN02-T43",
            "count": 100,
            "created_time": "2025-01-02T16:03:29.73679Z",
            "yes_price": 1,
            "no_price": 99,
            "taker_side": "no"
        },
        {
            "trade_id": "abd34426-9c7e-47ce-83b8-9969163c30e3",
            "ticker": "KXHIGHDEN-25JAN02-T43",
            "count": 40,
            "created_time": "2025-01-02T16:03:29.73679Z",
            "yes_price": 1,
            "no_price": 99,
            "taker_side": "no"
        },
        {
            "trade_id": "3f1b2013-afeb-423a-a21b-2d13e0250eee",
            "ticker": "KXHIGHDEN-25JAN02-T43",
            "count": 6,
            "created_time": "2025-01-02T13:33:48.938261Z",
            "yes_price": 2,
            "no_price": 98,
            "taker_side": "no"
        },
        {
            "trade_id": "cd5b1065-95c1-4e27-91ff-c4f4e41896e4",
            "ticker": "KXHIGHDEN-25JAN02-T43",
            "count": 20,
            "created_time": "2025-01-02T13:33:48.715174Z",
            "yes_price": 2,
            "no_price": 98,
            "taker_side": "no"
        },
        {
            "trade_id": "522364f2-a268-48e3-8585-8f791f37088b",
            "ticker": "KXHIGHDEN-25JAN02-T43",
            "count": 23,
            "created_time": "2025-01-02T13:33:48.514153Z",
            "yes_price": 2,
            "no_price": 98,
            "taker_side": "no"
        },
        {
            "trade_id": "73a3211c-8c05-403b-adba-1d6ef8c1cc52",
            "ticker": "KXHIGHDEN-25JAN02-T43",
            "count": 1,
            "created_time": "2025-01-02T07:48:56.091379Z",
            "yes_price": 3,
            "no_price": 97,
            "taker_side": "no"
        },
        {
            "trade_id": "515dd1f8-8d8b-4d9f-b671-312c32450225",
            "ticker": "KXHIGHDEN-25JAN02-T43",
            "count": 1,
            "created_time": "2025-01-02T07:15:44.623398Z",
            "yes_price": 3,
            "no_price": 97,
            "taker_side": "no"
        },
        {
            "trade_id": "d31008d9-5c11-4a8b-8a9e-607f4e77d73a",
            "ticker": "KXHIGHDEN-25JAN02-T43",
            "count": 8,
            "created_time": "2025-01-02T06:33:30.072895Z",
            "yes_price": 3,
            "no_price": 97,
            "taker_side": "no"
        },
        {
            "trade_id": "70f2e46b-2b61-499c-9e14-6232f6280c57",
            "ticker": "KXHIGHDEN-25JAN02-T43",
            "count": 2,
            "created_time": "2025-01-02T06:33:14.731658Z",
            "yes_price": 3,
            "no_price": 97,
            "taker_side": "no"
        },
        {
            "trade_id": "bc4ba79e-f1dd-46ae-a6b5-d0da345c0040",
            "ticker": "KXHIGHDEN-25JAN02-T43",
            "count": 9,
            "created_time": "2025-01-02T06:11:52.271935Z",
            "yes_price": 3,
            "no_price": 97,
            "taker_side": "no"
        },
        {
            "trade_id": "9cbd29fe-8051-4af4-9793-227f3aead806",
            "ticker": "KXHIGHDEN-25JAN02-T43",
            "count": 1,
            "created_time": "2025-01-02T06:11:52.271935Z",
            "yes_price": 2,
            "no_price": 98,
            "taker_side": "no"
        },
        {
            "trade_id": "410f0544-9d98-4f1b-9988-ca4f415bd279",
            "ticker": "KXHIGHDEN-25JAN02-T43",
            "count": 7,
            "created_time": "2025-01-02T06:10:42.028498Z",
            "yes_price": 3,
            "no_price": 97,
            "taker_side": "no"
        },
        {
            "trade_id": "2eb285d4-f070-4778-940a-69af1c9ba5bf",
            "ticker": "KXHIGHDEN-25JAN02-T43",
            "count": 1,
            "created_time": "2025-01-02T06:08:43.444121Z",
            "yes_price": 3,
            "no_price": 97,
            "taker_side": "no"
        },
        {
            "trade_id": "25328476-00b6-4e5a-bda0-0dc11eaa6f85",
            "ticker": "KXHIGHDEN-25JAN02-T43",
            "count": 240,
            "created_time": "2025-01-02T05:13:02.563246Z",
            "yes_price": 5,
            "no_price": 95,
            "taker_side": "yes"
        },
        {
            "trade_id": "216b8e34-16e7-4390-8762-446ccd31cfff",
            "ticker": "KXHIGHDEN-25JAN02-T43",
            "count": 34,
            "created_time": "2025-01-02T05:13:02.563246Z",
            "yes_price": 6,
            "no_price": 94,
            "taker_side": "yes"
        },
        {
            "trade_id": "a0b463c0-27e7-4bfa-9c1c-09654c395e0a",
            "ticker": "KXHIGHDEN-25JAN02-T43",
            "count": 20,
            "created_time": "2025-01-02T01:24:25.531143Z",
            "yes_price": 3,
            "no_price": 97,
            "taker_side": "no"
        },
        {
            "trade_id": "33db5ecf-7888-4a32-baf7-530892878a1d",
            "ticker": "KXHIGHDEN-25JAN02-T43",
            "count": 6,
            "created_time": "2025-01-02T01:24:25.531143Z",
            "yes_price": 3,
            "no_price": 97,
            "taker_side": "no"
        },
        {
            "trade_id": "a53cbccd-6023-4561-b07a-a5ac8a377272",
            "ticker": "KXHIGHDEN-25JAN02-T43",
            "count": 5,
            "created_time": "2025-01-02T00:54:17.933323Z",
            "yes_price": 3,
            "no_price": 97,
            "taker_side": "no"
        },
        {
            "trade_id": "c4b1f4d6-757e-424f-b06d-50f184ec3443",
            "ticker": "KXHIGHDEN-25JAN02-T43",
            "count": 9,
            "created_time": "2025-01-02T00:54:17.704763Z",
            "yes_price": 3,
            "no_price": 97,
            "taker_side": "no"
        },
        {
            "trade_id": "952c914f-a4ee-4929-bd6a-1dc698394c5e",
            "ticker": "KXHIGHDEN-25JAN02-T43",
            "count": 13,
            "created_time": "2025-01-02T00:54:17.464995Z",
            "yes_price": 3,
            "no_price": 97,
            "taker_side": "no"
        },
        {
            "trade_id": "a13605f0-ef15-4b43-9434-952236423c99",
            "ticker": "KXHIGHDEN-25JAN02-T43",
            "count": 10,
            "created_time": "2025-01-02T00:30:00.689709Z",
            "yes_price": 1,
            "no_price": 99,
            "taker_side": "no"
        },
        {
            "trade_id": "740dfe9b-1ec9-493a-97e3-bb07ce302090",
            "ticker": "KXHIGHDEN-25JAN02-T43",
            "count": 5,
            "created_time": "2025-01-02T00:30:00.689709Z",
            "yes_price": 2,
            "no_price": 98,
            "taker_side": "no"
        },
        {
            "trade_id": "aad4d2ec-478c-4a1c-a61e-65a4bd145bb0",
            "ticker": "KXHIGHDEN-25JAN02-T43",
            "count": 2,
            "created_time": "2025-01-01T19:36:16.873197Z",
            "yes_price": 15,
            "no_price": 85,
            "taker_side": "yes"
        },
        {
            "trade_id": "9c303051-4070-482e-ac32-87730fc81f97",
            "ticker": "KXHIGHDEN-25JAN02-T43",
            "count": 3,
            "created_time": "2025-01-01T19:27:16.740778Z",
            "yes_price": 15,
            "no_price": 85,
            "taker_side": "no"
        },
        {
            "trade_id": "fbfe5b00-3f94-42f9-a29f-ab88b854fa94",
            "ticker": "KXHIGHDEN-25JAN02-T43",
            "count": 17,
            "created_time": "2025-01-01T19:27:16.664717Z",
            "yes_price": 15,
            "no_price": 85,
            "taker_side": "no"
        },
        {
            "trade_id": "4465e732-3122-4868-a3df-8446877e213e",
            "ticker": "KXHIGHDEN-25JAN02-T43",
            "count": 5,
            "created_time": "2025-01-01T19:27:16.525995Z",
            "yes_price": 15,
            "no_price": 85,
            "taker_side": "no"
        }
    ],
    "KXHIGHDEN-25JAN02-B43.5": [
        {
            "trade_id": "00bc9ff8-f05b-4c4c-8e1b-cb9bfaa6b400",
            "ticker": "KXHIGHDEN-25JAN02-B43.5",
            "count": 10,
            "created_time": "2025-01-02T20:31:41.271541Z",
            "yes_price": 1,
            "no_price": 99,
            "taker_side": "yes"
        },
        {
            "trade_id": "378fdd5e-6b5f-4adb-a732-e2efd6231666",
            "ticker": "KXHIGHDEN-25JAN02-B43.5",
            "count": 10,
            "created_time": "2025-01-02T17:37:16.403651Z",
            "yes_price": 1,
            "no_price": 99,
            "taker_side": "yes"
        },
        {
            "trade_id": "e4a14eaa-ca38-486e-821f-154de4ae1193",
            "ticker": "KXHIGHDEN-25JAN02-B43.5",
            "count": 10,
            "created_time": "2025-01-02T17:28:11.678126Z",
            "yes_price": 1,
            "no_price": 99,
            "taker_side": "yes"
        },
        {
            "trade_id": "8e82dae8-865f-4b24-917f-5c133623d10c",
            "ticker": "KXHIGHDEN-25JAN02-B43.5",
            "count": 73,
            "created_time": "2025-01-02T17:28:11.678126Z",
            "yes_price": 1,
            "no_price": 99,
            "taker_side": "yes"
        },
        {
            "trade_id": "2bec5e62-6f1e-4ff3-ba5d-b1e07cbaf879",
            "ticker": "KXHIGHDEN-25JAN02-B43.5",
            "count": 9,
            "created_time": "2025-01-02T17:28:11.678126Z",
            "yes_price": 1,
            "no_price": 99,
            "taker_side": "yes"
        },
        {
            "trade_id": "63a76f30-2e75-496a-b0e1-cf1385a4ae1c",
            "ticker": "KXHIGHDEN-25JAN02-B43.5",
            "count": 30,
            "created_time": "2025-01-02T17:20:21.090362Z",
            "yes_price": 1,
            "no_price": 99,
            "taker_side": "yes"
        },
        {
            "trade_id": "78bb79e3-675c-472c-a00c-aca5298a745a",
            "ticker": "KXHIGHDEN-25JAN02-B43.5",
            "count": 79,
            "created_time": "2025-01-02T17:10:47.871267Z",
            "yes_price": 1,
            "no_price": 99,
            "taker_side": "yes"
        },
        {
            "trade_id": "4f6afa83-f5d0-426b-a571-3d5837718a96",
            "ticker": "KXHIGHDEN-25JAN02-B43.5",
            "count": 40,
            "created_time": "2025-01-02T17:10:47.871267Z",
            "yes_price": 1,
            "no_price": 99,
            "taker_side": "yes"
        },
        {
            "trade_id": "024d02d3-dc36-45b2-8e04-f192198e54b1",
            "ticker": "KXHIGHDEN-25JAN02-B43.5",
            "count": 2,
            "created_time": "2025-01-02T16:04:12.580705Z",
            "yes_price": 1,
            "no_price": 99,
            "taker_side": "no"
        },
        {
            "trade_id": "f63605bc-c7de-4afc-b3ff-c87e9c0ac6a0",
            "ticker": "KXHIGHDEN-25JAN02-B43.5",
            "count": 3,
            "created_time": "2025-01-02T16:03:52.476816Z",
            "yes_price": 1,
            "no_price": 99,
            "taker_side": "no"
        },
        {
            "trade_id": "78f1b650-a83a-43ee-98ba-3015628c113d",
            "ticker": "KXHIGHDEN-25JAN02-B43.5",
            "count": 5,
            "created_time": "2025-01-02T16:03:42.872284Z",
            "yes_price": 1,
            "no_price": 99,
            "taker_side": "no"
        },
        {
            "trade_id": "95085810-bac6-42d1-b331-94facc414f27",
            "ticker": "KXHIGHDEN-25JAN02-B43.5",
            "count": 112,
            "created_time": "2025-01-02T15:38:00.660512Z",
            "yes_price": 4,
            "no_price": 96,
            "taker_side": "yes"
        },
        {
            "trade_id": "059252cc-5abf-4dd1-87df-fc999343c94a",
            "ticker": "KXHIGHDEN-25JAN02-B43.5",
            "count": 23,
            "created_time": "2025-01-02T15:10:10.679053Z",
            "yes_price": 1,
            "no_price": 99,
            "taker_side": "no"
        },
        {
            "trade_id": "e1b9a54b-0e25-43d0-8b1e-f2f687d51e15",
            "ticker": "KXHIGHDEN-25JAN02-B43.5",
            "count": 120,
            "created_time": "2025-01-02T14:03:01.058524Z",
            "yes_price": 1,
            "no_price": 99,
            "taker_side": "no"
        },
        {
            "trade_id": "de526743-5755-4ca7-acce-72348849305f",
            "ticker": "KXHIGHDEN-25JAN02-B43.5",
            "count": 66,
            "created_time": "2025-01-02T14:03:01.058524Z",
            "yes_price": 2,
            "no_price": 98,
            "taker_side": "no"
        },
        {
            "trade_id": "bce0f977-77d4-41f8-bdff-0a541b318357",
            "ticker": "KXHIGHDEN-25JAN02-B43.5",
            "count": 40,
            "created_time": "2025-01-02T14:03:01.058524Z",
            "yes_price": 2,
            "no_price": 98,
            "taker_side": "no"
        },
        {
            "trade_id": "a03ab7f5-a4ca-4da9-adb2-e5ed4c375045",
            "ticker": "KXHIGHDEN-25JAN02-B43.5",
            "count": 30,
            "created_time": "2025-01-02T14:03:01.058524Z",
            "yes_price": 2,
            "no_price": 98,
            "taker_side": "no"
        },
        {
            "trade_id": "17a36aaa-8eda-42e0-b730-c6d85d3f16ed",
            "ticker": "KXHIGHDEN-25JAN02-B43.5",
            "count": 136,
            "created_time": "2025-01-02T14:03:01.058524Z",
            "yes_price": 1,
            "no_price": 99,
            "taker_side": "no"
        },
        {
            "trade_id": "970c7fbb-6710-4918-b891-fdd1869fb868",
            "ticker": "KXHIGHDEN-25JAN02-B43.5",
            "count": 8,
            "created_time": "2025-01-02T13:33:48.937567Z",
            "yes_price": 2,
            "no_price": 98,
            "taker_side": "no"
        },
        {
            "trade_id": "b84250c4-51cc-4cf3-abad-78ba9729cc07",
            "ticker": "KXHIGHDEN-25JAN02-B43.5",
            "count": 20,
            "created_time": "2025-01-02T13:33:48.705184Z",
            "yes_price": 2,
            "no_price": 98,
            "taker_side": "no"
        },
        {
            "trade_id": "fb11825e-af0c-4829-8d00-ee63d4afae61",
            "ticker": "KXHIGHDEN-25JAN02-B43.5",
            "count": 17,
            "created_time": "2025-01-02T13:33:48.498766Z",
            "yes_price": 2,
            "no_price": 98,
            "taker_side": "no"
        },
        {
            "trade_id": "f9fe33ba-e34b-4934-a8f7-5bebc62ec102",
            "ticker": "KXHIGHDEN-25JAN02-B43.5",
            "count": 6,
            "created_time": "2025-01-02T13:33:48.498766Z",
            "yes_price": 2,
            "no_price": 98,
            "taker_side": "no"
        },
        {
            "trade_id": "1919830a-87ff-484e-b42b-7ed0bd59c0d0",
            "ticker": "KXHIGHDEN-25JAN02-B43.5",
            "count": 7,
            "created_time": "2025-01-02T13:23:25.458001Z",
            "yes_price": 2,
            "no_price": 98,
            "taker_side": "no"
        },
        {
            "trade_id": "21c60f27-87fa-48e2-8063-9d9075342256",
            "ticker": "KXHIGHDEN-25JAN02-B43.5",
            "count": 33,
            "created_time": "2025-01-02T13:20:48.037919Z",
            "yes_price": 3,
            "no_price": 97,
            "taker_side": "no"
        },
        {
            "trade_id": "2fdb2a6d-7fea-420c-862e-0355c8e3496e",
            "ticker": "KXHIGHDEN-25JAN02-B43.5",
            "count": 93,
            "created_time": "2025-01-02T13:17:36.683162Z",
            "yes_price": 5,
            "no_price": 95,
            "taker_side": "yes"
        },
        {
            "trade_id": "66476369-0123-4139-b439-bf383ed16280",
            "ticker": "KXHIGHDEN-25JAN02-B43.5",
            "count": 1,
            "created_time": "2025-01-02T07:48:56.275545Z",
            "yes_price": 4,
            "no_price": 96,
            "taker_side": "no"
        },
        {
            "trade_id": "3d5cedc4-4267-4a25-9b35-6e03349d084f",
            "ticker": "KXHIGHDEN-25JAN02-B43.5",
            "count": 2,
            "created_time": "2025-01-02T07:47:12.326819Z",
            "yes_price": 4,
            "no_price": 96,
            "taker_side": "no"
        },
        {
            "trade_id": "d97a3beb-ba7b-46de-b145-a725b115f1d2",
            "ticker": "KXHIGHDEN-25JAN02-B43.5",
            "count": 2,
            "created_time": "2025-01-02T07:46:47.195907Z",
            "yes_price": 4,
            "no_price": 96,
            "taker_side": "no"
        },
        {
            "trade_id": "8734eb2c-5d0d-46d0-a716-4dcfb0b5c1c3",
            "ticker": "KXHIGHDEN-25JAN02-B43.5",
            "count": 69,
            "created_time": "2025-01-02T07:18:15.16034Z",
            "yes_price": 5,
            "no_price": 95,
            "taker_side": "yes"
        },
        {
            "trade_id": "29ae6772-103e-4174-af9e-807dafc13116",
            "ticker": "KXHIGHDEN-25JAN02-B43.5",
            "count": 24,
            "created_time": "2025-01-02T07:18:15.16034Z",
            "yes_price": 5,
            "no_price": 95,
            "taker_side": "yes"
        },
        {
            "trade_id": "179657a4-9091-4583-a622-2681d6d42f53",
            "ticker": "KXHIGHDEN-25JAN02-B43.5",
            "count": 36,
            "created_time": "2025-01-02T07:15:20.328253Z",
            "yes_price": 5,
            "no_price": 95,
            "taker_side": "yes"
        },
        {
            "trade_id": "c83be2bf-fa3b-49c4-925d-8323bfb0d1fb",
            "ticker": "KXHIGHDEN-25JAN02-B43.5",
            "count": 2,
            "created_time": "2025-01-02T07:10:54.844168Z",
            "yes_price": 4,
            "no_price": 96,
            "taker_side": "no"
        },
        {
            "trade_id": "2019f589-31dd-43e4-851c-df67cdf16834",
            "ticker": "KXHIGHDEN-25JAN02-B43.5",
            "count": 40,
            "created_time": "2025-01-02T07:10:26.940513Z",
            "yes_price": 5,
            "no_price": 95,
            "taker_side": "yes"
        },
        {
            "trade_id": "512d054b-ed92-4461-aeb5-f20b599204cb",
            "ticker": "KXHIGHDEN-25JAN02-B43.5",
            "count": 10,
            "created_time": "2025-01-02T06:33:30.271801Z",
            "yes_price": 4,
            "no_price": 96,
            "taker_side": "no"
        },
        {
            "trade_id": "ce6d44db-c1bd-4150-b359-54ddf0aa1261",
            "ticker": "KXHIGHDEN-25JAN02-B43.5",
            "count": 2,
            "created_time": "2025-01-02T06:33:18.580038Z",
            "yes_price": 4,
            "no_price": 96,
            "taker_side": "no"
        },
        {
            "trade_id": "62e78df2-cbb7-4729-b431-73d1de99cf05",
            "ticker": "KXHIGHDEN-25JAN02-B43.5",
            "count": 1,
            "created_time": "2025-01-02T06:10:26.802731Z",
            "yes_price": 4,
            "no_price": 96,
            "taker_side": "no"
        },
        {
            "trade_id": "9966f459-fef4-41f0-a69f-d366ce9bd60c",
            "ticker": "KXHIGHDEN-25JAN02-B43.5",
            "count": 10,
            "created_time": "2025-01-02T06:09:59.172881Z",
            "yes_price": 4,
            "no_price": 96,
            "taker_side": "no"
        },
        {
            "trade_id": "4e147b51-9d28-4f0f-81b5-8ea97a4fa269",
            "ticker": "KXHIGHDEN-25JAN02-B43.5",
            "count": 10,
            "created_time": "2025-01-02T02:24:18.187591Z",
            "yes_price": 18,
            "no_price": 82,
            "taker_side": "yes"
        },
        {
            "trade_id": "8b6e4f90-4409-496f-88d4-b145cb2d63df",
            "ticker": "KXHIGHDEN-25JAN02-B43.5",
            "count": 10,
            "created_time": "2025-01-02T02:04:20.203649Z",
            "yes_price": 7,
            "no_price": 93,
            "taker_side": "no"
        },
        {
            "trade_id": "d85d4026-d04c-471e-959d-2238f53b3088",
            "ticker": "KXHIGHDEN-25JAN02-B43.5",
            "count": 17,
            "created_time": "2025-01-02T01:57:32.672875Z",
            "yes_price": 5,
            "no_price": 95,
            "taker_side": "no"
        },
        {
            "trade_id": "8101b408-2dba-49fd-b0a4-6485e2e111e3",
            "ticker": "KXHIGHDEN-25JAN02-B43.5",
            "count": 20,
            "created_time": "2025-01-02T01:57:32.672875Z",
            "yes_price": 5,
            "no_price": 95,
            "taker_side": "no"
        },
        {
            "trade_id": "1309575c-4000-43cc-9c15-e2042b25c385",
            "ticker": "KXHIGHDEN-25JAN02-B43.5",
            "count": 17,
            "created_time": "2025-01-02T01:57:32.672875Z",
            "yes_price": 6,
            "no_price": 94,
            "taker_side": "no"
        },
        {
            "trade_id": "0625c9cd-cb48-4b86-b470-912884a00ad8",
            "ticker": "KXHIGHDEN-25JAN02-B43.5",
            "count": 9,
            "created_time": "2025-01-02T01:57:32.672875Z",
            "yes_price": 7,
            "no_price": 93,
            "taker_side": "no"
        },
        {
            "trade_id": "b6024371-19e8-4de9-9e91-74d15692b1f0",
            "ticker": "KXHIGHDEN-25JAN02-B43.5",
            "count": 9,
            "created_time": "2025-01-02T01:47:32.978069Z",
            "yes_price": 13,
            "no_price": 87,
            "taker_side": "no"
        },
        {
            "trade_id": "77e091a3-4984-4f10-9ca3-512c9cd87a32",
            "ticker": "KXHIGHDEN-25JAN02-B43.5",
            "count": 47,
            "created_time": "2025-01-02T01:47:32.978069Z",
            "yes_price": 12,
            "no_price": 88,
            "taker_side": "no"
        },
        {
            "trade_id": "5cc081b2-bbc2-4bbf-9394-858833811b3b",
            "ticker": "KXHIGHDEN-25JAN02-B43.5",
            "count": 26,
            "created_time": "2025-01-02T01:24:25.501127Z",
            "yes_price": 12,
            "no_price": 88,
            "taker_side": "no"
        },
        {
            "trade_id": "97b00e0d-f36c-4558-acd8-b4f2c9114d07",
            "ticker": "KXHIGHDEN-25JAN02-B43.5",
            "count": 3,
            "created_time": "2025-01-02T00:54:17.933736Z",
            "yes_price": 12,
            "no_price": 88,
            "taker_side": "no"
        },
        {
            "trade_id": "26f54f46-1d5b-459c-8392-7cadd6702f35",
            "ticker": "KXHIGHDEN-25JAN02-B43.5",
            "count": 2,
            "created_time": "2025-01-02T00:54:17.933736Z",
            "yes_price": 12,
            "no_price": 88,
            "taker_side": "no"
        },
        {
            "trade_id": "65eb76f3-2a76-496b-86b2-684eef8990eb",
            "ticker": "KXHIGHDEN-25JAN02-B43.5",
            "count": 9,
            "created_time": "2025-01-02T00:54:17.688581Z",
            "yes_price": 12,
            "no_price": 88,
            "taker_side": "no"
        },
        {
            "trade_id": "cf2bc327-3e27-4605-a9dc-62c7f73fc42a",
            "ticker": "KXHIGHDEN-25JAN02-B43.5",
            "count": 13,
            "created_time": "2025-01-02T00:54:17.480442Z",
            "yes_price": 12,
            "no_price": 88,
            "taker_side": "no"
        },
        {
            "trade_id": "8a8657a6-0b90-403a-804b-bb945e356c7d",
            "ticker": "KXHIGHDEN-25JAN02-B43.5",
            "count": 15,
            "created_time": "2025-01-02T00:30:00.681885Z",
            "yes_price": 12,
            "no_price": 88,
            "taker_side": "no"
        },
        {
            "trade_id": "98ef83bc-45ce-4d14-9ebf-a9e95fbaad42",
            "ticker": "KXHIGHDEN-25JAN02-B43.5",
            "count": 5,
            "created_time": "2025-01-01T22:55:39.557557Z",
            "yes_price": 13,
            "no_price": 87,
            "taker_side": "no"
        },
        {
            "trade_id": "00d47bd9-1954-492e-9f02-d79dd00839be",
            "ticker": "KXHIGHDEN-25JAN02-B43.5",
            "count": 51,
            "created_time": "2025-01-01T22:55:39.557557Z",
            "yes_price": 12,
            "no_price": 88,
            "taker_side": "no"
        },
        {
            "trade_id": "de1e2e0f-a67b-4045-bf92-47b434ca0bb9",
            "ticker": "KXHIGHDEN-25JAN02-B43.5",
            "count": 5,
            "created_time": "2025-01-01T22:46:18.310765Z",
            "yes_price": 13,
            "no_price": 87,
            "taker_side": "no"
        },
        {
            "trade_id": "17158099-e028-41a2-940d-1563ef499d00",
            "ticker": "KXHIGHDEN-25JAN02-B43.5",
            "count": 51,
            "created_time": "2025-01-01T22:46:18.310765Z",
            "yes_price": 12,
            "no_price": 88,
            "taker_side": "no"
        },
        {
            "trade_id": "d84a8944-a230-4b85-a71a-fcdf09f40cb4",
            "ticker": "KXHIGHDEN-25JAN02-B43.5",
            "count": 5,
            "created_time": "2025-01-01T21:40:12.91942Z",
            "yes_price": 15,
            "no_price": 85,
            "taker_side": "yes"
        },
        {
            "trade_id": "eda9ce04-39b8-4f27-98ae-35937490c4d0",
            "ticker": "KXHIGHDEN-25JAN02-B43.5",
            "count": 10,
            "created_time": "2025-01-01T19:37:19.253189Z",
            "yes_price": 12,
            "no_price": 88,
            "taker_side": "no"
        },
        {
            "trade_id": "58590589-baa4-40c3-97f8-0c39908bb68c",
            "ticker": "KXHIGHDEN-25JAN02-B43.5",
            "count": 17,
            "created_time": "2025-01-01T19:27:16.679465Z",
            "yes_price": 14,
            "no_price": 86,
            "taker_side": "no"
        },
        {
            "trade_id": "2da1c719-9d16-413f-a6ac-ea7f81aaff00",
            "ticker": "KXHIGHDEN-25JAN02-B43.5",
            "count": 5,
            "created_time": "2025-01-01T19:27:16.517851Z",
            "yes_price": 15,
            "no_price": 85,
            "taker_side": "no"
        },
        {
            "trade_id": "656fff87-1318-4b08-8771-b851f76c3873",
            "ticker": "KXHIGHDEN-25JAN02-B43.5",
            "count": 17,
            "created_time": "2025-01-01T18:37:27.919296Z",
            "yes_price": 45,
            "no_price": 55,
            "taker_side": "yes"
        },
        {
            "trade_id": "4cbc1127-eab6-4fce-839c-8adbb4613b19",
            "ticker": "KXHIGHDEN-25JAN02-B43.5",
            "count": 6,
            "created_time": "2025-01-01T18:37:27.919296Z",
            "yes_price": 26,
            "no_price": 74,
            "taker_side": "yes"
        }
    ],
    "KXHIGHDEN-25JAN02-B45.5": [
        {
            "trade_id": "406c3465-69b6-41b9-b82b-d4b6fef6388e",
            "ticker": "KXHIGHDEN-25JAN02-B45.5",
            "count": 134,
            "created_time": "2025-01-03T02:44:49.974801Z",
            "yes_price": 1,
            "no_price": 99,
            "taker_side": "yes"
        },
        {
            "trade_id": "cbb9fc46-dec7-4c8b-9b88-404424b043f5",
            "ticker": "KXHIGHDEN-25JAN02-B45.5",
            "count": 108,
            "created_time": "2025-01-02T19:43:09.407242Z",
            "yes_price": 1,
            "no_price": 99,
            "taker_side": "yes"
        },
        {
            "trade_id": "c93084fc-f534-4b33-b734-215ba3ba6a83",
            "ticker": "KXHIGHDEN-25JAN02-B45.5",
            "count": 20,
            "created_time": "2025-01-02T18:20:17.405927Z",
            "yes_price": 1,
            "no_price": 99,
            "taker_side": "yes"
        },
        {
            "trade_id": "041b99f1-74ed-42bb-b3a1-54e6f6803e1b",
            "ticker": "KXHIGHDEN-25JAN02-B45.5",
            "count": 25,
            "created_time": "2025-01-02T18:15:19.247731Z",
            "yes_price": 1,
            "no_price": 99,
            "taker_side": "yes"
        },
        {
            "trade_id": "d466da56-a6b2-450e-aa1c-c1c28bad66a8",
            "ticker": "KXHIGHDEN-25JAN02-B45.5",
            "count": 36,
            "created_time": "2025-01-02T18:10:13.14968Z",
            "yes_price": 1,
            "no_price": 99,
            "taker_side": "yes"
        },
        {
            "trade_id": "23b7e4a0-03ea-4ed3-98c3-396111023574",
            "ticker": "KXHIGHDEN-25JAN02-B45.5",
            "count": 200,
            "created_time": "2025-01-02T18:09:31.914302Z",
            "yes_price": 1,
            "no_price": 99,
            "taker_side": "yes"
        },
        {
            "trade_id": "5fbbf549-7815-4a0a-ae29-f05a94a34a47",
            "ticker": "KXHIGHDEN-25JAN02-B45.5",
            "count": 93,
            "created_time": "2025-01-02T18:03:12.963875Z",
            "yes_price": 1,
            "no_price": 99,
            "taker_side": "yes"
        },
        {
            "trade_id": "e205bb62-e18a-44e1-831e-60bf06cf5fb6",
            "ticker": "KXHIGHDEN-25JAN02-B45.5",
            "count": 2500,
            "created_time": "2025-01-02T18:01:51.395344Z",
            "yes_price": 1,
            "no_price": 99,
            "taker_side": "yes"
        },
        {
            "trade_id": "9b5a93b7-547d-45d0-aa46-3e4e7dc1be63",
            "ticker": "KXHIGHDEN-25JAN02-B45.5",
            "count": 34,
            "created_time": "2025-01-02T18:00:17.64515Z",
            "yes_price": 1,
            "no_price": 99,
            "taker_side": "yes"
        },
        {
            "trade_id": "42110794-a2de-4e10-82c6-7cc01cd76864",
            "ticker": "KXHIGHDEN-25JAN02-B45.5",
            "count": 22,
            "created_time": "2025-01-02T17:58:11.236275Z",
            "yes_price": 1,
            "no_price": 99,
            "taker_side": "no"
        },
        {
            "trade_id": "69e955ac-6470-40f5-b592-5092fe54025b",
            "ticker": "KXHIGHDEN-25JAN02-B45.5",
            "count": 18,
            "created_time": "2025-01-02T17:54:00.133012Z",
            "yes_price": 1,
            "no_price": 99,
            "taker_side": "no"
        },
        {
            "trade_id": "2ec4f4f3-95a1-4fe4-b961-f1ad81a52313",
            "ticker": "KXHIGHDEN-25JAN02-B45.5",
            "count": 134,
            "created_time": "2025-01-02T17:31:08.472043Z",
            "yes_price": 2,
            "no_price": 98,
            "taker_side": "no"
        },
        {
            "trade_id": "89cab307-8ad2-4b9f-9c70-81961f5572a9",
            "ticker": "KXHIGHDEN-25JAN02-B45.5",
            "count": 12,
            "created_time": "2025-01-02T17:29:59.802734Z",
            "yes_price": 3,
            "no_price": 97,
            "taker_side": "no"
        },
        {
            "trade_id": "19e2e315-a718-4044-ba60-cfd163851671",
            "ticker": "KXHIGHDEN-25JAN02-B45.5",
            "count": 88,
            "created_time": "2025-01-02T17:29:59.802734Z",
            "yes_price": 2,
            "no_price": 98,
            "taker_side": "no"
        },
        {
            "trade_id": "b45e1cf2-420e-4582-ac5a-7ab2ed5e27ca",
            "ticker": "KXHIGHDEN-25JAN02-B45.5",
            "count": 100,
            "created_time": "2025-01-02T17:22:42.482836Z",
            "yes_price": 1,
            "no_price": 99,
            "taker_side": "no"
        },
        {
            "trade_id": "7f1cadf5-28e2-42b9-a840-110971ab6954",
            "ticker": "KXHIGHDEN-25JAN02-B45.5",
            "count": 73,
            "created_time": "2025-01-02T17:22:42.482836Z",
            "yes_price": 2,
            "no_price": 98,
            "taker_side": "no"
        },
        {
            "trade_id": "3c356f61-1d06-4103-9718-14a61c871d70",
            "ticker": "KXHIGHDEN-25JAN02-B45.5",
            "count": 40,
            "created_time": "2025-01-02T17:22:42.482836Z",
            "yes_price": 3,
            "no_price": 97,
            "taker_side": "no"
        },
        {
            "trade_id": "0ce3d32e-b854-42e1-8d33-2399ac834686",
            "ticker": "KXHIGHDEN-25JAN02-B45.5",
            "count": 120,
            "created_time": "2025-01-02T17:22:42.482836Z",
            "yes_price": 1,
            "no_price": 99,
            "taker_side": "no"
        },
        {
            "trade_id": "07476cba-a41a-423b-b5b5-9fc4f2c481c0",
            "ticker": "KXHIGHDEN-25JAN02-B45.5",
            "count": 32,
            "created_time": "2025-01-02T17:22:42.482836Z",
            "yes_price": 3,
            "no_price": 97,
            "taker_side": "no"
        },
        {
            "trade_id": "cbbd6907-ce6e-4cf9-a516-efd2202e662a",
            "ticker": "KXHIGHDEN-25JAN02-B45.5",
            "count": 12,
            "created_time": "2025-01-02T17:09:29.581155Z",
            "yes_price": 6,
            "no_price": 94,
            "taker_side": "yes"
        },
        {
            "trade_id": "97931f6b-6097-4fb9-9c07-cb7906ff1965",
            "ticker": "KXHIGHDEN-25JAN02-B45.5",
            "count": 1,
            "created_time": "2025-01-02T17:09:29.581155Z",
            "yes_price": 7,
            "no_price": 93,
            "taker_side": "yes"
        },
        {
            "trade_id": "75cdbe46-da67-4c86-b7f9-0dfaf39048ff",
            "ticker": "KXHIGHDEN-25JAN02-B45.5",
            "count": 1,
            "created_time": "2025-01-02T17:09:29.581155Z",
            "yes_price": 8,
            "no_price": 92,
            "taker_side": "yes"
        },
        {
            "trade_id": "aea29d5c-db29-408d-9865-2b14cd28cf52",
            "ticker": "KXHIGHDEN-25JAN02-B45.5",
            "count": 42,
            "created_time": "2025-01-02T16:58:50.148535Z",
            "yes_price": 4,
            "no_price": 96,
            "taker_side": "no"
        },
        {
            "trade_id": "7edb2f6c-4c5a-4ff2-a7ac-9071b07710d3",
            "ticker": "KXHIGHDEN-25JAN02-B45.5",
            "count": 14,
            "created_time": "2025-01-02T16:58:50.148535Z",
            "yes_price": 4,
            "no_price": 96,
            "taker_side": "no"
        },
        {
            "trade_id": "667f18d7-b1d6-452b-8f52-3673b63689ed",
            "ticker": "KXHIGHDEN-25JAN02-B45.5",
            "count": 37,
            "created_time": "2025-01-02T16:58:50.148535Z",
            "yes_price": 4,
            "no_price": 96,
            "taker_side": "no"
        },
        {
            "trade_id": "aa18c5fb-1cba-4ba5-b35b-4f44fc4bf30b",
            "ticker": "KXHIGHDEN-25JAN02-B45.5",
            "count": 8,
            "created_time": "2025-01-02T16:47:56.768649Z",
            "yes_price": 4,
            "no_price": 96,
            "taker_side": "no"
        },
        {
            "trade_id": "6f21c6fd-b526-438d-9952-a1657016a274",
            "ticker": "KXHIGHDEN-25JAN02-B45.5",
            "count": 10,
            "created_time": "2025-01-02T16:47:56.557468Z",
            "yes_price": 4,
            "no_price": 96,
            "taker_side": "no"
        },
        {
            "trade_id": "c7f99a45-1eb3-4ead-b1ed-8d14cc394819",
            "ticker": "KXHIGHDEN-25JAN02-B45.5",
            "count": 40,
            "created_time": "2025-01-02T16:46:41.522969Z",
            "yes_price": 4,
            "no_price": 96,
            "taker_side": "no"
        },
        {
            "trade_id": "e09df5d2-3e28-4f35-b408-ce5fea587c50",
            "ticker": "KXHIGHDEN-25JAN02-B45.5",
            "count": 23,
            "created_time": "2025-01-02T16:38:14.220286Z",
            "yes_price": 5,
            "no_price": 95,
            "taker_side": "no"
        },
        {
            "trade_id": "60eadb07-7e82-48b0-960c-7d4ac5f37e8f",
            "ticker": "KXHIGHDEN-25JAN02-B45.5",
            "count": 27,
            "created_time": "2025-01-02T16:38:14.220286Z",
            "yes_price": 5,
            "no_price": 95,
            "taker_side": "no"
        },
        {
            "trade_id": "7e50886b-5138-4295-bd33-10a85ea6733a",
            "ticker": "KXHIGHDEN-25JAN02-B45.5",
            "count": 23,
            "created_time": "2025-01-02T16:36:06.387757Z",
            "yes_price": 5,
            "no_price": 95,
            "taker_side": "no"
        },
        {
            "trade_id": "3a43b4bf-fe8d-47ca-bac4-cdc203fc7944",
            "ticker": "KXHIGHDEN-25JAN02-B45.5",
            "count": 30,
            "created_time": "2025-01-02T16:34:07.496844Z",
            "yes_price": 6,
            "no_price": 94,
            "taker_side": "no"
        },
        {
            "trade_id": "e7cfcaf2-43d0-4c8b-abee-1ef822474617",
            "ticker": "KXHIGHDEN-25JAN02-B45.5",
            "count": 48,
            "created_time": "2025-01-02T16:30:22.206084Z",
            "yes_price": 7,
            "no_price": 93,
            "taker_side": "no"
        },
        {
            "trade_id": "74e2c8c3-15e6-4113-9b52-445847b75ecd",
            "ticker": "KXHIGHDEN-25JAN02-B45.5",
            "count": 30,
            "created_time": "2025-01-02T16:30:22.206084Z",
            "yes_price": 7,
            "no_price": 93,
            "taker_side": "no"
        },
        {
            "trade_id": "9c934a2c-29de-4e65-8594-a6057c6fc04c",
            "ticker": "KXHIGHDEN-25JAN02-B45.5",
            "count": 100,
            "created_time": "2025-01-02T16:03:21.751602Z",
            "yes_price": 7,
            "no_price": 93,
            "taker_side": "no"
        },
        {
            "trade_id": "833cd21a-5f8f-417c-b7cd-92c76c16779a",
            "ticker": "KXHIGHDEN-25JAN02-B45.5",
            "count": 68,
            "created_time": "2025-01-02T16:03:21.751602Z",
            "yes_price": 8,
            "no_price": 92,
            "taker_side": "no"
        },
        {
            "trade_id": "f1889128-f115-4996-a74f-5f88a84b85d5",
            "ticker": "KXHIGHDEN-25JAN02-B45.5",
            "count": 4,
            "created_time": "2025-01-02T15:55:10.936041Z",
            "yes_price": 8,
            "no_price": 92,
            "taker_side": "yes"
        },
        {
            "trade_id": "e35b922e-5e3d-41fc-8b11-591a3b2480e3",
            "ticker": "KXHIGHDEN-25JAN02-B45.5",
            "count": 1,
            "created_time": "2025-01-02T15:55:10.936041Z",
            "yes_price": 8,
            "no_price": 92,
            "taker_side": "yes"
        },
        {
            "trade_id": "9bdfa5f3-d3bf-45b2-b9ca-1bd309dfbee6",
            "ticker": "KXHIGHDEN-25JAN02-B45.5",
            "count": 1,
            "created_time": "2025-01-02T15:55:10.936041Z",
            "yes_price": 8,
            "no_price": 92,
            "taker_side": "yes"
        },
        {
            "trade_id": "32ed8dac-d8a3-451e-82cc-3f417476d319",
            "ticker": "KXHIGHDEN-25JAN02-B45.5",
            "count": 46,
            "created_time": "2025-01-02T15:55:10.936041Z",
            "yes_price": 9,
            "no_price": 91,
            "taker_side": "yes"
        },
        {
            "trade_id": "ccf70317-de2c-4a84-a58b-811060030538",
            "ticker": "KXHIGHDEN-25JAN02-B45.5",
            "count": 10,
            "created_time": "2025-01-02T15:38:51.253815Z",
            "yes_price": 5,
            "no_price": 95,
            "taker_side": "no"
        },
        {
            "trade_id": "e436c51f-b437-47f7-9a3d-a78b39115b44",
            "ticker": "KXHIGHDEN-25JAN02-B45.5",
            "count": 71,
            "created_time": "2025-01-02T15:38:12.685187Z",
            "yes_price": 8,
            "no_price": 92,
            "taker_side": "no"
        },
        {
            "trade_id": "121830a5-971b-4844-a9f5-8c8eb9d8026b",
            "ticker": "KXHIGHDEN-25JAN02-B45.5",
            "count": 37,
            "created_time": "2025-01-02T15:38:12.685187Z",
            "yes_price": 8,
            "no_price": 92,
            "taker_side": "no"
        },
        {
            "trade_id": "a78e1cdc-6903-49c1-8274-043be5353014",
            "ticker": "KXHIGHDEN-25JAN02-B45.5",
            "count": 1,
            "created_time": "2025-01-02T15:23:52.502676Z",
            "yes_price": 9,
            "no_price": 91,
            "taker_side": "no"
        },
        {
            "trade_id": "3b50289f-2438-439d-b615-07563587c79d",
            "ticker": "KXHIGHDEN-25JAN02-B45.5",
            "count": 1,
            "created_time": "2025-01-02T15:08:38.745706Z",
            "yes_price": 9,
            "no_price": 91,
            "taker_side": "no"
        },
        {
            "trade_id": "fd277b81-7751-414e-8ebc-1996f96163a6",
            "ticker": "KXHIGHDEN-25JAN02-B45.5",
            "count": 78,
            "created_time": "2025-01-02T14:57:20.114666Z",
            "yes_price": 12,
            "no_price": 88,
            "taker_side": "yes"
        },
        {
            "trade_id": "985eef9c-de01-4049-abde-84fe941484a9",
            "ticker": "KXHIGHDEN-25JAN02-B45.5",
            "count": 1,
            "created_time": "2025-01-02T14:53:25.850655Z",
            "yes_price": 9,
            "no_price": 91,
            "taker_side": "no"
        },
        {
            "trade_id": "30910a00-dffd-40fa-a43f-bac3a2398a7d",
            "ticker": "KXHIGHDEN-25JAN02-B45.5",
            "count": 14,
            "created_time": "2025-01-02T14:43:15.251431Z",
            "yes_price": 9,
            "no_price": 91,
            "taker_side": "no"
        },
        {
            "trade_id": "96a1a5d4-347f-4f00-baa0-30a47107d10a",
            "ticker": "KXHIGHDEN-25JAN02-B45.5",
            "count": 1,
            "created_time": "2025-01-02T14:38:13.726553Z",
            "yes_price": 9,
            "no_price": 91,
            "taker_side": "no"
        },
        {
            "trade_id": "9cabf464-1026-4bfc-8db6-94df15276a22",
            "ticker": "KXHIGHDEN-25JAN02-B45.5",
            "count": 1,
            "created_time": "2025-01-02T14:23:00.935177Z",
            "yes_price": 9,
            "no_price": 91,
            "taker_side": "no"
        },
        {
            "trade_id": "f1908782-ea17-4c22-9872-6bfebec08331",
            "ticker": "KXHIGHDEN-25JAN02-B45.5",
            "count": 58,
            "created_time": "2025-01-02T14:21:23.645198Z",
            "yes_price": 11,
            "no_price": 89,
            "taker_side": "yes"
        },
        {
            "trade_id": "35cd77a9-5502-4382-a06c-e5ac85ce177a",
            "ticker": "KXHIGHDEN-25JAN02-B45.5",
            "count": 9,
            "created_time": "2025-01-02T14:21:23.645198Z",
            "yes_price": 11,
            "no_price": 89,
            "taker_side": "yes"
        },
        {
            "trade_id": "1f288869-7d54-41fa-9c4f-a06f013c5e9f",
            "ticker": "KXHIGHDEN-25JAN02-B45.5",
            "count": 18,
            "created_time": "2025-01-02T14:21:23.645198Z",
            "yes_price": 11,
            "no_price": 89,
            "taker_side": "yes"
        },
        {
            "trade_id": "b21e048e-0c8a-40ef-938b-a3a4d670845a",
            "ticker": "KXHIGHDEN-25JAN02-B45.5",
            "count": 1,
            "created_time": "2025-01-02T14:07:46.296794Z",
            "yes_price": 9,
            "no_price": 91,
            "taker_side": "no"
        },
        {
            "trade_id": "eebca79e-82fd-4bc4-a0c9-84567e0e5512",
            "ticker": "KXHIGHDEN-25JAN02-B45.5",
            "count": 155,
            "created_time": "2025-01-02T14:02:51.12113Z",
            "yes_price": 9,
            "no_price": 91,
            "taker_side": "no"
        },
        {
            "trade_id": "9cea5ff9-dba8-4011-83dc-716c6bac0747",
            "ticker": "KXHIGHDEN-25JAN02-B45.5",
            "count": 2,
            "created_time": "2025-01-02T14:02:51.12113Z",
            "yes_price": 10,
            "no_price": 90,
            "taker_side": "no"
        },
        {
            "trade_id": "272ab8ad-4ebb-4186-9fe4-76dde8e69c6c",
            "ticker": "KXHIGHDEN-25JAN02-B45.5",
            "count": 61,
            "created_time": "2025-01-02T14:02:51.12113Z",
            "yes_price": 9,
            "no_price": 91,
            "taker_side": "no"
        },
        {
            "trade_id": "cec7ade7-c7be-4386-a9aa-9bc8d6f36c70",
            "ticker": "KXHIGHDEN-25JAN02-B45.5",
            "count": 1,
            "created_time": "2025-01-02T13:53:42.988172Z",
            "yes_price": 11,
            "no_price": 89,
            "taker_side": "no"
        },
        {
            "trade_id": "39097d29-b253-4789-8b1d-d08004d7d2e9",
            "ticker": "KXHIGHDEN-25JAN02-B45.5",
            "count": 1,
            "created_time": "2025-01-02T13:52:52.703262Z",
            "yes_price": 11,
            "no_price": 89,
            "taker_side": "no"
        },
        {
            "trade_id": "f6f9556b-68a1-49c2-8793-b50ee32123bb",
            "ticker": "KXHIGHDEN-25JAN02-B45.5",
            "count": 1,
            "created_time": "2025-01-02T13:52:32.046095Z",
            "yes_price": 11,
            "no_price": 89,
            "taker_side": "no"
        },
        {
            "trade_id": "8617b7ca-5560-4120-8600-c81ddee9710f",
            "ticker": "KXHIGHDEN-25JAN02-B45.5",
            "count": 4,
            "created_time": "2025-01-02T13:52:05.751753Z",
            "yes_price": 11,
            "no_price": 89,
            "taker_side": "no"
        },
        {
            "trade_id": "09df5d79-4b12-4070-b43c-5267fec7fdfa",
            "ticker": "KXHIGHDEN-25JAN02-B45.5",
            "count": 1,
            "created_time": "2025-01-02T13:37:19.109067Z",
            "yes_price": 10,
            "no_price": 90,
            "taker_side": "no"
        },
        {
            "trade_id": "fef2bb7f-0f54-4999-bdee-a8672b0bceb1",
            "ticker": "KXHIGHDEN-25JAN02-B45.5",
            "count": 8,
            "created_time": "2025-01-02T13:33:48.937988Z",
            "yes_price": 9,
            "no_price": 91,
            "taker_side": "no"
        },
        {
            "trade_id": "e0cf506a-8b5d-4d92-a5a9-907d47765d07",
            "ticker": "KXHIGHDEN-25JAN02-B45.5",
            "count": 20,
            "created_time": "2025-01-02T13:33:48.695307Z",
            "yes_price": 9,
            "no_price": 91,
            "taker_side": "no"
        },
        {
            "trade_id": "22ca149b-2f49-4783-8f48-19ce257b06b2",
            "ticker": "KXHIGHDEN-25JAN02-B45.5",
            "count": 23,
            "created_time": "2025-01-02T13:33:48.530685Z",
            "yes_price": 9,
            "no_price": 91,
            "taker_side": "no"
        },
        {
            "trade_id": "e4484f17-a3b6-4fce-b59c-860c3e4ae673",
            "ticker": "KXHIGHDEN-25JAN02-B45.5",
            "count": 1,
            "created_time": "2025-01-02T13:25:07.425619Z",
            "yes_price": 9,
            "no_price": 91,
            "taker_side": "no"
        },
        {
            "trade_id": "1356d2e2-9be3-4049-ad1d-aea41e2f7cab",
            "ticker": "KXHIGHDEN-25JAN02-B45.5",
            "count": 8,
            "created_time": "2025-01-02T13:22:37.994214Z",
            "yes_price": 9,
            "no_price": 91,
            "taker_side": "no"
        },
        {
            "trade_id": "3603b32c-3506-49d1-ab5e-221e2dc7b044",
            "ticker": "KXHIGHDEN-25JAN02-B45.5",
            "count": 1,
            "created_time": "2025-01-02T13:22:06.547528Z",
            "yes_price": 9,
            "no_price": 91,
            "taker_side": "no"
        },
        {
            "trade_id": "ad4b7176-2315-4302-8be3-22ec9bfabe8f",
            "ticker": "KXHIGHDEN-25JAN02-B45.5",
            "count": 1,
            "created_time": "2025-01-02T13:19:08.591928Z",
            "yes_price": 9,
            "no_price": 91,
            "taker_side": "no"
        },
        {
            "trade_id": "62434c06-3339-477f-b896-8092354ae58e",
            "ticker": "KXHIGHDEN-25JAN02-B45.5",
            "count": 1,
            "created_time": "2025-01-02T13:18:59.898093Z",
            "yes_price": 9,
            "no_price": 91,
            "taker_side": "no"
        },
        {
            "trade_id": "1361d510-296c-43e9-85e2-0619fe0eb044",
            "ticker": "KXHIGHDEN-25JAN02-B45.5",
            "count": 2,
            "created_time": "2025-01-02T13:11:07.114771Z",
            "yes_price": 10,
            "no_price": 90,
            "taker_side": "yes"
        },
        {
            "trade_id": "4ce3f91e-73ca-41da-aa38-5b23ed8ccbf4",
            "ticker": "KXHIGHDEN-25JAN02-B45.5",
            "count": 50,
            "created_time": "2025-01-02T13:10:48.13504Z",
            "yes_price": 9,
            "no_price": 91,
            "taker_side": "no"
        },
        {
            "trade_id": "a6371865-aeb9-4922-b04a-683154f0df23",
            "ticker": "KXHIGHDEN-25JAN02-B45.5",
            "count": 1,
            "created_time": "2025-01-02T13:06:53.342569Z",
            "yes_price": 9,
            "no_price": 91,
            "taker_side": "no"
        },
        {
            "trade_id": "46840740-7415-40e0-89a0-b1e1a301755a",
            "ticker": "KXHIGHDEN-25JAN02-B45.5",
            "count": 30,
            "created_time": "2025-01-02T13:03:08.673898Z",
            "yes_price": 9,
            "no_price": 91,
            "taker_side": "no"
        },
        {
            "trade_id": "75ce2703-a367-46f0-9173-4c77b83b994d",
            "ticker": "KXHIGHDEN-25JAN02-B45.5",
            "count": 1,
            "created_time": "2025-01-02T07:46:27.329741Z",
            "yes_price": 9,
            "no_price": 91,
            "taker_side": "no"
        },
        {
            "trade_id": "847960ca-9352-4d1b-824d-5f8c3910506f",
            "ticker": "KXHIGHDEN-25JAN02-B45.5",
            "count": 1,
            "created_time": "2025-01-02T07:31:14.191905Z",
            "yes_price": 10,
            "no_price": 90,
            "taker_side": "no"
        },
        {
            "trade_id": "a7121417-5f86-4a30-bbad-497801ffd857",
            "ticker": "KXHIGHDEN-25JAN02-B45.5",
            "count": 1,
            "created_time": "2025-01-02T07:16:01.179017Z",
            "yes_price": 10,
            "no_price": 90,
            "taker_side": "no"
        },
        {
            "trade_id": "519fd1f6-8f48-4fa7-949b-75295122b364",
            "ticker": "KXHIGHDEN-25JAN02-B45.5",
            "count": 100,
            "created_time": "2025-01-02T07:12:24.285992Z",
            "yes_price": 13,
            "no_price": 87,
            "taker_side": "yes"
        },
        {
            "trade_id": "ac94e987-8a00-4be2-9eb9-7dce8d24a74e",
            "ticker": "KXHIGHDEN-25JAN02-B45.5",
            "count": 33,
            "created_time": "2025-01-02T06:47:24.359104Z",
            "yes_price": 14,
            "no_price": 86,
            "taker_side": "yes"
        },
        {
            "trade_id": "553ae040-1074-4049-a77d-e1c532e549f6",
            "ticker": "KXHIGHDEN-25JAN02-B45.5",
            "count": 2,
            "created_time": "2025-01-02T06:33:26.592525Z",
            "yes_price": 11,
            "no_price": 89,
            "taker_side": "no"
        },
        {
            "trade_id": "867269fe-2540-44fe-a513-32349a747ba6",
            "ticker": "KXHIGHDEN-25JAN02-B45.5",
            "count": 6,
            "created_time": "2025-01-02T06:26:54.401638Z",
            "yes_price": 15,
            "no_price": 85,
            "taker_side": "yes"
        },
        {
            "trade_id": "47752ba4-a560-4fd9-ac20-3261d91f007d",
            "ticker": "KXHIGHDEN-25JAN02-B45.5",
            "count": 59,
            "created_time": "2025-01-02T06:21:34.757757Z",
            "yes_price": 16,
            "no_price": 84,
            "taker_side": "yes"
        },
        {
            "trade_id": "79e591f7-37c7-439a-aaac-8b7af1c87bb5",
            "ticker": "KXHIGHDEN-25JAN02-B45.5",
            "count": 14,
            "created_time": "2025-01-02T06:20:41.330916Z",
            "yes_price": 16,
            "no_price": 84,
            "taker_side": "yes"
        },
        {
            "trade_id": "28b23814-af0f-4625-92ae-de07d30c3106",
            "ticker": "KXHIGHDEN-25JAN02-B45.5",
            "count": 47,
            "created_time": "2025-01-02T06:20:41.330916Z",
            "yes_price": 15,
            "no_price": 85,
            "taker_side": "yes"
        },
        {
            "trade_id": "e9c3c565-69e7-4c56-b064-53cf8d8db215",
            "ticker": "KXHIGHDEN-25JAN02-B45.5",
            "count": 1,
            "created_time": "2025-01-02T05:42:25.6821Z",
            "yes_price": 17,
            "no_price": 83,
            "taker_side": "no"
        },
        {
            "trade_id": "8685836f-850c-44b3-b195-92c652dcd646",
            "ticker": "KXHIGHDEN-25JAN02-B45.5",
            "count": 23,
            "created_time": "2025-01-02T04:55:16.461116Z",
            "yes_price": 22,
            "no_price": 78,
            "taker_side": "yes"
        },
        {
            "trade_id": "92871954-c852-4186-9236-fd8c14b17316",
            "ticker": "KXHIGHDEN-25JAN02-B45.5",
            "count": 10,
            "created_time": "2025-01-02T04:43:30.544486Z",
            "yes_price": 19,
            "no_price": 81,
            "taker_side": "yes"
        },
        {
            "trade_id": "75352e46-985b-4d89-82ef-5aeb12e26fc5",
            "ticker": "KXHIGHDEN-25JAN02-B45.5",
            "count": 200,
            "created_time": "2025-01-02T04:43:30.544486Z",
            "yes_price": 22,
            "no_price": 78,
            "taker_side": "yes"
        },
        {
            "trade_id": "265c0398-929a-43b4-ace8-10c8f7125704",
            "ticker": "KXHIGHDEN-25JAN02-B45.5",
            "count": 100,
            "created_time": "2025-01-02T04:43:30.544486Z",
            "yes_price": 21,
            "no_price": 79,
            "taker_side": "yes"
        },
        {
            "trade_id": "107da1b8-6b27-46cc-8662-05bc8800c95f",
            "ticker": "KXHIGHDEN-25JAN02-B45.5",
            "count": 100,
            "created_time": "2025-01-02T04:43:30.544486Z",
            "yes_price": 20,
            "no_price": 80,
            "taker_side": "yes"
        },
        {
            "trade_id": "c26d0bfa-1b07-47a9-913a-16cd7a029252",
            "ticker": "KXHIGHDEN-25JAN02-B45.5",
            "count": 200,
            "created_time": "2025-01-02T04:41:19.417312Z",
            "yes_price": 18,
            "no_price": 82,
            "taker_side": "yes"
        },
        {
            "trade_id": "b64dac55-a58a-4c26-9f01-02b942ebdf41",
            "ticker": "KXHIGHDEN-25JAN02-B45.5",
            "count": 50,
            "created_time": "2025-01-02T04:41:19.417312Z",
            "yes_price": 17,
            "no_price": 83,
            "taker_side": "yes"
        },
        {
            "trade_id": "428b75d4-c22e-41d5-9427-3c0ad08ce1cd",
            "ticker": "KXHIGHDEN-25JAN02-B45.5",
            "count": 118,
            "created_time": "2025-01-02T04:41:19.417312Z",
            "yes_price": 21,
            "no_price": 79,
            "taker_side": "yes"
        },
        {
            "trade_id": "0485b022-383d-438c-98ed-ca6d5956c0a7",
            "ticker": "KXHIGHDEN-25JAN02-B45.5",
            "count": 200,
            "created_time": "2025-01-02T04:41:19.417312Z",
            "yes_price": 19,
            "no_price": 81,
            "taker_side": "yes"
        },
        {
            "trade_id": "cfc4e3ea-e878-40d2-8476-63463854af35",
            "ticker": "KXHIGHDEN-25JAN02-B45.5",
            "count": 50,
            "created_time": "2025-01-02T04:39:45.994976Z",
            "yes_price": 17,
            "no_price": 83,
            "taker_side": "no"
        },
        {
            "trade_id": "9b34142e-1523-4eea-ad26-f32ccc514c75",
            "ticker": "KXHIGHDEN-25JAN02-B45.5",
            "count": 3,
            "created_time": "2025-01-02T02:40:34.941857Z",
            "yes_price": 27,
            "no_price": 73,
            "taker_side": "yes"
        },
        {
            "trade_id": "0952944b-46b9-474d-96c5-3ff17fa8c8b0",
            "ticker": "KXHIGHDEN-25JAN02-B45.5",
            "count": 10,
            "created_time": "2025-01-02T02:04:42.23953Z",
            "yes_price": 17,
            "no_price": 83,
            "taker_side": "no"
        },
        {
            "trade_id": "81ec61ea-910f-47af-b4b2-06512d7bb048",
            "ticker": "KXHIGHDEN-25JAN02-B45.5",
            "count": 26,
            "created_time": "2025-01-02T01:24:25.393305Z",
            "yes_price": 30,
            "no_price": 70,
            "taker_side": "yes"
        },
        {
            "trade_id": "7951816b-356a-451d-9109-46844a455071",
            "ticker": "KXHIGHDEN-25JAN02-B45.5",
            "count": 9,
            "created_time": "2025-01-02T01:24:25.393305Z",
            "yes_price": 32,
            "no_price": 68,
            "taker_side": "yes"
        },
        {
            "trade_id": "1bc6208d-db71-4985-ba95-c7667078f8ea",
            "ticker": "KXHIGHDEN-25JAN02-B45.5",
            "count": 5,
            "created_time": "2025-01-02T01:24:25.393305Z",
            "yes_price": 30,
            "no_price": 70,
            "taker_side": "yes"
        },
        {
            "trade_id": "f4fd1146-9dce-40e8-b9e2-183193b60262",
            "ticker": "KXHIGHDEN-25JAN02-B45.5",
            "count": 5,
            "created_time": "2025-01-02T00:57:30.305958Z",
            "yes_price": 16,
            "no_price": 84,
            "taker_side": "yes"
        },
        {
            "trade_id": "a89e3e85-379e-4383-82f2-aa58ffebc7f1",
            "ticker": "KXHIGHDEN-25JAN02-B45.5",
            "count": 9,
            "created_time": "2025-01-02T00:54:17.672579Z",
            "yes_price": 15,
            "no_price": 85,
            "taker_side": "no"
        },
        {
            "trade_id": "dfb84569-c14c-4af8-b594-b16caf64aa13",
            "ticker": "KXHIGHDEN-25JAN02-B45.5",
            "count": 5,
            "created_time": "2025-01-02T00:54:17.487569Z",
            "yes_price": 16,
            "no_price": 84,
            "taker_side": "no"
        },
        {
            "trade_id": "13bd6d38-de3c-4024-ac79-4af03c56debb",
            "ticker": "KXHIGHDEN-25JAN02-B45.5",
            "count": 8,
            "created_time": "2025-01-02T00:54:17.487569Z",
            "yes_price": 15,
            "no_price": 85,
            "taker_side": "no"
        },
        {
            "trade_id": "6a95888c-173e-4b5d-8c19-8cf370cd4ba8",
            "ticker": "KXHIGHDEN-25JAN02-B45.5",
            "count": 15,
            "created_time": "2025-01-02T00:30:00.70548Z",
            "yes_price": 15,
            "no_price": 85,
            "taker_side": "no"
        },
        {
            "trade_id": "352856ea-62c1-435b-bc00-0892083eaf8e",
            "ticker": "KXHIGHDEN-25JAN02-B45.5",
            "count": 17,
            "created_time": "2025-01-01T19:27:16.658469Z",
            "yes_price": 36,
            "no_price": 64,
            "taker_side": "no"
        },
        {
            "trade_id": "b8ed2c4c-1cc9-4691-9261-b35a3442a960",
            "ticker": "KXHIGHDEN-25JAN02-B45.5",
            "count": 5,
            "created_time": "2025-01-01T19:27:16.533463Z",
            "yes_price": 37,
            "no_price": 63,
            "taker_side": "no"
        },
        {
            "trade_id": "b12348c0-b289-422c-94c9-7f01b442584b",
            "ticker": "KXHIGHDEN-25JAN02-B45.5",
            "count": 17,
            "created_time": "2025-01-01T18:37:44.120205Z",
            "yes_price": 46,
            "no_price": 54,
            "taker_side": "yes"
        },
        {
            "trade_id": "6d489eb1-b458-4a09-aa32-aed639d61e18",
            "ticker": "KXHIGHDEN-25JAN02-B45.5",
            "count": 6,
            "created_time": "2025-01-01T18:37:44.120205Z",
            "yes_price": 23,
            "no_price": 77,
            "taker_side": "yes"
        }
    ],
    "KXHIGHDEN-25JAN02-B47.5": [
        {
            "trade_id": "62e8ab36-e80f-436e-b4d8-d1c933702362",
            "ticker": "KXHIGHDEN-25JAN02-B47.5",
            "count": 100,
            "created_time": "2025-01-02T22:36:50.857251Z",
            "yes_price": 1,
            "no_price": 99,
            "taker_side": "yes"
        },
        {
            "trade_id": "b0cc047a-0ced-481b-a09e-b1cdf281bf8f",
            "ticker": "KXHIGHDEN-25JAN02-B47.5",
            "count": 40,
            "created_time": "2025-01-02T18:47:07.715862Z",
            "yes_price": 4,
            "no_price": 96,
            "taker_side": "no"
        },
        {
            "trade_id": "ac6c339c-6430-479a-9dd6-d82569c5cc30",
            "ticker": "KXHIGHDEN-25JAN02-B47.5",
            "count": 1000,
            "created_time": "2025-01-02T18:47:07.715862Z",
            "yes_price": 1,
            "no_price": 99,
            "taker_side": "no"
        },
        {
            "trade_id": "74505220-9d7c-4987-88ea-a39e00a819ff",
            "ticker": "KXHIGHDEN-25JAN02-B47.5",
            "count": 28,
            "created_time": "2025-01-02T18:47:07.715862Z",
            "yes_price": 1,
            "no_price": 99,
            "taker_side": "no"
        },
        {
            "trade_id": "5cf0f6f7-3a79-480b-9e9f-a7dce6cac2c6",
            "ticker": "KXHIGHDEN-25JAN02-B47.5",
            "count": 10,
            "created_time": "2025-01-02T18:47:07.715862Z",
            "yes_price": 1,
            "no_price": 99,
            "taker_side": "no"
        },
        {
            "trade_id": "54a81e14-739a-4fba-a26f-e815384bc2c2",
            "ticker": "KXHIGHDEN-25JAN02-B47.5",
            "count": 120,
            "created_time": "2025-01-02T18:47:07.715862Z",
            "yes_price": 1,
            "no_price": 99,
            "taker_side": "no"
        },
        {
            "trade_id": "4f8451af-c4dc-405f-a9e5-22598a779ab4",
            "ticker": "KXHIGHDEN-25JAN02-B47.5",
            "count": 58,
            "created_time": "2025-01-02T18:47:07.715862Z",
            "yes_price": 1,
            "no_price": 99,
            "taker_side": "no"
        },
        {
            "trade_id": "a2f0efde-bc72-4ea2-b8f1-eb9804bc96d5",
            "ticker": "KXHIGHDEN-25JAN02-B47.5",
            "count": 1,
            "created_time": "2025-01-02T18:45:25.096516Z",
            "yes_price": 2,
            "no_price": 98,
            "taker_side": "no"
        },
        {
            "trade_id": "23937b0b-799d-4dcf-8d60-1834496f5b54",
            "ticker": "KXHIGHDEN-25JAN02-B47.5",
            "count": 42,
            "created_time": "2025-01-02T18:45:25.096516Z",
            "yes_price": 1,
            "no_price": 99,
            "taker_side": "no"
        },
        {
            "trade_id": "20cee2d0-82de-4519-8bd9-d25bb06002bb",
            "ticker": "KXHIGHDEN-25JAN02-B47.5",
            "count": 32,
            "created_time": "2025-01-02T18:45:25.096516Z",
            "yes_price": 2,
            "no_price": 98,
            "taker_side": "no"
        },
        {
            "trade_id": "1914421d-d788-417c-b070-0f236a4133ac",
            "ticker": "KXHIGHDEN-25JAN02-B47.5",
            "count": 15,
            "created_time": "2025-01-02T18:45:25.096516Z",
            "yes_price": 9,
            "no_price": 91,
            "taker_side": "no"
        },
        {
            "trade_id": "0d5cf8e6-6434-4ff7-b1e3-a1126acd04df",
            "ticker": "KXHIGHDEN-25JAN02-B47.5",
            "count": 60,
            "created_time": "2025-01-02T18:45:25.096516Z",
            "yes_price": 3,
            "no_price": 97,
            "taker_side": "no"
        },
        {
            "trade_id": "36fce350-1e35-4704-8237-80f41b533b7a",
            "ticker": "KXHIGHDEN-25JAN02-B47.5",
            "count": 150,
            "created_time": "2025-01-02T18:41:19.904379Z",
            "yes_price": 2,
            "no_price": 98,
            "taker_side": "no"
        },
        {
            "trade_id": "e2beb4b2-5e54-44b1-b389-053a1dacca8b",
            "ticker": "KXHIGHDEN-25JAN02-B47.5",
            "count": 28,
            "created_time": "2025-01-02T18:41:07.905772Z",
            "yes_price": 5,
            "no_price": 95,
            "taker_side": "no"
        },
        {
            "trade_id": "a79ad252-36f4-4041-8444-a4d7967aacbb",
            "ticker": "KXHIGHDEN-25JAN02-B47.5",
            "count": 6,
            "created_time": "2025-01-02T18:41:01.626593Z",
            "yes_price": 6,
            "no_price": 94,
            "taker_side": "yes"
        },
        {
            "trade_id": "e8687c36-ddfa-42dc-8fee-66d895355dda",
            "ticker": "KXHIGHDEN-25JAN02-B47.5",
            "count": 8,
            "created_time": "2025-01-02T18:40:52.014197Z",
            "yes_price": 6,
            "no_price": 94,
            "taker_side": "no"
        },
        {
            "trade_id": "48e5f186-35d5-4716-bc41-afbd05f0e1a7",
            "ticker": "KXHIGHDEN-25JAN02-B47.5",
            "count": 12,
            "created_time": "2025-01-02T18:40:52.014197Z",
            "yes_price": 5,
            "no_price": 95,
            "taker_side": "no"
        },
        {
            "trade_id": "57597537-1daf-4042-a6e9-2761ec5df158",
            "ticker": "KXHIGHDEN-25JAN02-B47.5",
            "count": 16,
            "created_time": "2025-01-02T18:40:45.420223Z",
            "yes_price": 12,
            "no_price": 88,
            "taker_side": "no"
        },
        {
            "trade_id": "60e96901-cbcf-4733-becd-883abdc248fe",
            "ticker": "KXHIGHDEN-25JAN02-B47.5",
            "count": 40,
            "created_time": "2025-01-02T18:38:31.984165Z",
            "yes_price": 7,
            "no_price": 93,
            "taker_side": "no"
        },
        {
            "trade_id": "0eadbdbc-3f46-4e99-a6f7-77a168c46081",
            "ticker": "KXHIGHDEN-25JAN02-B47.5",
            "count": 38,
            "created_time": "2025-01-02T18:38:31.984165Z",
            "yes_price": 5,
            "no_price": 95,
            "taker_side": "no"
        },
        {
            "trade_id": "c60dd1d2-ebc5-4894-982d-1747566a6443",
            "ticker": "KXHIGHDEN-25JAN02-B47.5",
            "count": 11,
            "created_time": "2025-01-02T18:36:09.096536Z",
            "yes_price": 13,
            "no_price": 87,
            "taker_side": "no"
        },
        {
            "trade_id": "7670dbeb-1730-4054-a425-7d3112b27730",
            "ticker": "KXHIGHDEN-25JAN02-B47.5",
            "count": 1,
            "created_time": "2025-01-02T18:35:22.672899Z",
            "yes_price": 13,
            "no_price": 87,
            "taker_side": "no"
        },
        {
            "trade_id": "8bd5953b-bf66-4502-90f8-0e061b447da7",
            "ticker": "KXHIGHDEN-25JAN02-B47.5",
            "count": 12,
            "created_time": "2025-01-02T18:35:22.60059Z",
            "yes_price": 13,
            "no_price": 87,
            "taker_side": "yes"
        },
        {
            "trade_id": "87714f62-7dfd-4782-819c-582c4ce807d8",
            "ticker": "KXHIGHDEN-25JAN02-B47.5",
            "count": 40,
            "created_time": "2025-01-02T18:34:05.810107Z",
            "yes_price": 8,
            "no_price": 92,
            "taker_side": "no"
        },
        {
            "trade_id": "de8b01cf-0da9-4e0a-949b-5855c13153eb",
            "ticker": "KXHIGHDEN-25JAN02-B47.5",
            "count": 40,
            "created_time": "2025-01-02T18:30:27.795917Z",
            "yes_price": 2,
            "no_price": 98,
            "taker_side": "no"
        },
        {
            "trade_id": "da0caacb-2366-489d-be9a-014fb8f87db4",
            "ticker": "KXHIGHDEN-25JAN02-B47.5",
            "count": 1,
            "created_time": "2025-01-02T18:30:27.795917Z",
            "yes_price": 3,
            "no_price": 97,
            "taker_side": "no"
        },
        {
            "trade_id": "ce1f4ca6-a773-4ef1-bb4f-a7b04dde1861",
            "ticker": "KXHIGHDEN-25JAN02-B47.5",
            "count": 291,
            "created_time": "2025-01-02T18:30:27.795917Z",
            "yes_price": 2,
            "no_price": 98,
            "taker_side": "no"
        },
        {
            "trade_id": "a8b480a1-5f69-4fb7-ad75-8b03f457258f",
            "ticker": "KXHIGHDEN-25JAN02-B47.5",
            "count": 1,
            "created_time": "2025-01-02T18:30:27.795917Z",
            "yes_price": 3,
            "no_price": 97,
            "taker_side": "no"
        },
        {
            "trade_id": "a267f143-c892-49f0-80b6-845f0572b7a1",
            "ticker": "KXHIGHDEN-25JAN02-B47.5",
            "count": 1,
            "created_time": "2025-01-02T18:30:27.795917Z",
            "yes_price": 3,
            "no_price": 97,
            "taker_side": "no"
        },
        {
            "trade_id": "4c1c5f8d-3775-418d-bce4-90a9020f02c8",
            "ticker": "KXHIGHDEN-25JAN02-B47.5",
            "count": 40,
            "created_time": "2025-01-02T18:30:27.795917Z",
            "yes_price": 7,
            "no_price": 93,
            "taker_side": "no"
        },
        {
            "trade_id": "22c30a6f-191f-44ef-8405-f28cfb184284",
            "ticker": "KXHIGHDEN-25JAN02-B47.5",
            "count": 25,
            "created_time": "2025-01-02T18:30:27.795917Z",
            "yes_price": 10,
            "no_price": 90,
            "taker_side": "no"
        },
        {
            "trade_id": "0984f2f7-91e2-49ec-a47f-c4d4a089e176",
            "ticker": "KXHIGHDEN-25JAN02-B47.5",
            "count": 426,
            "created_time": "2025-01-02T18:30:27.795917Z",
            "yes_price": 3,
            "no_price": 97,
            "taker_side": "no"
        },
        {
            "trade_id": "2e38f898-3c99-4d7e-a1e6-4a03c8d4df5a",
            "ticker": "KXHIGHDEN-25JAN02-B47.5",
            "count": 11,
            "created_time": "2025-01-02T18:30:27.405759Z",
            "yes_price": 10,
            "no_price": 90,
            "taker_side": "yes"
        },
        {
            "trade_id": "18247907-7dd3-4691-a9ef-84da2b0214a2",
            "ticker": "KXHIGHDEN-25JAN02-B47.5",
            "count": 16,
            "created_time": "2025-01-02T18:29:39.482059Z",
            "yes_price": 5,
            "no_price": 95,
            "taker_side": "no"
        },
        {
            "trade_id": "08b92693-9f66-4ab1-ac25-2862c29d4e11",
            "ticker": "KXHIGHDEN-25JAN02-B47.5",
            "count": 1,
            "created_time": "2025-01-02T18:25:33.831558Z",
            "yes_price": 5,
            "no_price": 95,
            "taker_side": "no"
        },
        {
            "trade_id": "be876bcf-6199-4fec-80b6-1c85977c427a",
            "ticker": "KXHIGHDEN-25JAN02-B47.5",
            "count": 8,
            "created_time": "2025-01-02T18:25:26.362804Z",
            "yes_price": 11,
            "no_price": 89,
            "taker_side": "yes"
        },
        {
            "trade_id": "97df79ee-0b40-46e4-a3ac-7528a3d425e4",
            "ticker": "KXHIGHDEN-25JAN02-B47.5",
            "count": 8,
            "created_time": "2025-01-02T18:24:52.286257Z",
            "yes_price": 11,
            "no_price": 89,
            "taker_side": "yes"
        },
        {
            "trade_id": "db26b254-d369-4691-97f0-c1247935afa7",
            "ticker": "KXHIGHDEN-25JAN02-B47.5",
            "count": 2,
            "created_time": "2025-01-02T18:22:19.352729Z",
            "yes_price": 4,
            "no_price": 96,
            "taker_side": "no"
        },
        {
            "trade_id": "3ffd0ed0-47d2-459e-84bf-51566beca70b",
            "ticker": "KXHIGHDEN-25JAN02-B47.5",
            "count": 18,
            "created_time": "2025-01-02T18:20:30.038266Z",
            "yes_price": 4,
            "no_price": 96,
            "taker_side": "no"
        },
        {
            "trade_id": "b2016496-40ce-4d5a-9812-732b49613a72",
            "ticker": "KXHIGHDEN-25JAN02-B47.5",
            "count": 1,
            "created_time": "2025-01-02T18:18:29.405186Z",
            "yes_price": 12,
            "no_price": 88,
            "taker_side": "yes"
        },
        {
            "trade_id": "223a508b-f46d-4768-92e7-1f91331cdfbb",
            "ticker": "KXHIGHDEN-25JAN02-B47.5",
            "count": 6,
            "created_time": "2025-01-02T18:18:29.405186Z",
            "yes_price": 12,
            "no_price": 88,
            "taker_side": "yes"
        },
        {
            "trade_id": "ef683b31-bbb9-49c1-a6f3-b1b18f77e828",
            "ticker": "KXHIGHDEN-25JAN02-B47.5",
            "count": 1,
            "created_time": "2025-01-02T18:18:21.48108Z",
            "yes_price": 4,
            "no_price": 96,
            "taker_side": "no"
        },
        {
            "trade_id": "d4956a90-bd07-4bbc-a90f-69e5219a66f1",
            "ticker": "KXHIGHDEN-25JAN02-B47.5",
            "count": 8,
            "created_time": "2025-01-02T18:18:21.48108Z",
            "yes_price": 8,
            "no_price": 92,
            "taker_side": "no"
        },
        {
            "trade_id": "786346f8-af3b-4236-a1da-8ba044ad39b4",
            "ticker": "KXHIGHDEN-25JAN02-B47.5",
            "count": 1,
            "created_time": "2025-01-02T18:18:21.48108Z",
            "yes_price": 4,
            "no_price": 96,
            "taker_side": "no"
        },
        {
            "trade_id": "27e2946f-8766-4751-bc7f-68f3b7472fb1",
            "ticker": "KXHIGHDEN-25JAN02-B47.5",
            "count": 40,
            "created_time": "2025-01-02T18:18:21.48108Z",
            "yes_price": 4,
            "no_price": 96,
            "taker_side": "no"
        },
        {
            "trade_id": "2677f352-ba08-4d7a-aac2-c6febb995015",
            "ticker": "KXHIGHDEN-25JAN02-B47.5",
            "count": 40,
            "created_time": "2025-01-02T18:18:21.48108Z",
            "yes_price": 7,
            "no_price": 93,
            "taker_side": "no"
        },
        {
            "trade_id": "93e499ea-da3e-437d-85d3-6cf88542d835",
            "ticker": "KXHIGHDEN-25JAN02-B47.5",
            "count": 11,
            "created_time": "2025-01-02T18:18:02.429241Z",
            "yes_price": 11,
            "no_price": 89,
            "taker_side": "no"
        },
        {
            "trade_id": "b8868c9a-ebcf-4bd0-93b4-6650f5a4e7a5",
            "ticker": "KXHIGHDEN-25JAN02-B47.5",
            "count": 1,
            "created_time": "2025-01-02T18:13:13.857797Z",
            "yes_price": 14,
            "no_price": 86,
            "taker_side": "yes"
        },
        {
            "trade_id": "49584f77-1990-4189-af7b-7e99e094733d",
            "ticker": "KXHIGHDEN-25JAN02-B47.5",
            "count": 1,
            "created_time": "2025-01-02T18:13:13.857797Z",
            "yes_price": 27,
            "no_price": 73,
            "taker_side": "yes"
        },
        {
            "trade_id": "2189cead-cb77-4ba0-9362-ddfd797a867a",
            "ticker": "KXHIGHDEN-25JAN02-B47.5",
            "count": 8,
            "created_time": "2025-01-02T18:13:13.857797Z",
            "yes_price": 13,
            "no_price": 87,
            "taker_side": "yes"
        },
        {
            "trade_id": "e5acd98f-cdab-482f-bb0d-d9ce3d0c3212",
            "ticker": "KXHIGHDEN-25JAN02-B47.5",
            "count": 15,
            "created_time": "2025-01-02T17:56:45.650988Z",
            "yes_price": 20,
            "no_price": 80,
            "taker_side": "yes"
        },
        {
            "trade_id": "7c859f5f-88fa-4712-80c0-672c8ca16f50",
            "ticker": "KXHIGHDEN-25JAN02-B47.5",
            "count": 1,
            "created_time": "2025-01-02T17:56:45.650988Z",
            "yes_price": 15,
            "no_price": 85,
            "taker_side": "yes"
        },
        {
            "trade_id": "0f5809ea-af2c-4b3a-afc1-8048c9d984a7",
            "ticker": "KXHIGHDEN-25JAN02-B47.5",
            "count": 4,
            "created_time": "2025-01-02T17:56:45.650988Z",
            "yes_price": 27,
            "no_price": 73,
            "taker_side": "yes"
        },
        {
            "trade_id": "1768081e-beb9-4433-adc8-60fa741ee877",
            "ticker": "KXHIGHDEN-25JAN02-B47.5",
            "count": 18,
            "created_time": "2025-01-02T17:53:59.611002Z",
            "yes_price": 19,
            "no_price": 81,
            "taker_side": "yes"
        },
        {
            "trade_id": "04875ea4-fc53-44cd-9275-8f0fdd6f83df",
            "ticker": "KXHIGHDEN-25JAN02-B47.5",
            "count": 2,
            "created_time": "2025-01-02T17:53:59.611002Z",
            "yes_price": 20,
            "no_price": 80,
            "taker_side": "yes"
        },
        {
            "trade_id": "a77b3dfa-3703-49cd-9305-9a618f99c2dc",
            "ticker": "KXHIGHDEN-25JAN02-B47.5",
            "count": 1,
            "created_time": "2025-01-02T17:51:31.312139Z",
            "yes_price": 14,
            "no_price": 86,
            "taker_side": "yes"
        },
        {
            "trade_id": "8835838f-a87f-4483-8940-9342968c9851",
            "ticker": "KXHIGHDEN-25JAN02-B47.5",
            "count": 1,
            "created_time": "2025-01-02T17:51:31.312139Z",
            "yes_price": 14,
            "no_price": 86,
            "taker_side": "yes"
        },
        {
            "trade_id": "6a095a61-2f8d-42a1-b308-1572495f844e",
            "ticker": "KXHIGHDEN-25JAN02-B47.5",
            "count": 18,
            "created_time": "2025-01-02T17:51:31.312139Z",
            "yes_price": 13,
            "no_price": 87,
            "taker_side": "yes"
        },
        {
            "trade_id": "31838189-eff4-425b-b6cb-ed2ee9ce6dc2",
            "ticker": "KXHIGHDEN-25JAN02-B47.5",
            "count": 28,
            "created_time": "2025-01-02T17:51:31.312139Z",
            "yes_price": 23,
            "no_price": 77,
            "taker_side": "yes"
        },
        {
            "trade_id": "122c8fdc-b1b4-4ad7-a1dd-30bc3cf305f2",
            "ticker": "KXHIGHDEN-25JAN02-B47.5",
            "count": 52,
            "created_time": "2025-01-02T17:51:31.312139Z",
            "yes_price": 27,
            "no_price": 73,
            "taker_side": "yes"
        },
        {
            "trade_id": "0587d36c-2b8e-4adb-b5a6-fbda4c966633",
            "ticker": "KXHIGHDEN-25JAN02-B47.5",
            "count": 10,
            "created_time": "2025-01-02T17:40:26.246011Z",
            "yes_price": 4,
            "no_price": 96,
            "taker_side": "no"
        },
        {
            "trade_id": "52665417-5b05-4d41-9686-62780a8d2e53",
            "ticker": "KXHIGHDEN-25JAN02-B47.5",
            "count": 100,
            "created_time": "2025-01-02T17:37:04.863154Z",
            "yes_price": 7,
            "no_price": 93,
            "taker_side": "no"
        },
        {
            "trade_id": "a98dc0b0-1efe-4108-aa0c-640c309ab33e",
            "ticker": "KXHIGHDEN-25JAN02-B47.5",
            "count": 7,
            "created_time": "2025-01-02T17:28:39.5039Z",
            "yes_price": 11,
            "no_price": 89,
            "taker_side": "no"
        },
        {
            "trade_id": "bbd178b0-4bcd-4dfc-b54c-bcabfe89fd74",
            "ticker": "KXHIGHDEN-25JAN02-B47.5",
            "count": 27,
            "created_time": "2025-01-02T17:17:11.21374Z",
            "yes_price": 17,
            "no_price": 83,
            "taker_side": "yes"
        },
        {
            "trade_id": "74c47259-409b-48ac-bc6a-bdd882292675",
            "ticker": "KXHIGHDEN-25JAN02-B47.5",
            "count": 1,
            "created_time": "2025-01-02T17:16:26.162315Z",
            "yes_price": 9,
            "no_price": 91,
            "taker_side": "no"
        },
        {
            "trade_id": "3b5a2011-7198-4477-b901-fd064d35777e",
            "ticker": "KXHIGHDEN-25JAN02-B47.5",
            "count": 10,
            "created_time": "2025-01-02T17:14:46.338238Z",
            "yes_price": 9,
            "no_price": 91,
            "taker_side": "no"
        },
        {
            "trade_id": "ffea15e0-2b19-427f-8483-819d5e293582",
            "ticker": "KXHIGHDEN-25JAN02-B47.5",
            "count": 1,
            "created_time": "2025-01-02T17:10:23.655786Z",
            "yes_price": 14,
            "no_price": 86,
            "taker_side": "no"
        },
        {
            "trade_id": "f93d6170-af6d-48ce-9876-372822d72f4c",
            "ticker": "KXHIGHDEN-25JAN02-B47.5",
            "count": 400,
            "created_time": "2025-01-02T16:58:44.976509Z",
            "yes_price": 22,
            "no_price": 78,
            "taker_side": "no"
        },
        {
            "trade_id": "4e9e9a16-11cd-44ff-a787-ec89dc5bd129",
            "ticker": "KXHIGHDEN-25JAN02-B47.5",
            "count": 96,
            "created_time": "2025-01-02T16:58:44.976509Z",
            "yes_price": 26,
            "no_price": 74,
            "taker_side": "no"
        },
        {
            "trade_id": "2e2befdd-eb98-4437-9fb8-4d378aea43ec",
            "ticker": "KXHIGHDEN-25JAN02-B47.5",
            "count": 30,
            "created_time": "2025-01-02T16:58:44.976509Z",
            "yes_price": 25,
            "no_price": 75,
            "taker_side": "no"
        },
        {
            "trade_id": "e796c4b1-c056-49d8-a63f-da267889a159",
            "ticker": "KXHIGHDEN-25JAN02-B47.5",
            "count": 1,
            "created_time": "2025-01-02T16:55:11.359122Z",
            "yes_price": 27,
            "no_price": 73,
            "taker_side": "no"
        },
        {
            "trade_id": "603cad86-8d35-4b6a-856a-8e79aff3ab2f",
            "ticker": "KXHIGHDEN-25JAN02-B47.5",
            "count": 8,
            "created_time": "2025-01-02T16:47:56.769464Z",
            "yes_price": 28,
            "no_price": 72,
            "taker_side": "no"
        },
        {
            "trade_id": "9e8ed3a2-ef25-4d3d-99a6-10c41aabfc15",
            "ticker": "KXHIGHDEN-25JAN02-B47.5",
            "count": 2,
            "created_time": "2025-01-02T16:47:56.544332Z",
            "yes_price": 27,
            "no_price": 73,
            "taker_side": "no"
        },
        {
            "trade_id": "2bb4c00f-6cba-49ff-92ae-16b5f98d72b1",
            "ticker": "KXHIGHDEN-25JAN02-B47.5",
            "count": 8,
            "created_time": "2025-01-02T16:47:56.544332Z",
            "yes_price": 28,
            "no_price": 72,
            "taker_side": "no"
        },
        {
            "trade_id": "ec7e6f1f-7e0e-42d9-b627-5db7bc24ce8a",
            "ticker": "KXHIGHDEN-25JAN02-B47.5",
            "count": 40,
            "created_time": "2025-01-02T16:46:41.545898Z",
            "yes_price": 28,
            "no_price": 72,
            "taker_side": "no"
        },
        {
            "trade_id": "b62edba4-9829-4aa9-b5bc-b8a525489ad6",
            "ticker": "KXHIGHDEN-25JAN02-B47.5",
            "count": 1,
            "created_time": "2025-01-02T16:39:57.882387Z",
            "yes_price": 28,
            "no_price": 72,
            "taker_side": "no"
        },
        {
            "trade_id": "4c98d19b-480b-40e6-97fe-c6b86eb02bc3",
            "ticker": "KXHIGHDEN-25JAN02-B47.5",
            "count": 33,
            "created_time": "2025-01-02T16:38:14.212172Z",
            "yes_price": 28,
            "no_price": 72,
            "taker_side": "no"
        },
        {
            "trade_id": "3cd664a6-8237-4de4-af57-edf49f769bb3",
            "ticker": "KXHIGHDEN-25JAN02-B47.5",
            "count": 17,
            "created_time": "2025-01-02T16:38:14.212172Z",
            "yes_price": 28,
            "no_price": 72,
            "taker_side": "no"
        },
        {
            "trade_id": "d2bdfad6-761d-4981-93ac-3ab3a61f8566",
            "ticker": "KXHIGHDEN-25JAN02-B47.5",
            "count": 13,
            "created_time": "2025-01-02T16:36:06.3993Z",
            "yes_price": 30,
            "no_price": 70,
            "taker_side": "no"
        },
        {
            "trade_id": "ad0d8813-2599-489e-b48b-7f20052b43fd",
            "ticker": "KXHIGHDEN-25JAN02-B47.5",
            "count": 10,
            "created_time": "2025-01-02T16:36:06.3993Z",
            "yes_price": 30,
            "no_price": 70,
            "taker_side": "no"
        },
        {
            "trade_id": "9a1636cb-200c-4c5a-a956-93443784443e",
            "ticker": "KXHIGHDEN-25JAN02-B47.5",
            "count": 30,
            "created_time": "2025-01-02T16:34:07.505366Z",
            "yes_price": 28,
            "no_price": 72,
            "taker_side": "no"
        },
        {
            "trade_id": "2259cf83-9d9a-4e55-a8b0-638ac2b1b248",
            "ticker": "KXHIGHDEN-25JAN02-B47.5",
            "count": 10,
            "created_time": "2025-01-02T16:25:48.224287Z",
            "yes_price": 29,
            "no_price": 71,
            "taker_side": "yes"
        },
        {
            "trade_id": "068b4a30-82f0-47d2-8be9-7c6d3ddb08d2",
            "ticker": "KXHIGHDEN-25JAN02-B47.5",
            "count": 1,
            "created_time": "2025-01-02T16:24:45.461786Z",
            "yes_price": 27,
            "no_price": 73,
            "taker_side": "no"
        },
        {
            "trade_id": "84ec0037-1a24-437b-a841-96acee7fc481",
            "ticker": "KXHIGHDEN-25JAN02-B47.5",
            "count": 1,
            "created_time": "2025-01-02T16:09:32.513085Z",
            "yes_price": 25,
            "no_price": 75,
            "taker_side": "no"
        },
        {
            "trade_id": "cfa7955f-b441-492f-bae6-c45fd4a8c4e3",
            "ticker": "KXHIGHDEN-25JAN02-B47.5",
            "count": 1,
            "created_time": "2025-01-02T15:54:19.594333Z",
            "yes_price": 25,
            "no_price": 75,
            "taker_side": "no"
        },
        {
            "trade_id": "e8853597-b32d-495b-b598-b27c0d41fed9",
            "ticker": "KXHIGHDEN-25JAN02-B47.5",
            "count": 1,
            "created_time": "2025-01-02T15:39:06.537572Z",
            "yes_price": 25,
            "no_price": 75,
            "taker_side": "no"
        },
        {
            "trade_id": "1ad9f8df-caea-48d0-a756-a529608fd7de",
            "ticker": "KXHIGHDEN-25JAN02-B47.5",
            "count": 44,
            "created_time": "2025-01-02T15:38:39.767398Z",
            "yes_price": 30,
            "no_price": 70,
            "taker_side": "yes"
        },
        {
            "trade_id": "0ed8e4dd-87a9-4a42-a2ae-d7f8a51f5203",
            "ticker": "KXHIGHDEN-25JAN02-B47.5",
            "count": 14,
            "created_time": "2025-01-02T15:38:39.767398Z",
            "yes_price": 29,
            "no_price": 71,
            "taker_side": "yes"
        },
        {
            "trade_id": "36435522-2259-4f4b-ad56-4e855bd1addb",
            "ticker": "KXHIGHDEN-25JAN02-B47.5",
            "count": 1,
            "created_time": "2025-01-02T15:23:52.217249Z",
            "yes_price": 29,
            "no_price": 71,
            "taker_side": "no"
        },
        {
            "trade_id": "e4c7b590-4a87-4073-9dc3-394bf41b6074",
            "ticker": "KXHIGHDEN-25JAN02-B47.5",
            "count": 27,
            "created_time": "2025-01-02T15:10:50.024725Z",
            "yes_price": 35,
            "no_price": 65,
            "taker_side": "yes"
        },
        {
            "trade_id": "498c472c-94f1-4e6b-8c32-67e334707b99",
            "ticker": "KXHIGHDEN-25JAN02-B47.5",
            "count": 1,
            "created_time": "2025-01-02T15:08:38.534182Z",
            "yes_price": 29,
            "no_price": 71,
            "taker_side": "no"
        },
        {
            "trade_id": "7a34dfbd-5cba-4959-bf82-98ef34ee5050",
            "ticker": "KXHIGHDEN-25JAN02-B47.5",
            "count": 68,
            "created_time": "2025-01-02T15:00:49.460747Z",
            "yes_price": 35,
            "no_price": 65,
            "taker_side": "yes"
        },
        {
            "trade_id": "d2785d21-818f-4d34-ab0d-6f612067db90",
            "ticker": "KXHIGHDEN-25JAN02-B47.5",
            "count": 1,
            "created_time": "2025-01-02T14:53:25.570346Z",
            "yes_price": 28,
            "no_price": 72,
            "taker_side": "no"
        },
        {
            "trade_id": "084305bb-f096-491b-a88c-d1105e323041",
            "ticker": "KXHIGHDEN-25JAN02-B47.5",
            "count": 2,
            "created_time": "2025-01-02T14:45:47.555159Z",
            "yes_price": 35,
            "no_price": 65,
            "taker_side": "yes"
        },
        {
            "trade_id": "052cef2d-54b4-4bc7-9b1e-948819a73ed1",
            "ticker": "KXHIGHDEN-25JAN02-B47.5",
            "count": 1,
            "created_time": "2025-01-02T14:38:13.456687Z",
            "yes_price": 28,
            "no_price": 72,
            "taker_side": "no"
        },
        {
            "trade_id": "90ab08c7-2316-4f65-aa10-3f9e9c8d2f7e",
            "ticker": "KXHIGHDEN-25JAN02-B47.5",
            "count": 6,
            "created_time": "2025-01-02T14:27:24.369401Z",
            "yes_price": 26,
            "no_price": 74,
            "taker_side": "no"
        },
        {
            "trade_id": "1a72b69b-bb0d-4fab-8dc1-84bb005271c2",
            "ticker": "KXHIGHDEN-25JAN02-B47.5",
            "count": 1,
            "created_time": "2025-01-02T14:23:00.649731Z",
            "yes_price": 26,
            "no_price": 74,
            "taker_side": "no"
        },
        {
            "trade_id": "618d0d27-6e4c-4e4b-8f34-35ec10dba079",
            "ticker": "KXHIGHDEN-25JAN02-B47.5",
            "count": 1,
            "created_time": "2025-01-02T14:07:45.956789Z",
            "yes_price": 27,
            "no_price": 73,
            "taker_side": "no"
        },
        {
            "trade_id": "5c2fa0c7-3874-45e5-8654-470f869739f4",
            "ticker": "KXHIGHDEN-25JAN02-B47.5",
            "count": 1,
            "created_time": "2025-01-02T13:52:31.730966Z",
            "yes_price": 29,
            "no_price": 71,
            "taker_side": "no"
        },
        {
            "trade_id": "85fe56f1-abbd-4a55-abae-214665ed1404",
            "ticker": "KXHIGHDEN-25JAN02-B47.5",
            "count": 1,
            "created_time": "2025-01-02T13:37:18.824498Z",
            "yes_price": 33,
            "no_price": 67,
            "taker_side": "no"
        },
        {
            "trade_id": "3f65acfd-2bbb-4eb8-9c23-5706ba231907",
            "ticker": "KXHIGHDEN-25JAN02-B47.5",
            "count": 79,
            "created_time": "2025-01-02T13:36:21.367706Z",
            "yes_price": 33,
            "no_price": 67,
            "taker_side": "no"
        },
        {
            "trade_id": "4a276429-5337-4a9c-b5b4-312b25169f7d",
            "ticker": "KXHIGHDEN-25JAN02-B47.5",
            "count": 22,
            "created_time": "2025-01-02T13:35:12.357145Z",
            "yes_price": 34,
            "no_price": 66,
            "taker_side": "no"
        },
        {
            "trade_id": "3bdacf4e-ed1d-4032-b55a-01489d99c14d",
            "ticker": "KXHIGHDEN-25JAN02-B47.5",
            "count": 8,
            "created_time": "2025-01-02T13:33:48.887234Z",
            "yes_price": 34,
            "no_price": 66,
            "taker_side": "no"
        },
        {
            "trade_id": "df1c9440-1d3c-4c00-ba85-aae2fdffc61f",
            "ticker": "KXHIGHDEN-25JAN02-B47.5",
            "count": 20,
            "created_time": "2025-01-02T13:33:48.724819Z",
            "yes_price": 34,
            "no_price": 66,
            "taker_side": "no"
        },
        {
            "trade_id": "02493481-1415-4ab3-a488-36e7c28f76a6",
            "ticker": "KXHIGHDEN-25JAN02-B47.5",
            "count": 23,
            "created_time": "2025-01-02T13:33:48.540641Z",
            "yes_price": 34,
            "no_price": 66,
            "taker_side": "no"
        },
        {
            "trade_id": "94ae0458-d133-49b9-ac52-e2dafe4b593b",
            "ticker": "KXHIGHDEN-25JAN02-B47.5",
            "count": 18,
            "created_time": "2025-01-02T13:33:48.353016Z",
            "yes_price": 29,
            "no_price": 71,
            "taker_side": "yes"
        },
        {
            "trade_id": "439b2116-a3ab-446c-b76b-c02889cf4232",
            "ticker": "KXHIGHDEN-25JAN02-B47.5",
            "count": 12,
            "created_time": "2025-01-02T13:33:48.353016Z",
            "yes_price": 28,
            "no_price": 72,
            "taker_side": "yes"
        },
        {
            "trade_id": "33b6eb11-2751-4f04-be30-695832e2c38b",
            "ticker": "KXHIGHDEN-25JAN02-B47.5",
            "count": 1,
            "created_time": "2025-01-02T13:22:06.257716Z",
            "yes_price": 25,
            "no_price": 75,
            "taker_side": "no"
        },
        {
            "trade_id": "d738a320-2ed0-49f2-9fcc-f0b6a24a657d",
            "ticker": "KXHIGHDEN-25JAN02-B47.5",
            "count": 1,
            "created_time": "2025-01-02T13:06:53.063874Z",
            "yes_price": 27,
            "no_price": 73,
            "taker_side": "no"
        },
        {
            "trade_id": "e5802014-7b3f-495d-99e5-437688f13baa",
            "ticker": "KXHIGHDEN-25JAN02-B47.5",
            "count": 1,
            "created_time": "2025-01-02T07:46:27.116559Z",
            "yes_price": 24,
            "no_price": 76,
            "taker_side": "no"
        },
        {
            "trade_id": "14719a57-5de8-4231-a447-c8513a264618",
            "ticker": "KXHIGHDEN-25JAN02-B47.5",
            "count": 1,
            "created_time": "2025-01-02T07:31:13.964538Z",
            "yes_price": 28,
            "no_price": 72,
            "taker_side": "no"
        },
        {
            "trade_id": "fe367083-6929-4a2a-adab-2c3d8a72fe5f",
            "ticker": "KXHIGHDEN-25JAN02-B47.5",
            "count": 1,
            "created_time": "2025-01-02T07:16:00.95635Z",
            "yes_price": 29,
            "no_price": 71,
            "taker_side": "no"
        },
        {
            "trade_id": "8f12ec93-4656-45b7-8655-fffe92903a9b",
            "ticker": "KXHIGHDEN-25JAN02-B47.5",
            "count": 21,
            "created_time": "2025-01-02T07:10:47.372575Z",
            "yes_price": 31,
            "no_price": 69,
            "taker_side": "no"
        },
        {
            "trade_id": "335541b7-1f03-4398-b32f-639884a778fa",
            "ticker": "KXHIGHDEN-25JAN02-B47.5",
            "count": 100,
            "created_time": "2025-01-02T06:45:57.655819Z",
            "yes_price": 32,
            "no_price": 68,
            "taker_side": "no"
        },
        {
            "trade_id": "be7c0070-f1ce-450e-9774-4437897c15df",
            "ticker": "KXHIGHDEN-25JAN02-B47.5",
            "count": 100,
            "created_time": "2025-01-02T06:45:39.61367Z",
            "yes_price": 32,
            "no_price": 68,
            "taker_side": "yes"
        },
        {
            "trade_id": "f0fabd9a-b63e-49be-bc56-c1d5d9d3c32f",
            "ticker": "KXHIGHDEN-25JAN02-B47.5",
            "count": 100,
            "created_time": "2025-01-02T06:33:42.326282Z",
            "yes_price": 31,
            "no_price": 69,
            "taker_side": "no"
        },
        {
            "trade_id": "80e70d8a-f2cc-46fd-adc8-6f6883c33552",
            "ticker": "KXHIGHDEN-25JAN02-B47.5",
            "count": 14,
            "created_time": "2025-01-02T06:21:52.372783Z",
            "yes_price": 32,
            "no_price": 68,
            "taker_side": "yes"
        },
        {
            "trade_id": "85f9ad1b-92e7-4bde-bc04-fa7f4b9692fa",
            "ticker": "KXHIGHDEN-25JAN02-B47.5",
            "count": 100,
            "created_time": "2025-01-02T06:18:41.700846Z",
            "yes_price": 31,
            "no_price": 69,
            "taker_side": "no"
        },
        {
            "trade_id": "caa2e283-8a39-4a5f-8a55-476cd7609363",
            "ticker": "KXHIGHDEN-25JAN02-B47.5",
            "count": 5,
            "created_time": "2025-01-02T06:11:02.606063Z",
            "yes_price": 33,
            "no_price": 67,
            "taker_side": "yes"
        },
        {
            "trade_id": "661e4736-bd8d-41b7-b7bd-c6c5bea27bb1",
            "ticker": "KXHIGHDEN-25JAN02-B47.5",
            "count": 9,
            "created_time": "2025-01-02T06:11:02.606063Z",
            "yes_price": 34,
            "no_price": 66,
            "taker_side": "yes"
        },
        {
            "trade_id": "843ae7c1-18cf-4e57-827a-44e477ff0d04",
            "ticker": "KXHIGHDEN-25JAN02-B47.5",
            "count": 1,
            "created_time": "2025-01-02T05:40:54.606645Z",
            "yes_price": 31,
            "no_price": 69,
            "taker_side": "no"
        },
        {
            "trade_id": "f393b957-9713-4868-8fe8-a525b64ad5fd",
            "ticker": "KXHIGHDEN-25JAN02-B47.5",
            "count": 100,
            "created_time": "2025-01-02T04:43:08.975878Z",
            "yes_price": 31,
            "no_price": 69,
            "taker_side": "yes"
        },
        {
            "trade_id": "d0d09b5f-5d82-4943-897a-c9aa31578a57",
            "ticker": "KXHIGHDEN-25JAN02-B47.5",
            "count": 200,
            "created_time": "2025-01-02T04:43:08.975878Z",
            "yes_price": 33,
            "no_price": 67,
            "taker_side": "yes"
        },
        {
            "trade_id": "35b3bcd1-40e2-4581-a0b9-c0cc2214d609",
            "ticker": "KXHIGHDEN-25JAN02-B47.5",
            "count": 100,
            "created_time": "2025-01-02T04:43:08.975878Z",
            "yes_price": 32,
            "no_price": 68,
            "taker_side": "yes"
        },
        {
