{
    "KXHIGHDEN-25APR08-T69": [
        {
            "trade_id": "bc64eb80-dfb4-4644-b34e-1b431c9c7a8a",
            "ticker": "KXHIGHDEN-25APR08-T69",
            "count": 87,
            "created_time": "2025-04-08T16:11:41.627673Z",
            "yes_price": 3,
            "no_price": 97,
            "taker_side": "yes"
        },
        {
            "trade_id": "6b5b0559-0cd9-4dab-81bd-eeed36f60733",
            "ticker": "KXHIGHDEN-25APR08-T69",
            "count": 13,
            "created_time": "2025-04-08T16:11:41.627673Z",
            "yes_price": 2,
            "no_price": 98,
            "taker_side": "yes"
        },
        {
            "trade_id": "153b7c49-3821-4f7d-8a98-9d7a7cad6c58",
            "ticker": "KXHIGHDEN-25APR08-T69",
            "count": 2,
            "created_time": "2025-04-08T13:05:15.819388Z",
            "yes_price": 1,
            "no_price": 99,
            "taker_side": "no"
        },
        {
            "trade_id": "d46fbf0f-d90b-4d61-94c9-75cc1aaccda8",
            "ticker": "KXHIGHDEN-25APR08-T69",
            "count": 23,
            "created_time": "2025-04-08T12:36:27.152278Z",
            "yes_price": 3,
            "no_price": 97,
            "taker_side": "no"
        },
        {
            "trade_id": "f6ce8fb3-81fb-476c-965b-ebe1a0e2083e",
            "ticker": "KXHIGHDEN-25APR08-T69",
            "count": 2,
            "created_time": "2025-04-08T12:10:08.899233Z",
            "yes_price": 3,
            "no_price": 97,
            "taker_side": "no"
        },
        {
            "trade_id": "6feb873a-2d7d-48d0-853e-b57c09f75502",
            "ticker": "KXHIGHDEN-25APR08-T69",
            "count": 300,
            "created_time": "2025-04-08T12:10:08.899233Z",
            "yes_price": 1,
            "no_price": 99,
            "taker_side": "no"
        },
        {
            "trade_id": "47cc6d1d-49e9-4b8f-a079-e03ad53564e2",
            "ticker": "KXHIGHDEN-25APR08-T69",
            "count": 98,
            "created_time": "2025-04-08T12:10:08.899233Z",
            "yes_price": 1,
            "no_price": 99,
            "taker_side": "no"
        },
        {
            "trade_id": "1a8e3031-3136-45ff-9e4e-03867f596c73",
            "ticker": "KXHIGHDEN-25APR08-T69",
            "count": 50,
            "created_time": "2025-04-08T12:10:08.899233Z",
            "yes_price": 2,
            "no_price": 98,
            "taker_side": "no"
        },
        {
            "trade_id": "8146d33d-43c9-4c40-b10d-812a87f1fa9c",
            "ticker": "KXHIGHDEN-25APR08-T69",
            "count": 11,
            "created_time": "2025-04-08T06:34:48.312244Z",
            "yes_price": 4,
            "no_price": 96,
            "taker_side": "no"
        },
        {
            "trade_id": "003f0d1c-52a3-4b35-860a-f2d7a3ca1fb4",
            "ticker": "KXHIGHDEN-25APR08-T69",
            "count": 31,
            "created_time": "2025-04-08T06:30:19.983285Z",
            "yes_price": 4,
            "no_price": 96,
            "taker_side": "no"
        },
        {
            "trade_id": "f5c58d82-afb3-4fe8-9d2e-679e301b470e",
            "ticker": "KXHIGHDEN-25APR08-T69",
            "count": 1,
            "created_time": "2025-04-08T04:30:12.406823Z",
            "yes_price": 4,
            "no_price": 96,
            "taker_side": "yes"
        },
        {
            "trade_id": "89829a0b-f486-4d44-8d7c-fad88775e96f",
            "ticker": "KXHIGHDEN-25APR08-T69",
            "count": 10,
            "created_time": "2025-04-08T04:30:12.406823Z",
            "yes_price": 4,
            "no_price": 96,
            "taker_side": "yes"
        },
        {
            "trade_id": "8261d711-2105-441c-ab9e-1e34eb564c39",
            "ticker": "KXHIGHDEN-25APR08-T69",
            "count": 66,
            "created_time": "2025-04-08T04:30:12.406823Z",
            "yes_price": 5,
            "no_price": 95,
            "taker_side": "yes"
        },
        {
            "trade_id": "bd09439f-1e27-4bb2-9d49-ff2546bfe16b",
            "ticker": "KXHIGHDEN-25APR08-T69",
            "count": 40,
            "created_time": "2025-04-08T04:22:14.452099Z",
            "yes_price": 4,
            "no_price": 96,
            "taker_side": "yes"
        },
        {
            "trade_id": "4f3de6ff-72c1-402a-9e0d-9a4b18115887",
            "ticker": "KXHIGHDEN-25APR08-T69",
            "count": 4,
            "created_time": "2025-04-08T04:22:14.452099Z",
            "yes_price": 4,
            "no_price": 96,
            "taker_side": "yes"
        }
    ],
    "KXHIGHDEN-25APR08-B69.5": [
        {
            "trade_id": "ba0351a4-2983-4c23-98ca-8fbfc43536bc",
            "ticker": "KXHIGHDEN-25APR08-B69.5",
            "count": 4,
            "created_time": "2025-04-08T20:07:59.539464Z",
            "yes_price": 1,
            "no_price": 99,
            "taker_side": "yes"
        },
        {
            "trade_id": "ddc66918-24b8-4e85-8514-80774ea96f40",
            "ticker": "KXHIGHDEN-25APR08-B69.5",
            "count": 742,
            "created_time": "2025-04-08T19:39:32.684503Z",
            "yes_price": 1,
            "no_price": 99,
            "taker_side": "yes"
        },
        {
            "trade_id": "89914dd3-6345-44ed-8e37-5f0756a18cdc",
            "ticker": "KXHIGHDEN-25APR08-B69.5",
            "count": 99,
            "created_time": "2025-04-08T19:39:32.684503Z",
            "yes_price": 1,
            "no_price": 99,
            "taker_side": "yes"
        },
        {
            "trade_id": "9144a312-4d04-40dc-b286-b339b2b09e0c",
            "ticker": "KXHIGHDEN-25APR08-B69.5",
            "count": 151,
            "created_time": "2025-04-08T18:58:29.074126Z",
            "yes_price": 1,
            "no_price": 99,
            "taker_side": "yes"
        },
        {
            "trade_id": "d254ff90-2221-48bb-a783-d4f5cd5e8aad",
            "ticker": "KXHIGHDEN-25APR08-B69.5",
            "count": 38,
            "created_time": "2025-04-08T17:50:44.957919Z",
            "yes_price": 2,
            "no_price": 98,
            "taker_side": "no"
        },
        {
            "trade_id": "b1066b8b-eeaf-42ff-9975-40043bd49699",
            "ticker": "KXHIGHDEN-25APR08-B69.5",
            "count": 50,
            "created_time": "2025-04-08T17:50:44.957919Z",
            "yes_price": 2,
            "no_price": 98,
            "taker_side": "no"
        },
        {
            "trade_id": "874767ca-4779-404b-9372-8c3fdf420ea2",
            "ticker": "KXHIGHDEN-25APR08-B69.5",
            "count": 100,
            "created_time": "2025-04-08T17:48:59.393297Z",
            "yes_price": 2,
            "no_price": 98,
            "taker_side": "no"
        },
        {
            "trade_id": "e91e75bc-f1ac-4123-8404-f3a209c40ec5",
            "ticker": "KXHIGHDEN-25APR08-B69.5",
            "count": 39,
            "created_time": "2025-04-08T17:48:56.578517Z",
            "yes_price": 3,
            "no_price": 97,
            "taker_side": "no"
        },
        {
            "trade_id": "a970cdab-6842-4764-a5ae-11a6d55c1db9",
            "ticker": "KXHIGHDEN-25APR08-B69.5",
            "count": 7,
            "created_time": "2025-04-08T17:48:41.470854Z",
            "yes_price": 3,
            "no_price": 97,
            "taker_side": "no"
        },
        {
            "trade_id": "47dc2fdb-7793-4b62-b3e1-d7ce85ac64fd",
            "ticker": "KXHIGHDEN-25APR08-B69.5",
            "count": 66,
            "created_time": "2025-04-08T17:48:41.470854Z",
            "yes_price": 3,
            "no_price": 97,
            "taker_side": "no"
        },
        {
            "trade_id": "aabae77c-ec73-4a1e-a21c-ab9b1912158f",
            "ticker": "KXHIGHDEN-25APR08-B69.5",
            "count": 30,
            "created_time": "2025-04-08T17:47:59.823686Z",
            "yes_price": 4,
            "no_price": 96,
            "taker_side": "no"
        },
        {
            "trade_id": "2fcbc2c1-3b8a-4777-8e3e-2ecb02c928d5",
            "ticker": "KXHIGHDEN-25APR08-B69.5",
            "count": 10,
            "created_time": "2025-04-08T17:45:43.554293Z",
            "yes_price": 9,
            "no_price": 91,
            "taker_side": "yes"
        },
        {
            "trade_id": "a87fe54c-85ed-4ef4-b0a9-17d5fa521e23",
            "ticker": "KXHIGHDEN-25APR08-B69.5",
            "count": 3,
            "created_time": "2025-04-08T17:37:53.466867Z",
            "yes_price": 4,
            "no_price": 96,
            "taker_side": "no"
        },
        {
            "trade_id": "6b37c959-6178-4c00-844c-a0591a7081c1",
            "ticker": "KXHIGHDEN-25APR08-B69.5",
            "count": 25,
            "created_time": "2025-04-08T17:10:51.084538Z",
            "yes_price": 5,
            "no_price": 95,
            "taker_side": "yes"
        },
        {
            "trade_id": "826cc24d-5766-443b-9f8f-4bbf40ec97e6",
            "ticker": "KXHIGHDEN-25APR08-B69.5",
            "count": 25,
            "created_time": "2025-04-08T16:24:21.889087Z",
            "yes_price": 5,
            "no_price": 95,
            "taker_side": "no"
        },
        {
            "trade_id": "e055fd85-4e45-436c-97ad-1237f7e2f452",
            "ticker": "KXHIGHDEN-25APR08-B69.5",
            "count": 14,
            "created_time": "2025-04-08T16:24:07.972765Z",
            "yes_price": 5,
            "no_price": 95,
            "taker_side": "yes"
        },
        {
            "trade_id": "c23c0024-2d5f-48ec-8380-a28b233bd5bb",
            "ticker": "KXHIGHDEN-25APR08-B69.5",
            "count": 10,
            "created_time": "2025-04-08T16:24:01.272508Z",
            "yes_price": 5,
            "no_price": 95,
            "taker_side": "yes"
        },
        {
            "trade_id": "77c59385-ef22-4e57-95ff-4eeb12b51cce",
            "ticker": "KXHIGHDEN-25APR08-B69.5",
            "count": 25,
            "created_time": "2025-04-08T16:23:25.430795Z",
            "yes_price": 7,
            "no_price": 93,
            "taker_side": "no"
        },
        {
            "trade_id": "4d897e2f-0f99-40d7-8746-13041dde2cca",
            "ticker": "KXHIGHDEN-25APR08-B69.5",
            "count": 7,
            "created_time": "2025-04-08T16:23:25.430795Z",
            "yes_price": 7,
            "no_price": 93,
            "taker_side": "no"
        },
        {
            "trade_id": "26427cdd-389e-4fe6-a20a-5f27892168ad",
            "ticker": "KXHIGHDEN-25APR08-B69.5",
            "count": 24,
            "created_time": "2025-04-08T16:23:25.430795Z",
            "yes_price": 6,
            "no_price": 94,
            "taker_side": "no"
        },
        {
            "trade_id": "f85192ca-63d6-4116-a0e0-814d1873f1d0",
            "ticker": "KXHIGHDEN-25APR08-B69.5",
            "count": 1,
            "created_time": "2025-04-08T16:12:06.257458Z",
            "yes_price": 8,
            "no_price": 92,
            "taker_side": "no"
        },
        {
            "trade_id": "e177b557-9792-4300-8a43-213fa56be3e0",
            "ticker": "KXHIGHDEN-25APR08-B69.5",
            "count": 25,
            "created_time": "2025-04-08T16:11:53.589981Z",
            "yes_price": 10,
            "no_price": 90,
            "taker_side": "yes"
        },
        {
            "trade_id": "ab405dc2-5424-4eb3-be9e-cae7e40cee3f",
            "ticker": "KXHIGHDEN-25APR08-B69.5",
            "count": 8,
            "created_time": "2025-04-08T16:11:53.589981Z",
            "yes_price": 10,
            "no_price": 90,
            "taker_side": "yes"
        },
        {
            "trade_id": "51aaa325-a3aa-4622-9fab-0037690cc519",
            "ticker": "KXHIGHDEN-25APR08-B69.5",
            "count": 80,
            "created_time": "2025-04-08T16:11:53.589981Z",
            "yes_price": 10,
            "no_price": 90,
            "taker_side": "yes"
        },
        {
            "trade_id": "0b87a2f8-de2b-4899-911d-0e4ee5a3df6d",
            "ticker": "KXHIGHDEN-25APR08-B69.5",
            "count": 74,
            "created_time": "2025-04-08T16:11:53.589981Z",
            "yes_price": 12,
            "no_price": 88,
            "taker_side": "yes"
        },
        {
            "trade_id": "d5817b17-63e3-4fd3-9c7e-5c1b28f8cca3",
            "ticker": "KXHIGHDEN-25APR08-B69.5",
            "count": 1,
            "created_time": "2025-04-08T16:11:08.209899Z",
            "yes_price": 8,
            "no_price": 92,
            "taker_side": "yes"
        },
        {
            "trade_id": "8a15213b-3cf3-4122-915e-02014aeeefe7",
            "ticker": "KXHIGHDEN-25APR08-B69.5",
            "count": 1,
            "created_time": "2025-04-08T16:11:08.209899Z",
            "yes_price": 8,
            "no_price": 92,
            "taker_side": "yes"
        },
        {
            "trade_id": "00081ff7-34da-45d3-9547-4a9b41e74f51",
            "ticker": "KXHIGHDEN-25APR08-B69.5",
            "count": 6,
            "created_time": "2025-04-08T16:10:51.55926Z",
            "yes_price": 7,
            "no_price": 93,
            "taker_side": "yes"
        },
        {
            "trade_id": "b3678f1c-512f-405f-8912-21e3a860612e",
            "ticker": "KXHIGHDEN-25APR08-B69.5",
            "count": 5,
            "created_time": "2025-04-08T16:08:47.156729Z",
            "yes_price": 7,
            "no_price": 93,
            "taker_side": "no"
        },
        {
            "trade_id": "734ecd7b-b2a6-4bb5-a068-fb9188afbc0a",
            "ticker": "KXHIGHDEN-25APR08-B69.5",
            "count": 7,
            "created_time": "2025-04-08T16:08:47.156729Z",
            "yes_price": 6,
            "no_price": 94,
            "taker_side": "no"
        },
        {
            "trade_id": "4aa9cf1c-713a-482f-97e3-3e0c1bf927f2",
            "ticker": "KXHIGHDEN-25APR08-B69.5",
            "count": 15,
            "created_time": "2025-04-08T16:08:47.156729Z",
            "yes_price": 5,
            "no_price": 95,
            "taker_side": "no"
        },
        {
            "trade_id": "ab186b98-456c-4650-be60-5ef48c69f15f",
            "ticker": "KXHIGHDEN-25APR08-B69.5",
            "count": 16,
            "created_time": "2025-04-08T16:06:15.054734Z",
            "yes_price": 8,
            "no_price": 92,
            "taker_side": "yes"
        },
        {
            "trade_id": "41493922-7c84-4bb5-aeb6-fc058ab9b404",
            "ticker": "KXHIGHDEN-25APR08-B69.5",
            "count": 6,
            "created_time": "2025-04-08T16:06:15.054734Z",
            "yes_price": 8,
            "no_price": 92,
            "taker_side": "yes"
        },
        {
            "trade_id": "3725d22c-243f-46a4-8bbd-c4ed2ebe4db8",
            "ticker": "KXHIGHDEN-25APR08-B69.5",
            "count": 1,
            "created_time": "2025-04-08T16:06:15.054734Z",
            "yes_price": 8,
            "no_price": 92,
            "taker_side": "yes"
        },
        {
            "trade_id": "f464d683-7171-4bd5-9921-db792e82837a",
            "ticker": "KXHIGHDEN-25APR08-B69.5",
            "count": 8,
            "created_time": "2025-04-08T16:05:13.118719Z",
            "yes_price": 7,
            "no_price": 93,
            "taker_side": "yes"
        },
        {
            "trade_id": "87b6b441-3176-486e-bf14-da1ca85ee68e",
            "ticker": "KXHIGHDEN-25APR08-B69.5",
            "count": 50,
            "created_time": "2025-04-08T16:05:13.118719Z",
            "yes_price": 7,
            "no_price": 93,
            "taker_side": "yes"
        },
        {
            "trade_id": "004a710c-c258-425a-8138-2b2f6953f726",
            "ticker": "KXHIGHDEN-25APR08-B69.5",
            "count": 30,
            "created_time": "2025-04-08T16:05:13.118719Z",
            "yes_price": 7,
            "no_price": 93,
            "taker_side": "yes"
        },
        {
            "trade_id": "4dc2600a-ee02-452d-b4c3-8f868b38c780",
            "ticker": "KXHIGHDEN-25APR08-B69.5",
            "count": 11,
            "created_time": "2025-04-08T16:03:56.19041Z",
            "yes_price": 6,
            "no_price": 94,
            "taker_side": "yes"
        },
        {
            "trade_id": "60d95275-240e-4d2e-8e6d-4f9e31e180be",
            "ticker": "KXHIGHDEN-25APR08-B69.5",
            "count": 25,
            "created_time": "2025-04-08T16:02:06.550655Z",
            "yes_price": 5,
            "no_price": 95,
            "taker_side": "yes"
        },
        {
            "trade_id": "99fad30b-12d5-4a74-9b72-e1631f988742",
            "ticker": "KXHIGHDEN-25APR08-B69.5",
            "count": 35,
            "created_time": "2025-04-08T15:53:16.906296Z",
            "yes_price": 5,
            "no_price": 95,
            "taker_side": "yes"
        },
        {
            "trade_id": "5072f390-ecb5-4180-9398-bad6d50dd71e",
            "ticker": "KXHIGHDEN-25APR08-B69.5",
            "count": 65,
            "created_time": "2025-04-08T15:53:16.906296Z",
            "yes_price": 7,
            "no_price": 93,
            "taker_side": "yes"
        },
        {
            "trade_id": "9210db9b-b2f8-4c3b-bd2e-ddda89016960",
            "ticker": "KXHIGHDEN-25APR08-B69.5",
            "count": 15,
            "created_time": "2025-04-08T15:00:18.539937Z",
            "yes_price": 6,
            "no_price": 94,
            "taker_side": "no"
        },
        {
            "trade_id": "2155cc2e-e711-40bc-87d8-47e7578de095",
            "ticker": "KXHIGHDEN-25APR08-B69.5",
            "count": 20,
            "created_time": "2025-04-08T15:00:18.539937Z",
            "yes_price": 7,
            "no_price": 93,
            "taker_side": "no"
        },
        {
            "trade_id": "bffd9be5-4285-4c6b-950c-3d0e21b923d7",
            "ticker": "KXHIGHDEN-25APR08-B69.5",
            "count": 5,
            "created_time": "2025-04-08T14:26:20.046374Z",
            "yes_price": 8,
            "no_price": 92,
            "taker_side": "yes"
        },
        {
            "trade_id": "7d99932d-73f0-41ca-86d9-d4ab6133e9a8",
            "ticker": "KXHIGHDEN-25APR08-B69.5",
            "count": 43,
            "created_time": "2025-04-08T13:19:31.206233Z",
            "yes_price": 3,
            "no_price": 97,
            "taker_side": "no"
        },
        {
            "trade_id": "081a7b8a-05bd-47fe-aa0f-f164b6826a30",
            "ticker": "KXHIGHDEN-25APR08-B69.5",
            "count": 40,
            "created_time": "2025-04-08T13:19:31.206233Z",
            "yes_price": 4,
            "no_price": 96,
            "taker_side": "no"
        },
        {
            "trade_id": "f113abaf-fbd7-4fee-9ba0-7b9a5d8ddeae",
            "ticker": "KXHIGHDEN-25APR08-B69.5",
            "count": 17,
            "created_time": "2025-04-08T12:59:29.907792Z",
            "yes_price": 5,
            "no_price": 95,
            "taker_side": "no"
        },
        {
            "trade_id": "779db8ec-129a-4497-90e3-92ce99d50575",
            "ticker": "KXHIGHDEN-25APR08-B69.5",
            "count": 1,
            "created_time": "2025-04-08T12:30:05.357282Z",
            "yes_price": 6,
            "no_price": 94,
            "taker_side": "no"
        },
        {
            "trade_id": "8c570f0e-a962-43dc-82fc-bedfa4c3ac18",
            "ticker": "KXHIGHDEN-25APR08-B69.5",
            "count": 1,
            "created_time": "2025-04-08T12:24:14.563966Z",
            "yes_price": 9,
            "no_price": 91,
            "taker_side": "yes"
        },
        {
            "trade_id": "274eb673-4e30-4fce-b2ce-a8b9df375e9e",
            "ticker": "KXHIGHDEN-25APR08-B69.5",
            "count": 18,
            "created_time": "2025-04-08T12:24:14.563966Z",
            "yes_price": 9,
            "no_price": 91,
            "taker_side": "yes"
        },
        {
            "trade_id": "abf7704f-d7e6-4ced-807a-5bf114e27b2f",
            "ticker": "KXHIGHDEN-25APR08-B69.5",
            "count": 11,
            "created_time": "2025-04-08T06:34:48.310904Z",
            "yes_price": 6,
            "no_price": 94,
            "taker_side": "no"
        },
        {
            "trade_id": "25efbffc-57dd-45cc-8d4e-b8082e42f2ef",
            "ticker": "KXHIGHDEN-25APR08-B69.5",
            "count": 31,
            "created_time": "2025-04-08T06:30:19.983107Z",
            "yes_price": 7,
            "no_price": 93,
            "taker_side": "no"
        },
        {
            "trade_id": "5997eb9b-6012-49f5-8fe8-fd985de20be0",
            "ticker": "KXHIGHDEN-25APR08-B69.5",
            "count": 1,
            "created_time": "2025-04-08T04:30:23.232709Z",
            "yes_price": 8,
            "no_price": 92,
            "taker_side": "yes"
        },
        {
            "trade_id": "5643a78b-d79b-40cb-abd2-c0594027f1ce",
            "ticker": "KXHIGHDEN-25APR08-B69.5",
            "count": 30,
            "created_time": "2025-04-08T04:30:23.232709Z",
            "yes_price": 9,
            "no_price": 91,
            "taker_side": "yes"
        },
        {
            "trade_id": "f00c4c8b-a561-4f9f-b317-f711db60ed12",
            "ticker": "KXHIGHDEN-25APR08-B69.5",
            "count": 19,
            "created_time": "2025-04-08T04:26:01.273054Z",
            "yes_price": 9,
            "no_price": 91,
            "taker_side": "yes"
        },
        {
            "trade_id": "dafda954-a038-4ae7-b442-cf7f7a836057",
            "ticker": "KXHIGHDEN-25APR08-B69.5",
            "count": 25,
            "created_time": "2025-04-08T04:26:01.273054Z",
            "yes_price": 8,
            "no_price": 92,
            "taker_side": "yes"
        },
        {
            "trade_id": "6e199fbe-e633-423a-baf5-0af9e019f170",
            "ticker": "KXHIGHDEN-25APR08-B69.5",
            "count": 3,
            "created_time": "2025-04-08T04:26:01.273054Z",
            "yes_price": 8,
            "no_price": 92,
            "taker_side": "yes"
        },
        {
            "trade_id": "30f16f48-bca9-4b1d-ae86-c19132075fef",
            "ticker": "KXHIGHDEN-25APR08-B69.5",
            "count": 9,
            "created_time": "2025-04-08T04:26:01.273054Z",
            "yes_price": 8,
            "no_price": 92,
            "taker_side": "yes"
        },
        {
            "trade_id": "9a1980cb-5741-48af-9348-ac8bf5a56367",
            "ticker": "KXHIGHDEN-25APR08-B69.5",
            "count": 68,
            "created_time": "2025-04-08T00:03:28.307113Z",
            "yes_price": 10,
            "no_price": 90,
            "taker_side": "yes"
        },
        {
            "trade_id": "64fc0dc5-ce42-4f3a-99d3-a609864de81f",
            "ticker": "KXHIGHDEN-25APR08-B69.5",
            "count": 81,
            "created_time": "2025-04-08T00:03:28.307113Z",
            "yes_price": 9,
            "no_price": 91,
            "taker_side": "yes"
        },
        {
            "trade_id": "fee4533a-2e9e-42fc-bae5-2fd40f657a79",
            "ticker": "KXHIGHDEN-25APR08-B69.5",
            "count": 4,
            "created_time": "2025-04-08T00:03:16.361623Z",
            "yes_price": 8,
            "no_price": 92,
            "taker_side": "yes"
        },
        {
            "trade_id": "bcfc07e2-2494-4a41-ad6c-7b10e8c2a39e",
            "ticker": "KXHIGHDEN-25APR08-B69.5",
            "count": 6,
            "created_time": "2025-04-08T00:03:16.361623Z",
            "yes_price": 8,
            "no_price": 92,
            "taker_side": "yes"
        },
        {
            "trade_id": "50f15907-bb30-4aaa-8394-72135c869b27",
            "ticker": "KXHIGHDEN-25APR08-B69.5",
            "count": 40,
            "created_time": "2025-04-07T23:55:18.790299Z",
            "yes_price": 7,
            "no_price": 93,
            "taker_side": "yes"
        },
        {
            "trade_id": "f362e311-4ed7-47bb-a0bb-7b4de387dfed",
            "ticker": "KXHIGHDEN-25APR08-B69.5",
            "count": 4,
            "created_time": "2025-04-07T23:24:55.879307Z",
            "yes_price": 8,
            "no_price": 92,
            "taker_side": "yes"
        },
        {
            "trade_id": "03f9a2a8-5dfe-4a44-8d98-b0af86bc0f9e",
            "ticker": "KXHIGHDEN-25APR08-B69.5",
            "count": 31,
            "created_time": "2025-04-07T23:24:55.879307Z",
            "yes_price": 8,
            "no_price": 92,
            "taker_side": "yes"
        }
    ],
    "KXHIGHDEN-25APR08-B71.5": [
        {
            "trade_id": "5496476c-4f9c-45e7-ba1b-ed6874937576",
            "ticker": "KXHIGHDEN-25APR08-B71.5",
            "count": 83,
            "created_time": "2025-04-08T21:47:07.973066Z",
            "yes_price": 1,
            "no_price": 99,
            "taker_side": "yes"
        },
        {
            "trade_id": "faeab861-be93-4f14-92bb-59bd1b6ed7ce",
            "ticker": "KXHIGHDEN-25APR08-B71.5",
            "count": 10,
            "created_time": "2025-04-08T21:47:07.804663Z",
            "yes_price": 2,
            "no_price": 98,
            "taker_side": "no"
        },
        {
            "trade_id": "54e2cd5b-b705-4985-93d8-91d3e5d6cc52",
            "ticker": "KXHIGHDEN-25APR08-B71.5",
            "count": 2454,
            "created_time": "2025-04-08T21:47:07.804663Z",
            "yes_price": 1,
            "no_price": 99,
            "taker_side": "no"
        },
        {
            "trade_id": "2b799425-3a2f-4dbe-b835-c62214cb9851",
            "ticker": "KXHIGHDEN-25APR08-B71.5",
            "count": 500,
            "created_time": "2025-04-08T21:47:07.804663Z",
            "yes_price": 1,
            "no_price": 99,
            "taker_side": "no"
        },
        {
            "trade_id": "1a797847-d93e-47c0-a99a-de3bbdf0d9c6",
            "ticker": "KXHIGHDEN-25APR08-B71.5",
            "count": 99,
            "created_time": "2025-04-08T21:47:07.804663Z",
            "yes_price": 1,
            "no_price": 99,
            "taker_side": "no"
        },
        {
            "trade_id": "358f28e7-5acf-4e90-8c51-556260fc5eb0",
            "ticker": "KXHIGHDEN-25APR08-B71.5",
            "count": 10,
            "created_time": "2025-04-08T21:47:05.018948Z",
            "yes_price": 3,
            "no_price": 97,
            "taker_side": "yes"
        },
        {
            "trade_id": "f3d7ebfc-a029-4771-bb83-34ef2f6f773d",
            "ticker": "KXHIGHDEN-25APR08-B71.5",
            "count": 50,
            "created_time": "2025-04-08T21:45:41.726917Z",
            "yes_price": 7,
            "no_price": 93,
            "taker_side": "no"
        },
        {
            "trade_id": "350485f8-a453-4fde-9db5-ec100fa4b01e",
            "ticker": "KXHIGHDEN-25APR08-B71.5",
            "count": 15,
            "created_time": "2025-04-08T21:45:41.726917Z",
            "yes_price": 6,
            "no_price": 94,
            "taker_side": "no"
        },
        {
            "trade_id": "1c9e76ba-1fe3-46d3-b423-ecbac25a425b",
            "ticker": "KXHIGHDEN-25APR08-B71.5",
            "count": 20,
            "created_time": "2025-04-08T21:45:41.726917Z",
            "yes_price": 5,
            "no_price": 95,
            "taker_side": "no"
        },
        {
            "trade_id": "e9d413e4-2fd7-4fa3-813a-292d8686c839",
            "ticker": "KXHIGHDEN-25APR08-B71.5",
            "count": 10,
            "created_time": "2025-04-08T21:45:10.260166Z",
            "yes_price": 3,
            "no_price": 97,
            "taker_side": "no"
        },
        {
            "trade_id": "c25ace88-8c59-40e4-b089-edcb0f515069",
            "ticker": "KXHIGHDEN-25APR08-B71.5",
            "count": 10,
            "created_time": "2025-04-08T21:45:03.281967Z",
            "yes_price": 3,
            "no_price": 97,
            "taker_side": "no"
        },
        {
            "trade_id": "f168397c-20f5-4ce1-813d-fda54e35e7a1",
            "ticker": "KXHIGHDEN-25APR08-B71.5",
            "count": 10,
            "created_time": "2025-04-08T21:44:40.889891Z",
            "yes_price": 3,
            "no_price": 97,
            "taker_side": "no"
        },
        {
            "trade_id": "89b2a42e-454e-400c-8fba-9e80937563fc",
            "ticker": "KXHIGHDEN-25APR08-B71.5",
            "count": 10,
            "created_time": "2025-04-08T21:44:02.400497Z",
            "yes_price": 3,
            "no_price": 97,
            "taker_side": "no"
        },
        {
            "trade_id": "7fa4f691-c0dd-4188-8b40-d721f713482c",
            "ticker": "KXHIGHDEN-25APR08-B71.5",
            "count": 99,
            "created_time": "2025-04-08T21:44:02.400497Z",
            "yes_price": 2,
            "no_price": 98,
            "taker_side": "no"
        },
        {
            "trade_id": "2deec5d8-03b9-4303-a58c-6b0054ef842e",
            "ticker": "KXHIGHDEN-25APR08-B71.5",
            "count": 46,
            "created_time": "2025-04-08T21:44:02.400497Z",
            "yes_price": 1,
            "no_price": 99,
            "taker_side": "no"
        },
        {
            "trade_id": "2aeb1cce-fa7d-475c-934c-ce11e2067e59",
            "ticker": "KXHIGHDEN-25APR08-B71.5",
            "count": 13,
            "created_time": "2025-04-08T21:44:02.400497Z",
            "yes_price": 2,
            "no_price": 98,
            "taker_side": "no"
        },
        {
            "trade_id": "700feab6-151a-4c47-bce1-af268278a58a",
            "ticker": "KXHIGHDEN-25APR08-B71.5",
            "count": 32,
            "created_time": "2025-04-08T21:43:58.101823Z",
            "yes_price": 20,
            "no_price": 80,
            "taker_side": "yes"
        },
        {
            "trade_id": "d01d1f5e-3578-4c2e-8557-b4238d184d2b",
            "ticker": "KXHIGHDEN-25APR08-B71.5",
            "count": 8,
            "created_time": "2025-04-08T21:43:58.046742Z",
            "yes_price": 20,
            "no_price": 80,
            "taker_side": "yes"
        },
        {
            "trade_id": "a70ee675-f6ad-421a-8cdf-de05d2f9ecc1",
            "ticker": "KXHIGHDEN-25APR08-B71.5",
            "count": 25,
            "created_time": "2025-04-08T21:43:58.046742Z",
            "yes_price": 19,
            "no_price": 81,
            "taker_side": "yes"
        },
        {
            "trade_id": "c7b9ab85-6150-4b4e-9c8a-4fb1fd81414f",
            "ticker": "KXHIGHDEN-25APR08-B71.5",
            "count": 38,
            "created_time": "2025-04-08T21:43:57.81301Z",
            "yes_price": 32,
            "no_price": 68,
            "taker_side": "no"
        },
        {
            "trade_id": "558ba2fb-5e3c-4536-9679-2cb60f7be64e",
            "ticker": "KXHIGHDEN-25APR08-B71.5",
            "count": 19,
            "created_time": "2025-04-08T21:43:57.81301Z",
            "yes_price": 31,
            "no_price": 69,
            "taker_side": "no"
        },
        {
            "trade_id": "be1e4752-e399-422c-884d-705d3843adce",
            "ticker": "KXHIGHDEN-25APR08-B71.5",
            "count": 25,
            "created_time": "2025-04-08T21:43:50.431949Z",
            "yes_price": 42,
            "no_price": 58,
            "taker_side": "no"
        },
        {
            "trade_id": "9d1615a9-7012-4721-8888-d90b42e9967a",
            "ticker": "KXHIGHDEN-25APR08-B71.5",
            "count": 10,
            "created_time": "2025-04-08T21:43:50.431949Z",
            "yes_price": 46,
            "no_price": 54,
            "taker_side": "no"
        },
        {
            "trade_id": "2e2641d4-cdfd-45ca-8746-c1d628d184ce",
            "ticker": "KXHIGHDEN-25APR08-B71.5",
            "count": 8,
            "created_time": "2025-04-08T21:43:50.431949Z",
            "yes_price": 42,
            "no_price": 58,
            "taker_side": "no"
        },
        {
            "trade_id": "1b9462c5-c3c7-4e7d-881b-b99ce5bbfb21",
            "ticker": "KXHIGHDEN-25APR08-B71.5",
            "count": 40,
            "created_time": "2025-04-08T21:43:50.431949Z",
            "yes_price": 41,
            "no_price": 59,
            "taker_side": "no"
        },
        {
            "trade_id": "11f28d11-c411-4bcb-b8a8-cd4df23e9567",
            "ticker": "KXHIGHDEN-25APR08-B71.5",
            "count": 15,
            "created_time": "2025-04-08T21:43:50.431949Z",
            "yes_price": 46,
            "no_price": 54,
            "taker_side": "no"
        },
        {
            "trade_id": "11e054ef-5003-432f-929d-d3e2fb3fef03",
            "ticker": "KXHIGHDEN-25APR08-B71.5",
            "count": 10,
            "created_time": "2025-04-08T21:43:16.875075Z",
            "yes_price": 45,
            "no_price": 55,
            "taker_side": "no"
        },
        {
            "trade_id": "6ee981ad-f9db-450b-9cc1-f73bba8a15dd",
            "ticker": "KXHIGHDEN-25APR08-B71.5",
            "count": 215,
            "created_time": "2025-04-08T21:42:08.250303Z",
            "yes_price": 25,
            "no_price": 75,
            "taker_side": "yes"
        },
        {
            "trade_id": "63a7d4ed-11e7-4287-ac5d-4d5fd2f054e8",
            "ticker": "KXHIGHDEN-25APR08-B71.5",
            "count": 10,
            "created_time": "2025-04-08T21:41:44.657379Z",
            "yes_price": 21,
            "no_price": 79,
            "taker_side": "yes"
        },
        {
            "trade_id": "7729058a-ea39-4256-8b16-52d1eba0984e",
            "ticker": "KXHIGHDEN-25APR08-B71.5",
            "count": 2,
            "created_time": "2025-04-08T21:39:24.441891Z",
            "yes_price": 3,
            "no_price": 97,
            "taker_side": "no"
        },
        {
            "trade_id": "9d5ac76e-8fc1-40a3-a13b-09108711bc67",
            "ticker": "KXHIGHDEN-25APR08-B71.5",
            "count": 326,
            "created_time": "2025-04-08T21:35:05.803401Z",
            "yes_price": 1,
            "no_price": 99,
            "taker_side": "yes"
        },
        {
            "trade_id": "cb5c46f3-46fb-435c-81c9-131793947504",
            "ticker": "KXHIGHDEN-25APR08-B71.5",
            "count": 1,
            "created_time": "2025-04-08T21:34:08.902607Z",
            "yes_price": 1,
            "no_price": 99,
            "taker_side": "yes"
        },
        {
            "trade_id": "e300b9d6-cdd0-4ed6-af6d-636da9c2475d",
            "ticker": "KXHIGHDEN-25APR08-B71.5",
            "count": 11,
            "created_time": "2025-04-08T21:31:30.953036Z",
            "yes_price": 1,
            "no_price": 99,
            "taker_side": "no"
        },
        {
            "trade_id": "4bd5d238-114d-463a-a53e-b3804548d1ea",
            "ticker": "KXHIGHDEN-25APR08-B71.5",
            "count": 40,
            "created_time": "2025-04-08T21:31:30.953036Z",
            "yes_price": 1,
            "no_price": 99,
            "taker_side": "no"
        },
        {
            "trade_id": "746fbc52-eed0-40f1-8f6b-785825df26bf",
            "ticker": "KXHIGHDEN-25APR08-B71.5",
            "count": 2,
            "created_time": "2025-04-08T21:31:18.397257Z",
            "yes_price": 2,
            "no_price": 98,
            "taker_side": "yes"
        },
        {
            "trade_id": "981db181-8d70-4d93-ab6f-cf89b3bd48fa",
            "ticker": "KXHIGHDEN-25APR08-B71.5",
            "count": 10,
            "created_time": "2025-04-08T21:31:17.442294Z",
            "yes_price": 2,
            "no_price": 98,
            "taker_side": "no"
        },
        {
            "trade_id": "9ea476b1-56ec-4ca2-b01e-97f845bffad6",
            "ticker": "KXHIGHDEN-25APR08-B71.5",
            "count": 22,
            "created_time": "2025-04-08T21:23:01.714761Z",
            "yes_price": 21,
            "no_price": 79,
            "taker_side": "yes"
        },
        {
            "trade_id": "c85bb0e3-226c-4576-ab1f-56597d9d9257",
            "ticker": "KXHIGHDEN-25APR08-B71.5",
            "count": 17,
            "created_time": "2025-04-08T21:21:12.286964Z",
            "yes_price": 16,
            "no_price": 84,
            "taker_side": "no"
        },
        {
            "trade_id": "367106eb-473f-4676-ad17-eade2b0985a6",
            "ticker": "KXHIGHDEN-25APR08-B71.5",
            "count": 40,
            "created_time": "2025-04-08T21:21:12.286964Z",
            "yes_price": 17,
            "no_price": 83,
            "taker_side": "no"
        },
        {
            "trade_id": "fb56cf91-753f-44f6-88c2-b70813147577",
            "ticker": "KXHIGHDEN-25APR08-B71.5",
            "count": 89,
            "created_time": "2025-04-08T21:19:37.355054Z",
            "yes_price": 17,
            "no_price": 83,
            "taker_side": "yes"
        },
        {
            "trade_id": "fab3535d-0313-45f7-b43a-bc9e6627cfbd",
            "ticker": "KXHIGHDEN-25APR08-B71.5",
            "count": 100,
            "created_time": "2025-04-08T21:19:37.355054Z",
            "yes_price": 21,
            "no_price": 79,
            "taker_side": "yes"
        },
        {
            "trade_id": "d222a253-39f9-45ab-9610-3337cd24cc6a",
            "ticker": "KXHIGHDEN-25APR08-B71.5",
            "count": 99,
            "created_time": "2025-04-08T21:19:37.355054Z",
            "yes_price": 21,
            "no_price": 79,
            "taker_side": "yes"
        },
        {
            "trade_id": "cd9f645b-1e3b-47c7-8bff-885a28c43d9c",
            "ticker": "KXHIGHDEN-25APR08-B71.5",
            "count": 24,
            "created_time": "2025-04-08T21:19:37.355054Z",
            "yes_price": 29,
            "no_price": 71,
            "taker_side": "yes"
        },
        {
            "trade_id": "b9e47089-c528-4ed4-b598-966411fc18ea",
            "ticker": "KXHIGHDEN-25APR08-B71.5",
            "count": 40,
            "created_time": "2025-04-08T21:19:37.355054Z",
            "yes_price": 58,
            "no_price": 42,
            "taker_side": "yes"
        },
        {
            "trade_id": "b8d80e2b-cd38-4134-a859-c8a28adc065c",
            "ticker": "KXHIGHDEN-25APR08-B71.5",
            "count": 41,
            "created_time": "2025-04-08T21:19:37.355054Z",
            "yes_price": 15,
            "no_price": 85,
            "taker_side": "yes"
        },
        {
            "trade_id": "b26a42a4-2039-4ec4-a2b9-eb03a50f9c04",
            "ticker": "KXHIGHDEN-25APR08-B71.5",
            "count": 12,
            "created_time": "2025-04-08T21:19:37.355054Z",
            "yes_price": 20,
            "no_price": 80,
            "taker_side": "yes"
        },
        {
            "trade_id": "9a7fd90d-f427-4bc2-84c3-5f089210f3de",
            "ticker": "KXHIGHDEN-25APR08-B71.5",
            "count": 99,
            "created_time": "2025-04-08T21:19:37.355054Z",
            "yes_price": 19,
            "no_price": 81,
            "taker_side": "yes"
        },
        {
            "trade_id": "8ae8ad9c-d5a4-4802-82d6-0992baf66c0d",
            "ticker": "KXHIGHDEN-25APR08-B71.5",
            "count": 50,
            "created_time": "2025-04-08T21:19:37.355054Z",
            "yes_price": 10,
            "no_price": 90,
            "taker_side": "yes"
        },
        {
            "trade_id": "72e2345b-4fbc-4042-95e8-cd591edf19d0",
            "ticker": "KXHIGHDEN-25APR08-B71.5",
            "count": 9,
            "created_time": "2025-04-08T21:19:37.355054Z",
            "yes_price": 19,
            "no_price": 81,
            "taker_side": "yes"
        },
        {
            "trade_id": "70312a93-cbb0-442f-945b-e76254e27e9a",
            "ticker": "KXHIGHDEN-25APR08-B71.5",
            "count": 100,
            "created_time": "2025-04-08T21:19:37.355054Z",
            "yes_price": 23,
            "no_price": 77,
            "taker_side": "yes"
        },
        {
            "trade_id": "4e3858e8-5448-4563-8bb8-54774ca4fbb0",
            "ticker": "KXHIGHDEN-25APR08-B71.5",
            "count": 17,
            "created_time": "2025-04-08T21:19:37.355054Z",
            "yes_price": 45,
            "no_price": 55,
            "taker_side": "yes"
        },
        {
            "trade_id": "09e46fa7-3388-4e21-8adc-f0fcef3a81db",
            "ticker": "KXHIGHDEN-25APR08-B71.5",
            "count": 13,
            "created_time": "2025-04-08T21:19:37.355054Z",
            "yes_price": 75,
            "no_price": 25,
            "taker_side": "yes"
        },
        {
            "trade_id": "097d4319-45b8-452a-a123-5f1cc9b3a494",
            "ticker": "KXHIGHDEN-25APR08-B71.5",
            "count": 5,
            "created_time": "2025-04-08T21:16:35.488162Z",
            "yes_price": 13,
            "no_price": 87,
            "taker_side": "yes"
        },
        {
            "trade_id": "e130119d-69bc-4ed8-ae83-e5321a582eb6",
            "ticker": "KXHIGHDEN-25APR08-B71.5",
            "count": 40,
            "created_time": "2025-04-08T21:04:39.033619Z",
            "yes_price": 8,
            "no_price": 92,
            "taker_side": "yes"
        },
        {
            "trade_id": "cfdac411-d313-4bcc-8bc9-55b586a306d9",
            "ticker": "KXHIGHDEN-25APR08-B71.5",
            "count": 30,
            "created_time": "2025-04-08T21:04:39.033619Z",
            "yes_price": 8,
            "no_price": 92,
            "taker_side": "yes"
        },
        {
            "trade_id": "a54f1dca-e0bf-4b7a-b6cc-5dde77a36208",
            "ticker": "KXHIGHDEN-25APR08-B71.5",
            "count": 10,
            "created_time": "2025-04-08T21:03:32.83673Z",
            "yes_price": 7,
            "no_price": 93,
            "taker_side": "yes"
        },
        {
            "trade_id": "e711241b-abfe-4d71-96ac-25f657c017e6",
            "ticker": "KXHIGHDEN-25APR08-B71.5",
            "count": 4,
            "created_time": "2025-04-08T21:02:11.028918Z",
            "yes_price": 8,
            "no_price": 92,
            "taker_side": "yes"
        },
        {
            "trade_id": "7d504f19-3f9f-49e5-b697-db885782dc90",
            "ticker": "KXHIGHDEN-25APR08-B71.5",
            "count": 5,
            "created_time": "2025-04-08T21:02:01.388636Z",
            "yes_price": 7,
            "no_price": 93,
            "taker_side": "yes"
        },
        {
            "trade_id": "72b3dfe9-ff2f-4944-8b5e-2f0922172c5a",
            "ticker": "KXHIGHDEN-25APR08-B71.5",
            "count": 25,
            "created_time": "2025-04-08T21:02:01.388636Z",
            "yes_price": 6,
            "no_price": 94,
            "taker_side": "yes"
        },
        {
            "trade_id": "ba51a500-ba38-45fe-b10c-be853420e62d",
            "ticker": "KXHIGHDEN-25APR08-B71.5",
            "count": 15,
            "created_time": "2025-04-08T20:59:57.340047Z",
            "yes_price": 5,
            "no_price": 95,
            "taker_side": "yes"
        },
        {
            "trade_id": "7699bb19-f885-4e08-8d2e-52dbbc344b92",
            "ticker": "KXHIGHDEN-25APR08-B71.5",
            "count": 18,
            "created_time": "2025-04-08T20:59:17.787833Z",
            "yes_price": 5,
            "no_price": 95,
            "taker_side": "yes"
        },
        {
            "trade_id": "ee003844-1b3e-4a4f-8d86-c1782a790d04",
            "ticker": "KXHIGHDEN-25APR08-B71.5",
            "count": 31,
            "created_time": "2025-04-08T20:53:50.259742Z",
            "yes_price": 2,
            "no_price": 98,
            "taker_side": "no"
        },
        {
            "trade_id": "cced9278-0232-47b4-9bce-41901e5db724",
            "ticker": "KXHIGHDEN-25APR08-B71.5",
            "count": 15,
            "created_time": "2025-04-08T20:52:24.243495Z",
            "yes_price": 2,
            "no_price": 98,
            "taker_side": "no"
        },
        {
            "trade_id": "e12bccf3-12a2-4a6f-a15a-e6efc7272403",
            "ticker": "KXHIGHDEN-25APR08-B71.5",
            "count": 36,
            "created_time": "2025-04-08T20:46:32.700992Z",
            "yes_price": 2,
            "no_price": 98,
            "taker_side": "no"
        },
        {
            "trade_id": "aa17e53b-ee6d-4667-af38-119975493819",
            "ticker": "KXHIGHDEN-25APR08-B71.5",
            "count": 40,
            "created_time": "2025-04-08T20:44:01.788303Z",
            "yes_price": 10,
            "no_price": 90,
            "taker_side": "no"
        },
        {
            "trade_id": "9efa5dc4-696a-4d76-b026-8f23355f37f6",
            "ticker": "KXHIGHDEN-25APR08-B71.5",
            "count": 18,
            "created_time": "2025-04-08T20:41:19.119089Z",
            "yes_price": 9,
            "no_price": 91,
            "taker_side": "no"
        },
        {
            "trade_id": "8dc56074-f2c8-4466-8835-64ef24211c5a",
            "ticker": "KXHIGHDEN-25APR08-B71.5",
            "count": 40,
            "created_time": "2025-04-08T20:41:19.119089Z",
            "yes_price": 10,
            "no_price": 90,
            "taker_side": "no"
        },
        {
            "trade_id": "f485ddee-7dc4-477e-9d9f-07279b345dfb",
            "ticker": "KXHIGHDEN-25APR08-B71.5",
            "count": 59,
            "created_time": "2025-04-08T20:39:36.004791Z",
            "yes_price": 15,
            "no_price": 85,
            "taker_side": "yes"
        },
        {
            "trade_id": "b54f7c21-180c-4ae7-b121-1d094893c6f2",
            "ticker": "KXHIGHDEN-25APR08-B71.5",
            "count": 7,
            "created_time": "2025-04-08T20:39:36.004791Z",
            "yes_price": 11,
            "no_price": 89,
            "taker_side": "yes"
        },
        {
            "trade_id": "8e949fff-af40-4200-a6c6-16af445dd245",
            "ticker": "KXHIGHDEN-25APR08-B71.5",
            "count": 11,
            "created_time": "2025-04-08T20:39:36.004791Z",
            "yes_price": 14,
            "no_price": 86,
            "taker_side": "yes"
        },
        {
            "trade_id": "550fcb2c-6e68-401b-b9dc-965644b6742c",
            "ticker": "KXHIGHDEN-25APR08-B71.5",
            "count": 50,
            "created_time": "2025-04-08T20:39:36.004791Z",
            "yes_price": 8,
            "no_price": 92,
            "taker_side": "yes"
        },
        {
            "trade_id": "3633607e-8f96-4e3f-b302-182ba5694798",
            "ticker": "KXHIGHDEN-25APR08-B71.5",
            "count": 10,
            "created_time": "2025-04-08T20:39:36.004791Z",
            "yes_price": 10,
            "no_price": 90,
            "taker_side": "yes"
        },
        {
            "trade_id": "19680b4a-faf0-4018-8220-6942e5d7cdc4",
            "ticker": "KXHIGHDEN-25APR08-B71.5",
            "count": 100,
            "created_time": "2025-04-08T20:39:36.004791Z",
            "yes_price": 12,
            "no_price": 88,
            "taker_side": "yes"
        },
        {
            "trade_id": "e593e75c-ef83-467d-89df-f7a0179c1e6e",
            "ticker": "KXHIGHDEN-25APR08-B71.5",
            "count": 15,
            "created_time": "2025-04-08T20:32:28.070577Z",
            "yes_price": 10,
            "no_price": 90,
            "taker_side": "yes"
        },
        {
            "trade_id": "62a501db-dce8-468c-9107-65276f56a573",
            "ticker": "KXHIGHDEN-25APR08-B71.5",
            "count": 50,
            "created_time": "2025-04-08T20:32:28.070577Z",
            "yes_price": 9,
            "no_price": 91,
            "taker_side": "yes"
        },
        {
            "trade_id": "3de6547b-df85-49a6-b09f-3e57fb548cf3",
            "ticker": "KXHIGHDEN-25APR08-B71.5",
            "count": 40,
            "created_time": "2025-04-08T20:32:28.070577Z",
            "yes_price": 9,
            "no_price": 91,
            "taker_side": "yes"
        },
        {
            "trade_id": "1856508d-f978-4966-bbb6-90eec1023771",
            "ticker": "KXHIGHDEN-25APR08-B71.5",
            "count": 49,
            "created_time": "2025-04-08T20:32:28.070577Z",
            "yes_price": 9,
            "no_price": 91,
            "taker_side": "yes"
        },
        {
            "trade_id": "6080e10a-80a0-40a1-b705-d6ea96263984",
            "ticker": "KXHIGHDEN-25APR08-B71.5",
            "count": 1,
            "created_time": "2025-04-08T20:31:58.492733Z",
            "yes_price": 9,
            "no_price": 91,
            "taker_side": "yes"
        },
        {
            "trade_id": "e74b5c2f-6269-470b-9810-46584095bc8f",
            "ticker": "KXHIGHDEN-25APR08-B71.5",
            "count": 40,
            "created_time": "2025-04-08T20:31:55.749327Z",
            "yes_price": 4,
            "no_price": 96,
            "taker_side": "no"
        },
        {
            "trade_id": "9532b6f5-5bbb-4f0e-a62e-b00008ba06cc",
            "ticker": "KXHIGHDEN-25APR08-B71.5",
            "count": 94,
            "created_time": "2025-04-08T20:29:36.247383Z",
            "yes_price": 10,
            "no_price": 90,
            "taker_side": "yes"
        },
        {
            "trade_id": "a55d9811-a164-48e8-a7dc-d208b05a213e",
            "ticker": "KXHIGHDEN-25APR08-B71.5",
            "count": 9,
            "created_time": "2025-04-08T20:28:56.760572Z",
            "yes_price": 6,
            "no_price": 94,
            "taker_side": "no"
        },
        {
            "trade_id": "7f816d18-2023-495a-8608-d611c30f00c4",
            "ticker": "KXHIGHDEN-25APR08-B71.5",
            "count": 92,
            "created_time": "2025-04-08T20:28:56.760572Z",
            "yes_price": 5,
            "no_price": 95,
            "taker_side": "no"
        },
        {
            "trade_id": "34ab5264-bb70-44ec-ad46-f09a463875c0",
            "ticker": "KXHIGHDEN-25APR08-B71.5",
            "count": 81,
            "created_time": "2025-04-08T20:28:18.1219Z",
            "yes_price": 10,
            "no_price": 90,
            "taker_side": "yes"
        },
        {
            "trade_id": "32bac978-9811-4b03-ac59-e83d119222f6",
            "ticker": "KXHIGHDEN-25APR08-B71.5",
            "count": 40,
            "created_time": "2025-04-08T20:28:18.1219Z",
            "yes_price": 9,
            "no_price": 91,
            "taker_side": "yes"
        },
        {
            "trade_id": "62032a79-28b9-428c-93cd-1048e5a38550",
            "ticker": "KXHIGHDEN-25APR08-B71.5",
            "count": 40,
            "created_time": "2025-04-08T20:27:58.990198Z",
            "yes_price": 9,
            "no_price": 91,
            "taker_side": "no"
        },
        {
            "trade_id": "96413baa-c77c-4bb9-8783-24c56e9e7e58",
            "ticker": "KXHIGHDEN-25APR08-B71.5",
            "count": 25,
            "created_time": "2025-04-08T20:27:43.787426Z",
            "yes_price": 10,
            "no_price": 90,
            "taker_side": "no"
        },
        {
            "trade_id": "4816d2df-a444-4e52-93e7-54b7290e3ce3",
            "ticker": "KXHIGHDEN-25APR08-B71.5",
            "count": 11,
            "created_time": "2025-04-08T20:25:28.95577Z",
            "yes_price": 17,
            "no_price": 83,
            "taker_side": "yes"
        },
        {
            "trade_id": "aa0ee445-7a67-4e6d-a9b0-eb797f320d3c",
            "ticker": "KXHIGHDEN-25APR08-B71.5",
            "count": 1,
            "created_time": "2025-04-08T20:25:09.79651Z",
            "yes_price": 19,
            "no_price": 81,
            "taker_side": "yes"
        },
        {
            "trade_id": "9f92451b-0829-4274-a2eb-e1d71b78cf44",
            "ticker": "KXHIGHDEN-25APR08-B71.5",
            "count": 50,
            "created_time": "2025-04-08T20:23:30.873089Z",
            "yes_price": 24,
            "no_price": 76,
            "taker_side": "yes"
        },
        {
            "trade_id": "161e7b56-4a8c-4f60-afc0-80fc93c4d733",
            "ticker": "KXHIGHDEN-25APR08-B71.5",
            "count": 8,
            "created_time": "2025-04-08T20:23:30.873089Z",
            "yes_price": 25,
            "no_price": 75,
            "taker_side": "yes"
        },
        {
            "trade_id": "0d3ae564-4c42-4c0e-b24f-bc8f60640860",
            "ticker": "KXHIGHDEN-25APR08-B71.5",
            "count": 1,
            "created_time": "2025-04-08T20:03:34.925274Z",
            "yes_price": 33,
            "no_price": 67,
            "taker_side": "yes"
        },
        {
            "trade_id": "f217e5a7-521b-49d0-8137-8afa3721ff05",
            "ticker": "KXHIGHDEN-25APR08-B71.5",
            "count": 12,
            "created_time": "2025-04-08T19:53:32.117747Z",
            "yes_price": 32,
            "no_price": 68,
            "taker_side": "yes"
        },
        {
            "trade_id": "e20e85fe-c54c-4616-a331-fa5776163647",
            "ticker": "KXHIGHDEN-25APR08-B71.5",
            "count": 7,
            "created_time": "2025-04-08T19:53:32.117747Z",
            "yes_price": 45,
            "no_price": 55,
            "taker_side": "yes"
        },
        {
            "trade_id": "dd3a9cfb-3334-4e1b-a8b3-f01727f022ce",
            "ticker": "KXHIGHDEN-25APR08-B71.5",
            "count": 24,
            "created_time": "2025-04-08T19:53:32.117747Z",
            "yes_price": 39,
            "no_price": 61,
            "taker_side": "yes"
        },
        {
            "trade_id": "acaa79c7-29b6-4df5-b192-49c707c5d0a8",
            "ticker": "KXHIGHDEN-25APR08-B71.5",
            "count": 50,
            "created_time": "2025-04-08T19:53:32.117747Z",
            "yes_price": 31,
            "no_price": 69,
            "taker_side": "yes"
        },
        {
            "trade_id": "95c316cb-82b7-4e19-ae7f-0b477b41b392",
            "ticker": "KXHIGHDEN-25APR08-B71.5",
            "count": 19,
            "created_time": "2025-04-08T19:53:32.117747Z",
            "yes_price": 44,
            "no_price": 56,
            "taker_side": "yes"
        },
        {
            "trade_id": "89771372-9cee-463c-9b96-5734bd439a3e",
            "ticker": "KXHIGHDEN-25APR08-B71.5",
            "count": 15,
            "created_time": "2025-04-08T19:53:32.117747Z",
            "yes_price": 38,
            "no_price": 62,
            "taker_side": "yes"
        },
        {
            "trade_id": "6e551988-2bed-4e2f-83e5-e9317b3b0a6c",
            "ticker": "KXHIGHDEN-25APR08-B71.5",
            "count": 2,
            "created_time": "2025-04-08T19:53:32.117747Z",
            "yes_price": 26,
            "no_price": 74,
            "taker_side": "yes"
        },
        {
            "trade_id": "d7bb9675-a10c-4318-a388-0a8b06e19f78",
            "ticker": "KXHIGHDEN-25APR08-B71.5",
            "count": 50,
            "created_time": "2025-04-08T19:41:09.762411Z",
            "yes_price": 28,
            "no_price": 72,
            "taker_side": "yes"
        },
        {
            "trade_id": "3c6e60e6-6bf5-402e-bf9c-f3bb78ba9350",
            "ticker": "KXHIGHDEN-25APR08-B71.5",
            "count": 4,
            "created_time": "2025-04-08T19:41:09.762411Z",
            "yes_price": 24,
            "no_price": 76,
            "taker_side": "yes"
        },
        {
            "trade_id": "14dde048-4bf7-415e-a705-2f3912367c57",
            "ticker": "KXHIGHDEN-25APR08-B71.5",
            "count": 7,
            "created_time": "2025-04-08T19:41:09.762411Z",
            "yes_price": 29,
            "no_price": 71,
            "taker_side": "yes"
        },
        {
            "trade_id": "37f5d57f-7181-4798-8b65-326f554d7534",
            "ticker": "KXHIGHDEN-25APR08-B71.5",
            "count": 2,
            "created_time": "2025-04-08T19:39:35.447731Z",
            "yes_price": 7,
            "no_price": 93,
            "taker_side": "no"
        },
        {
            "trade_id": "eccc9fb5-e80d-4060-b5ba-cb43e23679b8",
            "ticker": "KXHIGHDEN-25APR08-B71.5",
            "count": 1,
            "created_time": "2025-04-08T19:36:52.773217Z",
            "yes_price": 15,
            "no_price": 85,
            "taker_side": "no"
        },
        {
            "trade_id": "637773cc-6bd3-4765-9e1a-f981b0c61239",
            "ticker": "KXHIGHDEN-25APR08-B71.5",
            "count": 50,
            "created_time": "2025-04-08T19:36:52.773217Z",
            "yes_price": 14,
            "no_price": 86,
            "taker_side": "no"
        },
        {
            "trade_id": "59f81a87-95fb-45f8-8a0a-e45314d9db1e",
            "ticker": "KXHIGHDEN-25APR08-B71.5",
            "count": 6,
            "created_time": "2025-04-08T19:36:52.773217Z",
            "yes_price": 13,
            "no_price": 87,
            "taker_side": "no"
        },
        {
            "trade_id": "ec12cd96-b362-499e-a650-28bb7e913511",
            "ticker": "KXHIGHDEN-25APR08-B71.5",
            "count": 15,
            "created_time": "2025-04-08T19:34:51.977712Z",
            "yes_price": 24,
            "no_price": 76,
            "taker_side": "yes"
        },
        {
            "trade_id": "5a73dd7c-df8c-4f84-b1c3-d722908f4fb3",
            "ticker": "KXHIGHDEN-25APR08-B71.5",
            "count": 20,
            "created_time": "2025-04-08T19:34:51.977712Z",
            "yes_price": 20,
            "no_price": 80,
            "taker_side": "yes"
        },
        {
            "trade_id": "44c4f796-d8b0-47c3-8c21-c10a0acb711b",
            "ticker": "KXHIGHDEN-25APR08-B71.5",
            "count": 8,
            "created_time": "2025-04-08T19:34:51.977712Z",
            "yes_price": 23,
            "no_price": 77,
            "taker_side": "yes"
        },
        {
            "trade_id": "e43fc036-3aac-4110-98da-a17dbf10abdd",
            "ticker": "KXHIGHDEN-25APR08-B71.5",
            "count": 10,
            "created_time": "2025-04-08T19:23:20.959253Z",
            "yes_price": 15,
            "no_price": 85,
            "taker_side": "no"
        },
        {
            "trade_id": "ecdaab2e-8b13-46bb-85aa-d5b75bc06374",
            "ticker": "KXHIGHDEN-25APR08-B71.5",
            "count": 24,
            "created_time": "2025-04-08T19:13:58.867647Z",
            "yes_price": 21,
            "no_price": 79,
            "taker_side": "yes"
        },
        {
            "trade_id": "b80603e8-5615-4f18-ae0d-aedc0988e9dc",
            "ticker": "KXHIGHDEN-25APR08-B71.5",
            "count": 50,
            "created_time": "2025-04-08T19:13:58.867647Z",
            "yes_price": 22,
            "no_price": 78,
            "taker_side": "yes"
        },
        {
            "trade_id": "614de490-cb1d-4969-8b83-6ec891e11714",
            "ticker": "KXHIGHDEN-25APR08-B71.5",
            "count": 31,
            "created_time": "2025-04-08T19:13:58.867647Z",
            "yes_price": 24,
            "no_price": 76,
            "taker_side": "yes"
        },
        {
            "trade_id": "3719a16c-64db-49d6-b485-2ece72474f7c",
            "ticker": "KXHIGHDEN-25APR08-B71.5",
            "count": 17,
            "created_time": "2025-04-08T19:13:58.655636Z",
            "yes_price": 16,
            "no_price": 84,
            "taker_side": "no"
        },
        {
            "trade_id": "b8d0d417-a234-47f8-827a-e3932fec8229",
            "ticker": "KXHIGHDEN-25APR08-B71.5",
            "count": 5,
            "created_time": "2025-04-08T19:01:05.785323Z",
            "yes_price": 19,
            "no_price": 81,
            "taker_side": "yes"
        },
        {
            "trade_id": "85ad6311-abf7-4f36-b591-8dba662b18dc",
            "ticker": "KXHIGHDEN-25APR08-B71.5",
            "count": 10,
            "created_time": "2025-04-08T18:56:02.017195Z",
            "yes_price": 21,
            "no_price": 79,
            "taker_side": "yes"
        },
        {
            "trade_id": "f980031c-d24b-4530-b736-ea9e20d78334",
            "ticker": "KXHIGHDEN-25APR08-B71.5",
            "count": 12,
            "created_time": "2025-04-08T18:53:45.554753Z",
            "yes_price": 10,
            "no_price": 90,
            "taker_side": "no"
        },
        {
            "trade_id": "f189f3ad-c619-493d-b28b-91bfcdda6114",
            "ticker": "KXHIGHDEN-25APR08-B71.5",
            "count": 49,
            "created_time": "2025-04-08T18:53:45.554753Z",
            "yes_price": 12,
            "no_price": 88,
            "taker_side": "no"
        },
        {
            "trade_id": "b0df79eb-f8d4-4b75-b7bf-d5d756568d1a",
            "ticker": "KXHIGHDEN-25APR08-B71.5",
            "count": 5,
            "created_time": "2025-04-08T18:53:45.554753Z",
            "yes_price": 17,
            "no_price": 83,
            "taker_side": "no"
        },
        {
            "trade_id": "9aaa24e2-9fec-4dba-af32-49631dde4c6e",
            "ticker": "KXHIGHDEN-25APR08-B71.5",
            "count": 8,
            "created_time": "2025-04-08T18:53:45.554753Z",
            "yes_price": 5,
            "no_price": 95,
            "taker_side": "no"
        },
        {
            "trade_id": "9026e1cf-5c2f-4406-8b6f-1b77839d14c7",
            "ticker": "KXHIGHDEN-25APR08-B71.5",
            "count": 99,
            "created_time": "2025-04-08T18:53:45.554753Z",
            "yes_price": 9,
            "no_price": 91,
            "taker_side": "no"
        },
        {
            "trade_id": "8caca6ac-74fa-4b82-b82b-c008cf75c94c",
            "ticker": "KXHIGHDEN-25APR08-B71.5",
            "count": 50,
            "created_time": "2025-04-08T18:53:45.554753Z",
            "yes_price": 16,
            "no_price": 84,
            "taker_side": "no"
        },
        {
            "trade_id": "8a89eab5-51a1-4180-90c6-6f841b46ae3a",
            "ticker": "KXHIGHDEN-25APR08-B71.5",
            "count": 9,
            "created_time": "2025-04-08T18:53:45.554753Z",
            "yes_price": 13,
            "no_price": 87,
            "taker_side": "no"
        },
        {
            "trade_id": "4966971d-048a-4e41-8b35-f1a29a9742fb",
            "ticker": "KXHIGHDEN-25APR08-B71.5",
            "count": 18,
            "created_time": "2025-04-08T18:53:45.554753Z",
            "yes_price": 6,
            "no_price": 94,
            "taker_side": "no"
        },
        {
            "trade_id": "da77402e-ebc1-4f6a-970d-7beaaf5d0dcb",
            "ticker": "KXHIGHDEN-25APR08-B71.5",
            "count": 35,
            "created_time": "2025-04-08T18:53:45.554122Z",
            "yes_price": 17,
            "no_price": 83,
            "taker_side": "no"
        },
        {
            "trade_id": "0800e02e-39d1-466a-b66d-ac8205bd3e08",
            "ticker": "KXHIGHDEN-25APR08-B71.5",
            "count": 9,
            "created_time": "2025-04-08T18:08:06.532571Z",
            "yes_price": 16,
            "no_price": 84,
            "taker_side": "no"
        },
        {
            "trade_id": "708543bc-f89a-4c32-8232-735c48989fb4",
            "ticker": "KXHIGHDEN-25APR08-B71.5",
            "count": 1,
            "created_time": "2025-04-08T18:04:33.254134Z",
            "yes_price": 12,
            "no_price": 88,
            "taker_side": "no"
        },
        {
            "trade_id": "5e37bdaa-26ab-4f3e-8a01-5df6084c79af",
            "ticker": "KXHIGHDEN-25APR08-B71.5",
            "count": 1,
            "created_time": "2025-04-08T18:03:38.462977Z",
            "yes_price": 18,
            "no_price": 82,
            "taker_side": "no"
        },
        {
            "trade_id": "46991116-b939-487a-ad4c-662275829c30",
            "ticker": "KXHIGHDEN-25APR08-B71.5",
            "count": 7,
            "created_time": "2025-04-08T17:57:57.7857Z",
            "yes_price": 15,
            "no_price": 85,
            "taker_side": "no"
        },
        {
            "trade_id": "60a2005d-c554-49ee-9e77-2c4d2323da05",
            "ticker": "KXHIGHDEN-25APR08-B71.5",
            "count": 10,
            "created_time": "2025-04-08T17:51:54.568127Z",
            "yes_price": 22,
            "no_price": 78,
            "taker_side": "no"
        },
        {
            "trade_id": "a7ecfa05-ea8b-4fdc-bc42-9fd4c239391f",
            "ticker": "KXHIGHDEN-25APR08-B71.5",
            "count": 18,
            "created_time": "2025-04-08T17:49:21.260136Z",
            "yes_price": 26,
            "no_price": 74,
            "taker_side": "no"
        },
        {
            "trade_id": "9c2d1f28-c0dc-42f7-9067-136dc68ceda1",
            "ticker": "KXHIGHDEN-25APR08-B71.5",
            "count": 15,
            "created_time": "2025-04-08T17:49:21.260136Z",
            "yes_price": 25,
            "no_price": 75,
            "taker_side": "no"
        },
        {
            "trade_id": "6edc89b7-387b-47fb-a928-7479be4c696b",
            "ticker": "KXHIGHDEN-25APR08-B71.5",
            "count": 67,
            "created_time": "2025-04-08T17:49:21.260136Z",
            "yes_price": 22,
            "no_price": 78,
            "taker_side": "no"
        },
        {
            "trade_id": "bd15b0af-4d8a-4c38-84c2-420920ab7d45",
            "ticker": "KXHIGHDEN-25APR08-B71.5",
            "count": 7,
            "created_time": "2025-04-08T17:45:55.082587Z",
            "yes_price": 26,
            "no_price": 74,
            "taker_side": "yes"
        },
        {
            "trade_id": "59e107bd-1a3b-4389-9dc4-dd80ccb058ca",
            "ticker": "KXHIGHDEN-25APR08-B71.5",
            "count": 7,
            "created_time": "2025-04-08T17:45:04.12294Z",
            "yes_price": 26,
            "no_price": 74,
            "taker_side": "no"
        },
        {
            "trade_id": "b63fbaaa-ac3f-4f0e-b7b0-baf5f44ed865",
            "ticker": "KXHIGHDEN-25APR08-B71.5",
            "count": 2,
            "created_time": "2025-04-08T17:38:09.360684Z",
            "yes_price": 26,
            "no_price": 74,
            "taker_side": "no"
        },
        {
            "trade_id": "47716eb7-7411-4653-bcba-76143dcc7d1e",
            "ticker": "KXHIGHDEN-25APR08-B71.5",
            "count": 17,
            "created_time": "2025-04-08T17:33:24.356864Z",
            "yes_price": 27,
            "no_price": 73,
            "taker_side": "yes"
        },
        {
            "trade_id": "99eee70b-10af-4480-8558-9009cabe64ec",
            "ticker": "KXHIGHDEN-25APR08-B71.5",
            "count": 10,
            "created_time": "2025-04-08T17:32:31.027601Z",
            "yes_price": 27,
            "no_price": 73,
            "taker_side": "yes"
        },
        {
            "trade_id": "593f019b-1afe-43fa-ad29-c1e724b12bce",
            "ticker": "KXHIGHDEN-25APR08-B71.5",
            "count": 7,
            "created_time": "2025-04-08T17:11:02.802321Z",
            "yes_price": 26,
            "no_price": 74,
            "taker_side": "yes"
        },
        {
            "trade_id": "7a695e16-951d-4b15-8a3a-25797e99fc40",
            "ticker": "KXHIGHDEN-25APR08-B71.5",
            "count": 15,
            "created_time": "2025-04-08T16:22:16.482066Z",
            "yes_price": 26,
            "no_price": 74,
            "taker_side": "no"
        },
        {
            "trade_id": "d75ddb82-e570-49c0-b5fe-4ef24d8f5671",
            "ticker": "KXHIGHDEN-25APR08-B71.5",
            "count": 5,
            "created_time": "2025-04-08T16:19:11.961371Z",
            "yes_price": 26,
            "no_price": 74,
            "taker_side": "no"
        },
        {
            "trade_id": "0d64bf9e-b7a9-45d0-acee-3c5693697b0c",
            "ticker": "KXHIGHDEN-25APR08-B71.5",
            "count": 2,
            "created_time": "2025-04-08T16:19:11.961371Z",
            "yes_price": 27,
            "no_price": 73,
            "taker_side": "no"
        },
        {
            "trade_id": "0c438ddf-64fa-40cf-b3cd-4173a29cb25a",
            "ticker": "KXHIGHDEN-25APR08-B71.5",
            "count": 1,
            "created_time": "2025-04-08T16:19:11.961371Z",
            "yes_price": 27,
            "no_price": 73,
            "taker_side": "no"
        },
        {
            "trade_id": "24340a33-12b7-4492-9aa5-377d1e1f1ab8",
            "ticker": "KXHIGHDEN-25APR08-B71.5",
            "count": 3,
            "created_time": "2025-04-08T16:11:59.942206Z",
            "yes_price": 28,
            "no_price": 72,
            "taker_side": "no"
        },
        {
            "trade_id": "e7edb784-3145-4a78-9f2d-9fe797f5853b",
            "ticker": "KXHIGHDEN-25APR08-B71.5",
            "count": 36,
            "created_time": "2025-04-08T16:05:59.180317Z",
            "yes_price": 29,
            "no_price": 71,
            "taker_side": "yes"
        },
        {
            "trade_id": "5fd32b57-bc7d-41c4-b0e3-57242101ec21",
            "ticker": "KXHIGHDEN-25APR08-B71.5",
            "count": 21,
            "created_time": "2025-04-08T16:05:59.180317Z",
            "yes_price": 29,
            "no_price": 71,
            "taker_side": "yes"
        },
        {
            "trade_id": "55bbeee1-b71f-4267-a638-390a9f4811f2",
            "ticker": "KXHIGHDEN-25APR08-B71.5",
            "count": 1,
            "created_time": "2025-04-08T16:05:59.180317Z",
            "yes_price": 29,
            "no_price": 71,
            "taker_side": "yes"
        },
        {
            "trade_id": "bd47792f-8fbc-4203-9e5e-a61b19ec9a0c",
            "ticker": "KXHIGHDEN-25APR08-B71.5",
            "count": 40,
            "created_time": "2025-04-08T16:05:44.511745Z",
            "yes_price": 28,
            "no_price": 72,
            "taker_side": "yes"
        },
        {
            "trade_id": "0ff70fe6-ff2c-4e6f-a639-1b7ffa6af9fb",
            "ticker": "KXHIGHDEN-25APR08-B71.5",
            "count": 39,
            "created_time": "2025-04-08T16:05:44.511745Z",
            "yes_price": 28,
            "no_price": 72,
            "taker_side": "yes"
        },
        {
            "trade_id": "f8b53175-03e9-49ea-92a2-ba25b35ef83f",
            "ticker": "KXHIGHDEN-25APR08-B71.5",
            "count": 12,
            "created_time": "2025-04-08T15:53:31.56613Z",
            "yes_price": 29,
            "no_price": 71,
            "taker_side": "yes"
        },
        {
            "trade_id": "eaf66f44-74c8-4d47-9902-6ff1955be718",
            "ticker": "KXHIGHDEN-25APR08-B71.5",
            "count": 29,
            "created_time": "2025-04-08T15:53:31.56613Z",
            "yes_price": 28,
            "no_price": 72,
            "taker_side": "yes"
        },
        {
            "trade_id": "daccc960-9fcb-45ec-94e3-e9db258c3aa1",
            "ticker": "KXHIGHDEN-25APR08-B71.5",
            "count": 20,
            "created_time": "2025-04-08T15:53:31.56613Z",
            "yes_price": 30,
            "no_price": 70,
            "taker_side": "yes"
        },
        {
            "trade_id": "9159dd68-3ade-4143-95e8-d2e8247d6f2d",
            "ticker": "KXHIGHDEN-25APR08-B71.5",
            "count": 20,
            "created_time": "2025-04-08T15:53:31.56613Z",
            "yes_price": 30,
            "no_price": 70,
            "taker_side": "yes"
        },
        {
            "trade_id": "402521b3-c25b-4c76-9039-56c6a83c0ac0",
            "ticker": "KXHIGHDEN-25APR08-B71.5",
            "count": 2,
            "created_time": "2025-04-08T15:53:31.56613Z",
            "yes_price": 28,
            "no_price": 72,
            "taker_side": "yes"
        },
        {
            "trade_id": "25ce180c-6406-433a-bb1c-c252590fd534",
            "ticker": "KXHIGHDEN-25APR08-B71.5",
            "count": 17,
            "created_time": "2025-04-08T15:53:31.56613Z",
            "yes_price": 29,
            "no_price": 71,
            "taker_side": "yes"
        },
        {
            "trade_id": "d01328f5-a8da-4088-adf7-e1901746684b",
            "ticker": "KXHIGHDEN-25APR08-B71.5",
            "count": 39,
            "created_time": "2025-04-08T15:37:39.270184Z",
            "yes_price": 27,
            "no_price": 73,
            "taker_side": "yes"
        },
        {
            "trade_id": "bad2bf17-3445-482a-8a22-8b5585e9424f",
            "ticker": "KXHIGHDEN-25APR08-B71.5",
            "count": 18,
            "created_time": "2025-04-08T15:37:39.270184Z",
            "yes_price": 27,
            "no_price": 73,
            "taker_side": "yes"
        },
        {
            "trade_id": "79237656-454a-4f4d-99a7-404a183acd92",
            "ticker": "KXHIGHDEN-25APR08-B71.5",
            "count": 1,
            "created_time": "2025-04-08T15:37:39.270184Z",
            "yes_price": 26,
            "no_price": 74,
            "taker_side": "yes"
        },
        {
            "trade_id": "55270cb7-966a-4d2c-8622-cfe58f48284f",
            "ticker": "KXHIGHDEN-25APR08-B71.5",
            "count": 1,
            "created_time": "2025-04-08T15:37:39.270184Z",
            "yes_price": 27,
            "no_price": 73,
            "taker_side": "yes"
        },
        {
            "trade_id": "fe2a4571-7ef4-4c66-a7d5-1c04565b5e52",
            "ticker": "KXHIGHDEN-25APR08-B71.5",
            "count": 1,
            "created_time": "2025-04-08T15:32:42.457582Z",
            "yes_price": 25,
            "no_price": 75,
            "taker_side": "no"
        },
        {
            "trade_id": "4ac0c3fa-b05c-4e6d-a0c8-b5e5d84096fc",
            "ticker": "KXHIGHDEN-25APR08-B71.5",
            "count": 46,
            "created_time": "2025-04-08T15:32:42.457582Z",
            "yes_price": 24,
            "no_price": 76,
            "taker_side": "no"
        },
        {
            "trade_id": "140e5eea-22e6-4248-abdb-1e4e321b8ba2",
            "ticker": "KXHIGHDEN-25APR08-B71.5",
            "count": 39,
            "created_time": "2025-04-08T15:32:42.457582Z",
            "yes_price": 23,
            "no_price": 77,
            "taker_side": "no"
        },
        {
            "trade_id": "084bb6f1-ef9f-4b05-a9cc-b9a88730a2bb",
            "ticker": "KXHIGHDEN-25APR08-B71.5",
            "count": 43,
            "created_time": "2025-04-08T15:32:42.457582Z",
            "yes_price": 25,
            "no_price": 75,
            "taker_side": "no"
        },
        {
            "trade_id": "73b54431-3c7c-4ba8-abd9-9e0ca317aa49",
            "ticker": "KXHIGHDEN-25APR08-B71.5",
            "count": 39,
            "created_time": "2025-04-08T15:31:15.88339Z",
            "yes_price": 26,
            "no_price": 74,
            "taker_side": "no"
        },
        {
            "trade_id": "69ab88a0-e44d-4cf7-a037-21525fff9d46",
            "ticker": "KXHIGHDEN-25APR08-B71.5",
            "count": 12,
            "created_time": "2025-04-08T15:31:12.05436Z",
            "yes_price": 26,
            "no_price": 74,
            "taker_side": "no"
        },
        {
            "trade_id": "7ad86468-04c0-466b-812b-c7738013adcb",
            "ticker": "KXHIGHDEN-25APR08-B71.5",
            "count": 4,
            "created_time": "2025-04-08T15:00:09.089185Z",
            "yes_price": 24,
            "no_price": 76,
            "taker_side": "no"
        },
        {
            "trade_id": "76428207-f1d7-40c4-95c9-3054a0f6322a",
            "ticker": "KXHIGHDEN-25APR08-B71.5",
            "count": 13,
            "created_time": "2025-04-08T15:00:09.089185Z",
            "yes_price": 25,
            "no_price": 75,
            "taker_side": "no"
        },
        {
            "trade_id": "07884cda-1f0a-4502-999f-7ae020c7a7c4",
            "ticker": "KXHIGHDEN-25APR08-B71.5",
            "count": 34,
            "created_time": "2025-04-08T15:00:09.089185Z",
            "yes_price": 26,
            "no_price": 74,
            "taker_side": "no"
        },
        {
            "trade_id": "35bcfa07-bdd6-41e6-8f46-a0d3376865e5",
            "ticker": "KXHIGHDEN-25APR08-B71.5",
            "count": 1,
            "created_time": "2025-04-08T14:59:30.291605Z",
            "yes_price": 26,
            "no_price": 74,
            "taker_side": "no"
        },
        {
            "trade_id": "7f6c4b8d-7372-4d87-aa9c-c4dd27c76e5c",
            "ticker": "KXHIGHDEN-25APR08-B71.5",
            "count": 12,
            "created_time": "2025-04-08T14:53:10.92207Z",
            "yes_price": 25,
            "no_price": 75,
            "taker_side": "no"
        },
        {
            "trade_id": "4d16d9ea-10d4-4b91-803b-69b217f988cf",
            "ticker": "KXHIGHDEN-25APR08-B71.5",
            "count": 19,
            "created_time": "2025-04-08T14:26:20.892141Z",
            "yes_price": 26,
            "no_price": 74,
            "taker_side": "yes"
        },
        {
            "trade_id": "8c65e53e-68a4-4eb5-879c-ab7fcdf0ce7b",
            "ticker": "KXHIGHDEN-25APR08-B71.5",
            "count": 50,
            "created_time": "2025-04-08T14:23:45.374633Z",
            "yes_price": 26,
            "no_price": 74,
            "taker_side": "yes"
        },
        {
            "trade_id": "d58295ed-e451-4a6b-b5cb-dc86b119b39e",
            "ticker": "KXHIGHDEN-25APR08-B71.5",
            "count": 41,
            "created_time": "2025-04-08T14:23:12.265168Z",
            "yes_price": 26,
            "no_price": 74,
            "taker_side": "yes"
        },
        {
            "trade_id": "749e1446-f2f5-436b-9205-de07e17b541c",
            "ticker": "KXHIGHDEN-25APR08-B71.5",
            "count": 41,
            "created_time": "2025-04-08T14:18:06.218535Z",
            "yes_price": 25,
            "no_price": 75,
            "taker_side": "yes"
        },
        {
            "trade_id": "4760f9c4-83a2-4379-b567-6f1f1b77a94c",
            "ticker": "KXHIGHDEN-25APR08-B71.5",
            "count": 22,
            "created_time": "2025-04-08T14:18:06.218535Z",
            "yes_price": 25,
            "no_price": 75,
            "taker_side": "yes"
        },
        {
            "trade_id": "c5b1eee4-e89d-44b5-bb4d-5bb53f6417f3",
            "ticker": "KXHIGHDEN-25APR08-B71.5",
            "count": 15,
            "created_time": "2025-04-08T13:22:18.593008Z",
            "yes_price": 25,
            "no_price": 75,
            "taker_side": "yes"
        },
        {
            "trade_id": "02a0ffea-6f2c-4223-b5bb-72681ad713ee",
            "ticker": "KXHIGHDEN-25APR08-B71.5",
            "count": 22,
            "created_time": "2025-04-08T13:22:18.593008Z",
            "yes_price": 25,
            "no_price": 75,
            "taker_side": "yes"
        },
        {
            "trade_id": "ec330946-f0a6-4525-bc81-cb0816104228",
            "ticker": "KXHIGHDEN-25APR08-B71.5",
            "count": 119,
            "created_time": "2025-04-08T13:12:18.749401Z",
            "yes_price": 25,
            "no_price": 75,
            "taker_side": "yes"
        },
        {
            "trade_id": "7808ff6d-a21d-4980-953d-c1be86e7dba5",
            "ticker": "KXHIGHDEN-25APR08-B71.5",
            "count": 15,
            "created_time": "2025-04-08T13:11:51.337658Z",
            "yes_price": 24,
            "no_price": 76,
            "taker_side": "no"
        },
        {
            "trade_id": "aa0e6b95-9c1e-4bc2-97cf-02b352932e52",
            "ticker": "KXHIGHDEN-25APR08-B71.5",
            "count": 45,
            "created_time": "2025-04-08T12:30:01.24326Z",
            "yes_price": 24,
            "no_price": 76,
            "taker_side": "yes"
        },
        {
            "trade_id": "64a15c7f-1816-4da1-8739-1062eff8ea08",
            "ticker": "KXHIGHDEN-25APR08-B71.5",
            "count": 9,
            "created_time": "2025-04-08T12:30:01.24326Z",
            "yes_price": 24,
            "no_price": 76,
            "taker_side": "yes"
        },
        {
            "trade_id": "d94a03d7-419b-416c-a806-7b1efec3d1f2",
            "ticker": "KXHIGHDEN-25APR08-B71.5",
            "count": 20,
            "created_time": "2025-04-08T12:24:29.095283Z",
            "yes_price": 24,
            "no_price": 76,
            "taker_side": "no"
        },
        {
            "trade_id": "91d72b19-4db7-41f1-941b-a4d9de012f33",
            "ticker": "KXHIGHDEN-25APR08-B71.5",
            "count": 68,
            "created_time": "2025-04-08T12:23:13.79944Z",
            "yes_price": 26,
            "no_price": 74,
            "taker_side": "yes"
        },
        {
            "trade_id": "88043369-c4b9-4b99-9543-65fd8f008b49",
            "ticker": "KXHIGHDEN-25APR08-B71.5",
            "count": 4,
            "created_time": "2025-04-08T12:23:13.79944Z",
            "yes_price": 24,
            "no_price": 76,
            "taker_side": "yes"
        },
        {
            "trade_id": "44811ab2-00f8-45e7-8430-e199c977aafc",
            "ticker": "KXHIGHDEN-25APR08-B71.5",
            "count": 40,
            "created_time": "2025-04-08T12:23:13.79944Z",
            "yes_price": 24,
            "no_price": 76,
            "taker_side": "yes"
        },
        {
            "trade_id": "67b6b95b-6d92-43c0-b43c-ae5a67c7d933",
            "ticker": "KXHIGHDEN-25APR08-B71.5",
            "count": 40,
            "created_time": "2025-04-08T12:17:23.933351Z",
            "yes_price": 24,
            "no_price": 76,
            "taker_side": "no"
        },
        {
            "trade_id": "05016770-7879-47e0-811e-d1e93b95d8dd",
            "ticker": "KXHIGHDEN-25APR08-B71.5",
            "count": 2,
            "created_time": "2025-04-08T12:02:06.295605Z",
            "yes_price": 24,
            "no_price": 76,
            "taker_side": "no"
        },
        {
            "trade_id": "7fcfbb4d-4948-448a-9257-15d44a8c9ccd",
            "ticker": "KXHIGHDEN-25APR08-B71.5",
            "count": 1,
            "created_time": "2025-04-08T12:00:17.468289Z",
            "yes_price": 29,
            "no_price": 71,
            "taker_side": "yes"
        },
        {
            "trade_id": "92c26390-df51-4ed4-af0b-fbc14b5bb9a3",
            "ticker": "KXHIGHDEN-25APR08-B71.5",
            "count": 50,
            "created_time": "2025-04-08T06:59:56.805547Z",
            "yes_price": 23,
            "no_price": 77,
            "taker_side": "no"
        },
        {
            "trade_id": "0502e1b8-6a2f-4481-ad6a-20e9f74f81af",
            "ticker": "KXHIGHDEN-25APR08-B71.5",
            "count": 11,
            "created_time": "2025-04-08T06:53:57.251097Z",
            "yes_price": 23,
            "no_price": 77,
            "taker_side": "no"
        },
        {
            "trade_id": "422852c5-fa56-4174-b866-c2b9f56e7394",
            "ticker": "KXHIGHDEN-25APR08-B71.5",
            "count": 11,
            "created_time": "2025-04-08T06:34:48.312699Z",
            "yes_price": 23,
            "no_price": 77,
            "taker_side": "no"
        },
        {
            "trade_id": "754d50c5-5b14-4b61-8d60-a0d55cc5b2ed",
            "ticker": "KXHIGHDEN-25APR08-B71.5",
            "count": 31,
            "created_time": "2025-04-08T06:30:19.983812Z",
            "yes_price": 23,
            "no_price": 77,
            "taker_side": "no"
        },
        {
            "trade_id": "f610656c-58fc-466c-a266-d2c688cf0352",
            "ticker": "KXHIGHDEN-25APR08-B71.5",
            "count": 29,
            "created_time": "2025-04-08T05:34:16.934516Z",
            "yes_price": 24,
            "no_price": 76,
            "taker_side": "no"
        },
        {
            "trade_id": "f65b2467-9035-467e-a545-12ab6464594f",
            "ticker": "KXHIGHDEN-25APR08-B71.5",
            "count": 2,
            "created_time": "2025-04-08T04:40:50.80567Z",
            "yes_price": 24,
            "no_price": 76,
            "taker_side": "no"
        },
        {
            "trade_id": "52b4c69f-5a72-4a1d-b144-42477ae932c2",
            "ticker": "KXHIGHDEN-25APR08-B71.5",
            "count": 7,
            "created_time": "2025-04-08T04:40:40.63484Z",
            "yes_price": 24,
            "no_price": 76,
            "taker_side": "no"
        },
        {
            "trade_id": "6408ce6a-2efa-43cb-a242-4c75a2dacea5",
            "ticker": "KXHIGHDEN-25APR08-B71.5",
            "count": 19,
            "created_time": "2025-04-08T04:31:06.862711Z",
            "yes_price": 25,
            "no_price": 75,
            "taker_side": "yes"
        },
        {
            "trade_id": "a74fe4b1-4bee-4941-b0fd-0731f07c5f59",
            "ticker": "KXHIGHDEN-25APR08-B71.5",
            "count": 29,
            "created_time": "2025-04-08T04:24:38.743053Z",
            "yes_price": 25,
            "no_price": 75,
            "taker_side": "yes"
        },
        {
            "trade_id": "a26f6c96-1c2f-4a8d-944c-632a92aefb96",
            "ticker": "KXHIGHDEN-25APR08-B71.5",
            "count": 80,
            "created_time": "2025-04-08T04:24:38.743053Z",
            "yes_price": 25,
            "no_price": 75,
            "taker_side": "yes"
        },
        {
            "trade_id": "e7615fef-97d3-4212-a6e7-5ca8f1dd2bb0",
            "ticker": "KXHIGHDEN-25APR08-B71.5",
            "count": 1,
            "created_time": "2025-04-08T04:22:16.544246Z",
            "yes_price": 23,
            "no_price": 77,
            "taker_side": "no"
        },
        {
            "trade_id": "ddd1a626-4de4-49b6-9dae-b937090d7b54",
            "ticker": "KXHIGHDEN-25APR08-B71.5",
            "count": 39,
            "created_time": "2025-04-08T04:20:13.411697Z",
            "yes_price": 23,
            "no_price": 77,
            "taker_side": "yes"
        },
        {
            "trade_id": "b636f920-3792-4691-aa9f-be4e6a75a65f",
            "ticker": "KXHIGHDEN-25APR08-B71.5",
            "count": 20,
            "created_time": "2025-04-08T03:58:26.614628Z",
            "yes_price": 24,
            "no_price": 76,
            "taker_side": "yes"
        },
        {
            "trade_id": "f7c6803d-2dde-43dd-a42f-a3f69eded4f5",
            "ticker": "KXHIGHDEN-25APR08-B71.5",
            "count": 7,
            "created_time": "2025-04-08T03:32:57.152961Z",
            "yes_price": 24,
            "no_price": 76,
            "taker_side": "yes"
        },
        {
            "trade_id": "84fb7939-0684-428e-b09c-daf2e334c5e9",
            "ticker": "KXHIGHDEN-25APR08-B71.5",
            "count": 3,
            "created_time": "2025-04-08T03:32:27.964337Z",
            "yes_price": 23,
            "no_price": 77,
            "taker_side": "no"
        },
        {
            "trade_id": "a2b5c953-5543-42d6-b63e-4d2e8a5c17eb",
            "ticker": "KXHIGHDEN-25APR08-B71.5",
            "count": 21,
            "created_time": "2025-04-08T03:32:26.085849Z",
            "yes_price": 24,
            "no_price": 76,
            "taker_side": "yes"
        },
        {
            "trade_id": "a5f70357-0ce8-49ac-b673-262a944a0db5",
            "ticker": "KXHIGHDEN-25APR08-B71.5",
            "count": 3,
            "created_time": "2025-04-08T03:18:13.147479Z",
            "yes_price": 23,
            "no_price": 77,
            "taker_side": "yes"
        },
        {
            "trade_id": "207cb400-76dd-4671-ae2c-187acb8aa716",
            "ticker": "KXHIGHDEN-25APR08-B71.5",
            "count": 7,
            "created_time": "2025-04-08T03:18:13.147479Z",
            "yes_price": 23,
            "no_price": 77,
            "taker_side": "yes"
        },
        {
            "trade_id": "ac48fa50-565b-4fce-84f0-bd2a6e68debc",
            "ticker": "KXHIGHDEN-25APR08-B71.5",
            "count": 15,
            "created_time": "2025-04-08T02:41:40.378957Z",
            "yes_price": 23,
            "no_price": 77,
            "taker_side": "yes"
        },
        {
            "trade_id": "65795c9c-e0cd-4fae-8419-57db1a7103e1",
            "ticker": "KXHIGHDEN-25APR08-B71.5",
            "count": 5,
            "created_time": "2025-04-08T02:41:40.378957Z",
            "yes_price": 23,
            "no_price": 77,
            "taker_side": "yes"
        },
        {
            "trade_id": "b61e3f62-554e-4f87-8827-2fa47e6546b8",
            "ticker": "KXHIGHDEN-25APR08-B71.5",
            "count": 17,
            "created_time": "2025-04-08T02:13:10.055561Z",
            "yes_price": 23,
            "no_price": 77,
            "taker_side": "no"
        },
        {
            "trade_id": "b2c7117b-9aea-4bfa-9028-f4a483a8330e",
            "ticker": "KXHIGHDEN-25APR08-B71.5",
            "count": 44,
            "created_time": "2025-04-08T02:13:10.055561Z",
            "yes_price": 23,
            "no_price": 77,
            "taker_side": "no"
        },
        {
            "trade_id": "3f242998-21f5-49c9-81cc-92991a20571a",
            "ticker": "KXHIGHDEN-25APR08-B71.5",
            "count": 7,
            "created_time": "2025-04-07T23:55:42.519419Z",
            "yes_price": 25,
            "no_price": 75,
            "taker_side": "yes"
        },
        {
            "trade_id": "7f37dc87-d422-4ad4-af3f-d105b0e1ad32",
            "ticker": "KXHIGHDEN-25APR08-B71.5",
            "count": 5,
            "created_time": "2025-04-07T23:25:13.050501Z",
            "yes_price": 26,
            "no_price": 74,
            "taker_side": "yes"
        },
        {
            "trade_id": "7903c856-a760-4c0e-b8e3-c037d12c932f",
            "ticker": "KXHIGHDEN-25APR08-B71.5",
            "count": 6,
            "created_time": "2025-04-07T23:25:13.050501Z",
            "yes_price": 24,
            "no_price": 76,
            "taker_side": "yes"
        },
        {
            "trade_id": "bfc1f1d3-6cc5-4e60-bb13-52742032bd0a",
            "ticker": "KXHIGHDEN-25APR08-B71.5",
            "count": 35,
            "created_time": "2025-04-07T23:11:44.02726Z",
            "yes_price": 24,
            "no_price": 76,
            "taker_side": "no"
        },
        {
            "trade_id": "a7f2a5e5-b33d-46b0-b622-ca5f8e36d44b",
            "ticker": "KXHIGHDEN-25APR08-B71.5",
            "count": 50,
            "created_time": "2025-04-07T23:11:44.02726Z",
            "yes_price": 24,
            "no_price": 76,
            "taker_side": "no"
        },
        {
            "trade_id": "e98472a8-8e9a-417a-a85e-ca3f65dd8f1e",
            "ticker": "KXHIGHDEN-25APR08-B71.5",
            "count": 25,
            "created_time": "2025-04-07T23:11:12.135129Z",
            "yes_price": 25,
            "no_price": 75,
            "taker_side": "no"
        },
        {
            "trade_id": "9f8eae29-fbab-4353-9b1c-4466b089742a",
            "ticker": "KXHIGHDEN-25APR08-B71.5",
            "count": 25,
            "created_time": "2025-04-07T23:11:12.135129Z",
            "yes_price": 25,
            "no_price": 75,
            "taker_side": "no"
        },
        {
            "trade_id": "f5e25864-489b-40cf-87ab-48a1e61b6a7c",
            "ticker": "KXHIGHDEN-25APR08-B71.5",
            "count": 32,
            "created_time": "2025-04-07T22:30:08.8985Z",
            "yes_price": 26,
            "no_price": 74,
            "taker_side": "no"
        },
        {
            "trade_id": "78879e28-e856-4dfe-8882-726b47de9790",
            "ticker": "KXHIGHDEN-25APR08-B71.5",
            "count": 10,
            "created_time": "2025-04-07T22:30:08.8985Z",
            "yes_price": 26,
            "no_price": 74,
            "taker_side": "no"
        },
        {
            "trade_id": "a3c33838-0d0f-4b17-9623-5fc6a68683bd",
            "ticker": "KXHIGHDEN-25APR08-B71.5",
            "count": 11,
            "created_time": "2025-04-07T22:21:53.828798Z",
            "yes_price": 27,
            "no_price": 73,
            "taker_side": "yes"
        },
        {
            "trade_id": "b3b5775e-0016-46ab-be8f-58a7a5ae87dc",
            "ticker": "KXHIGHDEN-25APR08-B71.5",
            "count": 2,
            "created_time": "2025-04-07T21:32:11.7523Z",
            "yes_price": 26,
            "no_price": 74,
            "taker_side": "yes"
        },
        {
            "trade_id": "48af2696-9f3d-4a3c-8a98-cd86091e256c",
            "ticker": "KXHIGHDEN-25APR08-B71.5",
            "count": 13,
            "created_time": "2025-04-07T21:30:56.970127Z",
            "yes_price": 26,
            "no_price": 74,
            "taker_side": "yes"
        },
        {
            "trade_id": "cbb83939-fad5-4aea-a936-badb584967a5",
            "ticker": "KXHIGHDEN-25APR08-B71.5",
            "count": 87,
            "created_time": "2025-04-07T21:30:43.002035Z",
            "yes_price": 26,
            "no_price": 74,
            "taker_side": "yes"
        },
        {
            "trade_id": "8353889b-27f0-43fe-946f-c9c2332da3c9",
            "ticker": "KXHIGHDEN-25APR08-B71.5",
            "count": 3,
            "created_time": "2025-04-07T21:30:43.002035Z",
            "yes_price": 26,
            "no_price": 74,
            "taker_side": "yes"
        },
        {
            "trade_id": "493b08ec-b5f6-489d-88e4-dd9119bf9f87",
            "ticker": "KXHIGHDEN-25APR08-B71.5",
            "count": 28,
            "created_time": "2025-04-07T21:30:43.002035Z",
            "yes_price": 25,
            "no_price": 75,
            "taker_side": "yes"
        },
        {
            "trade_id": "b3e16880-0858-49c8-9a90-68cea309a674",
            "ticker": "KXHIGHDEN-25APR08-B71.5",
            "count": 6,
            "created_time": "2025-04-07T21:08:25.341419Z",
            "yes_price": 26,
            "no_price": 74,
            "taker_side": "yes"
        },
        {
            "trade_id": "1a45b60f-1230-43cb-9735-6c10a23fc354",
            "ticker": "KXHIGHDEN-25APR08-B71.5",
            "count": 89,
            "created_time": "2025-04-07T18:51:39.276361Z",
            "yes_price": 25,
            "no_price": 75,
            "taker_side": "no"
        },
        {
            "trade_id": "e1bfe85f-846e-4ad0-81f0-9b90307819eb",
            "ticker": "KXHIGHDEN-25APR08-B71.5",
            "count": 26,
            "created_time": "2025-04-07T18:17:43.595094Z",
            "yes_price": 28,
            "no_price": 72,
            "taker_side": "yes"
        },
        {
            "trade_id": "4494c5ec-f593-47e9-ac65-122344f5b10c",
            "ticker": "KXHIGHDEN-25APR08-B71.5",
            "count": 1,
            "created_time": "2025-04-07T18:17:43.595094Z",
            "yes_price": 28,
            "no_price": 72,
            "taker_side": "yes"
        },
        {
            "trade_id": "85d92d77-bf55-4508-8ffc-8ed1825ae30e",
            "ticker": "KXHIGHDEN-25APR08-B71.5",
            "count": 12,
            "created_time": "2025-04-07T18:17:14.570268Z",
            "yes_price": 28,
            "no_price": 72,
            "taker_side": "yes"
        },
        {
            "trade_id": "1bac0398-775b-4193-9aad-0031dcf7297f",
            "ticker": "KXHIGHDEN-25APR08-B71.5",
            "count": 1,
            "created_time": "2025-04-07T18:17:14.570268Z",
            "yes_price": 27,
            "no_price": 73,
            "taker_side": "yes"
        },
        {
            "trade_id": "d8ca4699-1896-4f91-83a3-86e2c2ceaaa8",
            "ticker": "KXHIGHDEN-25APR08-B71.5",
            "count": 1,
            "created_time": "2025-04-07T17:52:16.701869Z",
            "yes_price": 27,
            "no_price": 73,
            "taker_side": "yes"
        },
        {
            "trade_id": "eac95af1-17cb-410f-8c27-ac7789ff85ab",
            "ticker": "KXHIGHDEN-25APR08-B71.5",
            "count": 50,
            "created_time": "2025-04-07T16:26:30.140432Z",
            "yes_price": 26,
            "no_price": 74,
            "taker_side": "yes"
        },
        {
            "trade_id": "f0c9817d-8400-4ade-804a-51acb95ef9f9",
            "ticker": "KXHIGHDEN-25APR08-B71.5",
            "count": 240,
            "created_time": "2025-04-07T16:26:07.104432Z",
            "yes_price": 25,
            "no_price": 75,
            "taker_side": "yes"
        },
        {
            "trade_id": "df8a58ae-6de6-4386-8fd5-c4356dd3b28f",
            "ticker": "KXHIGHDEN-25APR08-B71.5",
            "count": 26,
            "created_time": "2025-04-07T16:26:07.104432Z",
            "yes_price": 23,
            "no_price": 77,
            "taker_side": "yes"
        },
        {
            "trade_id": "4bbc8987-0f69-48a2-b471-4889f68767b2",
            "ticker": "KXHIGHDEN-25APR08-B71.5",
            "count": 29,
            "created_time": "2025-04-07T16:26:07.104432Z",
            "yes_price": 23,
            "no_price": 77,
            "taker_side": "yes"
        },
        {
            "trade_id": "490257e9-b7fb-4bfb-a721-12539fd513e6",
            "ticker": "KXHIGHDEN-25APR08-B71.5",
            "count": 37,
            "created_time": "2025-04-07T16:23:13.354194Z",
            "yes_price": 22,
            "no_price": 78,
            "taker_side": "yes"
        },
        {
            "trade_id": "dfc89f7d-0080-4807-92cc-94307d3b3afa",
            "ticker": "KXHIGHDEN-25APR08-B71.5",
            "count": 12,
            "created_time": "2025-04-07T14:38:20.672517Z",
            "yes_price": 25,
            "no_price": 75,
            "taker_side": "yes"
        },
        {
            "trade_id": "3a07ffd6-5a37-4938-86a8-20d9ca95dba2",
            "ticker": "KXHIGHDEN-25APR08-B71.5",
            "count": 12,
            "created_time": "2025-04-07T14:30:46.570536Z",
            "yes_price": 22,
            "no_price": 78,
            "taker_side": "yes"
        }
    ],
    "KXHIGHDEN-25APR08-B73.5": [
        {
            "trade_id": "6dc91745-0cdc-4c70-b6f2-785b23768900",
            "ticker": "KXHIGHDEN-25APR08-B73.5",
            "count": 20,
            "created_time": "2025-04-09T03:54:05.609934Z",
            "yes_price": 99,
            "no_price": 1,
            "taker_side": "no"
        },
        {
            "trade_id": "da62fc50-d142-4d2f-8145-f7193c759ba6",
            "ticker": "KXHIGHDEN-25APR08-B73.5",
            "count": 7,
            "created_time": "2025-04-09T03:12:14.850965Z",
            "yes_price": 99,
            "no_price": 1,
            "taker_side": "no"
        },
        {
            "trade_id": "b355367a-affc-49b9-a38e-e46112274710",
            "ticker": "KXHIGHDEN-25APR08-B73.5",
            "count": 30,
            "created_time": "2025-04-09T01:08:01.808334Z",
            "yes_price": 99,
            "no_price": 1,
            "taker_side": "no"
        },
        {
            "trade_id": "a32c046d-3d71-4797-b6be-894f45fa635e",
            "ticker": "KXHIGHDEN-25APR08-B73.5",
            "count": 124,
            "created_time": "2025-04-09T01:02:21.91125Z",
            "yes_price": 99,
            "no_price": 1,
            "taker_side": "no"
        },
        {
            "trade_id": "c10482a8-66bb-4881-a16f-b5870d916dcb",
            "ticker": "KXHIGHDEN-25APR08-B73.5",
            "count": 15,
            "created_time": "2025-04-09T00:34:28.625623Z",
            "yes_price": 99,
            "no_price": 1,
            "taker_side": "no"
        },
        {
            "trade_id": "60c93f3a-71e1-462c-b7df-176ff5e6801c",
            "ticker": "KXHIGHDEN-25APR08-B73.5",
            "count": 5,
            "created_time": "2025-04-09T00:34:28.625623Z",
            "yes_price": 99,
            "no_price": 1,
            "taker_side": "no"
        },
        {
            "trade_id": "51eb2d60-1024-4e2d-8c56-53039409286d",
            "ticker": "KXHIGHDEN-25APR08-B73.5",
            "count": 20,
            "created_time": "2025-04-09T00:34:28.625623Z",
            "yes_price": 99,
            "no_price": 1,
            "taker_side": "no"
        },
        {
            "trade_id": "2b2cfd15-9ea8-4be5-9374-89fc2133e4af",
            "ticker": "KXHIGHDEN-25APR08-B73.5",
            "count": 186,
            "created_time": "2025-04-09T00:34:28.625623Z",
            "yes_price": 99,
            "no_price": 1,
            "taker_side": "no"
        },
        {
            "trade_id": "286660f5-7a0f-457e-9d79-0906c331c043",
            "ticker": "KXHIGHDEN-25APR08-B73.5",
            "count": 20,
