{
    "KXHIGHDEN-25JAN21-T37": [
        {
            "trade_id": "8cc426f1-9ac2-49c8-8ffa-a67ed78ebeca",
            "ticker": "KXHIGHDEN-25JAN21-T37",
            "count": 885,
            "created_time": "2025-01-21T21:48:48.719913Z",
            "yes_price": 1,
            "no_price": 99,
            "taker_side": "yes"
        },
        {
            "trade_id": "75160e8b-4ef4-424d-ac55-3199261e2be8",
            "ticker": "KXHIGHDEN-25JAN21-T37",
            "count": 7,
            "created_time": "2025-01-21T19:02:13.184763Z",
            "yes_price": 1,
            "no_price": 99,
            "taker_side": "no"
        },
        {
            "trade_id": "2494564f-e376-41d9-8cfa-5925a74b431a",
            "ticker": "KXHIGHDEN-25JAN21-T37",
            "count": 500,
            "created_time": "2025-01-21T19:02:13.184763Z",
            "yes_price": 1,
            "no_price": 99,
            "taker_side": "no"
        },
        {
            "trade_id": "079534a3-984e-461b-a5c0-d74fcc923cd2",
            "ticker": "KXHIGHDEN-25JAN21-T37",
            "count": 274,
            "created_time": "2025-01-21T18:49:48.03218Z",
            "yes_price": 3,
            "no_price": 97,
            "taker_side": "no"
        },
        {
            "trade_id": "a1728d62-abdb-4f0b-9be6-0d77798615d1",
            "ticker": "KXHIGHDEN-25JAN21-T37",
            "count": 7,
            "created_time": "2025-01-21T18:46:42.024168Z",
            "yes_price": 5,
            "no_price": 95,
            "taker_side": "yes"
        },
        {
            "trade_id": "4ff9c051-bbe4-4dcd-9cf0-91ca0d55fea7",
            "ticker": "KXHIGHDEN-25JAN21-T37",
            "count": 15,
            "created_time": "2025-01-21T18:46:42.024168Z",
            "yes_price": 5,
            "no_price": 95,
            "taker_side": "yes"
        },
        {
            "trade_id": "ff2a94ed-61f3-41d5-a4c2-1550e4197b80",
            "ticker": "KXHIGHDEN-25JAN21-T37",
            "count": 100,
            "created_time": "2025-01-21T18:33:39.107964Z",
            "yes_price": 5,
            "no_price": 95,
            "taker_side": "yes"
        },
        {
            "trade_id": "9062746b-e8a3-40ab-a7b2-6fef8c4a437b",
            "ticker": "KXHIGHDEN-25JAN21-T37",
            "count": 25,
            "created_time": "2025-01-21T18:33:39.107964Z",
            "yes_price": 7,
            "no_price": 93,
            "taker_side": "yes"
        },
        {
            "trade_id": "71662ff7-31b4-47fb-b8e5-3885ed36052a",
            "ticker": "KXHIGHDEN-25JAN21-T37",
            "count": 50,
            "created_time": "2025-01-21T18:33:39.107964Z",
            "yes_price": 4,
            "no_price": 96,
            "taker_side": "yes"
        },
        {
            "trade_id": "61f91f91-178a-4472-8cf4-0204985bb823",
            "ticker": "KXHIGHDEN-25JAN21-T37",
            "count": 100,
            "created_time": "2025-01-21T18:33:39.107964Z",
            "yes_price": 7,
            "no_price": 93,
            "taker_side": "yes"
        },
        {
            "trade_id": "e1ee3d41-e20f-4543-9923-11dce7512df7",
            "ticker": "KXHIGHDEN-25JAN21-T37",
            "count": 250,
            "created_time": "2025-01-21T18:33:19.105636Z",
            "yes_price": 3,
            "no_price": 97,
            "taker_side": "no"
        },
        {
            "trade_id": "7be20d4a-4199-4cae-a92c-9b11cd85464e",
            "ticker": "KXHIGHDEN-25JAN21-T37",
            "count": 200,
            "created_time": "2025-01-21T18:16:32.315072Z",
            "yes_price": 3,
            "no_price": 97,
            "taker_side": "no"
        },
        {
            "trade_id": "c391b2c9-51b8-4f19-bbb1-f8d5e1efa1f6",
            "ticker": "KXHIGHDEN-25JAN21-T37",
            "count": 7,
            "created_time": "2025-01-21T17:58:44.348557Z",
            "yes_price": 2,
            "no_price": 98,
            "taker_side": "yes"
        },
        {
            "trade_id": "6961ac0e-bf87-4e5c-81b2-3a23858fb562",
            "ticker": "KXHIGHDEN-25JAN21-T37",
            "count": 4,
            "created_time": "2025-01-21T17:51:42.921417Z",
            "yes_price": 2,
            "no_price": 98,
            "taker_side": "yes"
        },
        {
            "trade_id": "3da5b064-17fe-4263-a7bc-4641d5186aaa",
            "ticker": "KXHIGHDEN-25JAN21-T37",
            "count": 226,
            "created_time": "2025-01-21T17:51:42.921417Z",
            "yes_price": 2,
            "no_price": 98,
            "taker_side": "yes"
        },
        {
            "trade_id": "f0e30a2c-7dbc-4ea6-ba81-ee170da77b2c",
            "ticker": "KXHIGHDEN-25JAN21-T37",
            "count": 2,
            "created_time": "2025-01-21T17:28:10.56386Z",
            "yes_price": 1,
            "no_price": 99,
            "taker_side": "yes"
        },
        {
            "trade_id": "ec5a0ecd-1aad-40a0-b2a8-9c9babc17854",
            "ticker": "KXHIGHDEN-25JAN21-T37",
            "count": 250,
            "created_time": "2025-01-21T17:28:10.56386Z",
            "yes_price": 7,
            "no_price": 93,
            "taker_side": "yes"
        },
        {
            "trade_id": "76b5bc98-b6ea-4dcb-aaa9-141d9b27dc77",
            "ticker": "KXHIGHDEN-25JAN21-T37",
            "count": 150,
            "created_time": "2025-01-21T17:28:10.56386Z",
            "yes_price": 5,
            "no_price": 95,
            "taker_side": "yes"
        },
        {
            "trade_id": "65e12047-b99d-4746-9604-95ba58638730",
            "ticker": "KXHIGHDEN-25JAN21-T37",
            "count": 230,
            "created_time": "2025-01-21T17:28:10.56386Z",
            "yes_price": 5,
            "no_price": 95,
            "taker_side": "yes"
        },
        {
            "trade_id": "30b75292-3d18-4db7-aa30-631b96a30b1f",
            "ticker": "KXHIGHDEN-25JAN21-T37",
            "count": 250,
            "created_time": "2025-01-21T17:28:10.56386Z",
            "yes_price": 6,
            "no_price": 94,
            "taker_side": "yes"
        },
        {
            "trade_id": "6ba34da6-5fb9-472b-95b8-8652fcd53d11",
            "ticker": "KXHIGHDEN-25JAN21-T37",
            "count": 100,
            "created_time": "2025-01-21T17:10:32.889336Z",
            "yes_price": 1,
            "no_price": 99,
            "taker_side": "yes"
        },
        {
            "trade_id": "55a28b99-fe4d-4d3e-91a6-ec56fce2fed2",
            "ticker": "KXHIGHDEN-25JAN21-T37",
            "count": 96,
            "created_time": "2025-01-21T17:10:32.889336Z",
            "yes_price": 1,
            "no_price": 99,
            "taker_side": "yes"
        },
        {
            "trade_id": "e8dc032b-6cac-4b33-ae61-ee50c5d95f5d",
            "ticker": "KXHIGHDEN-25JAN21-T37",
            "count": 324,
            "created_time": "2025-01-21T16:55:47.581239Z",
            "yes_price": 3,
            "no_price": 97,
            "taker_side": "no"
        },
        {
            "trade_id": "4e5e5e7e-50d0-45f6-b823-1c15b02971bd",
            "ticker": "KXHIGHDEN-25JAN21-T37",
            "count": 1,
            "created_time": "2025-01-21T16:52:53.795943Z",
            "yes_price": 5,
            "no_price": 95,
            "taker_side": "yes"
        },
        {
            "trade_id": "46333568-8847-437f-b438-377320158397",
            "ticker": "KXHIGHDEN-25JAN21-T37",
            "count": 22,
            "created_time": "2025-01-21T16:52:53.795943Z",
            "yes_price": 4,
            "no_price": 96,
            "taker_side": "yes"
        },
        {
            "trade_id": "809b4eb0-d13b-4934-a7a9-641994be8b03",
            "ticker": "KXHIGHDEN-25JAN21-T37",
            "count": 100,
            "created_time": "2025-01-21T16:43:38.282061Z",
            "yes_price": 3,
            "no_price": 97,
            "taker_side": "no"
        },
        {
            "trade_id": "0ce937af-2577-4d74-9027-1a90e2ad6e8f",
            "ticker": "KXHIGHDEN-25JAN21-T37",
            "count": 100,
            "created_time": "2025-01-21T16:41:47.509788Z",
            "yes_price": 3,
            "no_price": 97,
            "taker_side": "no"
        },
        {
            "trade_id": "7100d52c-4bc9-4e6e-8ae9-5d0151b67bd6",
            "ticker": "KXHIGHDEN-25JAN21-T37",
            "count": 60,
            "created_time": "2025-01-21T15:29:15.411855Z",
            "yes_price": 3,
            "no_price": 97,
            "taker_side": "no"
        },
        {
            "trade_id": "5a164884-8559-4e17-b58b-b270049039ed",
            "ticker": "KXHIGHDEN-25JAN21-T37",
            "count": 411,
            "created_time": "2025-01-21T14:19:21.243056Z",
            "yes_price": 3,
            "no_price": 97,
            "taker_side": "no"
        },
        {
            "trade_id": "0401481f-fada-4622-b0fe-ad0e0c651894",
            "ticker": "KXHIGHDEN-25JAN21-T37",
            "count": 136,
            "created_time": "2025-01-21T14:16:47.662451Z",
            "yes_price": 4,
            "no_price": 96,
            "taker_side": "no"
        },
        {
            "trade_id": "7d0e1f65-e745-4816-bb31-40577e82e6c2",
            "ticker": "KXHIGHDEN-25JAN21-T37",
            "count": 11,
            "created_time": "2025-01-21T14:16:09.646921Z",
            "yes_price": 4,
            "no_price": 96,
            "taker_side": "no"
        },
        {
            "trade_id": "181dc745-1ca4-43f3-8c64-4d7916116a18",
            "ticker": "KXHIGHDEN-25JAN21-T37",
            "count": 103,
            "created_time": "2025-01-21T14:13:57.596652Z",
            "yes_price": 4,
            "no_price": 96,
            "taker_side": "no"
        },
        {
            "trade_id": "1f9aef8c-b3cc-4d50-9ad5-4eb3c29df623",
            "ticker": "KXHIGHDEN-25JAN21-T37",
            "count": 250,
            "created_time": "2025-01-21T13:29:19.432747Z",
            "yes_price": 5,
            "no_price": 95,
            "taker_side": "no"
        },
        {
            "trade_id": "5b4678d0-2fec-4127-a105-9ca7385886ac",
            "ticker": "KXHIGHDEN-25JAN21-T37",
            "count": 61,
            "created_time": "2025-01-21T13:21:44.592644Z",
            "yes_price": 7,
            "no_price": 93,
            "taker_side": "yes"
        },
        {
            "trade_id": "31a6e633-ad29-478a-8995-73e322940b42",
            "ticker": "KXHIGHDEN-25JAN21-T37",
            "count": 90,
            "created_time": "2025-01-21T13:21:44.592644Z",
            "yes_price": 7,
            "no_price": 93,
            "taker_side": "yes"
        },
        {
            "trade_id": "94ea5dfb-13bb-4ac1-bfcc-61f714d7a3bb",
            "ticker": "KXHIGHDEN-25JAN21-T37",
            "count": 5,
            "created_time": "2025-01-21T13:01:49.151064Z",
            "yes_price": 3,
            "no_price": 97,
            "taker_side": "no"
        },
        {
            "trade_id": "a5e5f57f-21b2-4dba-b336-9d1a53736d06",
            "ticker": "KXHIGHDEN-25JAN21-T37",
            "count": 99,
            "created_time": "2025-01-21T06:11:50.808402Z",
            "yes_price": 2,
            "no_price": 98,
            "taker_side": "no"
        },
        {
            "trade_id": "98c8604b-d0db-4812-b3f6-5170d0db6ceb",
            "ticker": "KXHIGHDEN-25JAN21-T37",
            "count": 80,
            "created_time": "2025-01-21T06:11:39.523829Z",
            "yes_price": 3,
            "no_price": 97,
            "taker_side": "no"
        },
        {
            "trade_id": "90686d80-f3c9-4f80-b616-1ab202cc7d81",
            "ticker": "KXHIGHDEN-25JAN21-T37",
            "count": 25,
            "created_time": "2025-01-21T06:11:39.523829Z",
            "yes_price": 3,
            "no_price": 97,
            "taker_side": "no"
        },
        {
            "trade_id": "825bb277-e8dc-4601-96c6-92af14de99c6",
            "ticker": "KXHIGHDEN-25JAN21-T37",
            "count": 10,
            "created_time": "2025-01-21T06:11:39.523829Z",
            "yes_price": 3,
            "no_price": 97,
            "taker_side": "no"
        },
        {
            "trade_id": "ec7c6329-208c-4c1b-944d-166115712b24",
            "ticker": "KXHIGHDEN-25JAN21-T37",
            "count": 2,
            "created_time": "2025-01-21T06:08:18.191271Z",
            "yes_price": 11,
            "no_price": 89,
            "taker_side": "yes"
        },
        {
            "trade_id": "19089267-bcea-457f-8cda-006546a7012d",
            "ticker": "KXHIGHDEN-25JAN21-T37",
            "count": 31,
            "created_time": "2025-01-21T05:52:50.837687Z",
            "yes_price": 9,
            "no_price": 91,
            "taker_side": "yes"
        },
        {
            "trade_id": "a3c2eeb2-62b6-459a-bb15-0bbb0c09b720",
            "ticker": "KXHIGHDEN-25JAN21-T37",
            "count": 10,
            "created_time": "2025-01-21T05:37:50.817799Z",
            "yes_price": 4,
            "no_price": 96,
            "taker_side": "no"
        },
        {
            "trade_id": "b0552217-0c59-4cd3-b894-96e20ae3114c",
            "ticker": "KXHIGHDEN-25JAN21-T37",
            "count": 9,
            "created_time": "2025-01-21T05:36:47.905809Z",
            "yes_price": 10,
            "no_price": 90,
            "taker_side": "yes"
        },
        {
            "trade_id": "731341e9-7a15-4b95-b0bb-fde1ea79e9d7",
            "ticker": "KXHIGHDEN-25JAN21-T37",
            "count": 118,
            "created_time": "2025-01-21T05:36:47.905809Z",
            "yes_price": 8,
            "no_price": 92,
            "taker_side": "yes"
        },
        {
            "trade_id": "64d83e5a-f067-4a00-a1fb-50370aa300e3",
            "ticker": "KXHIGHDEN-25JAN21-T37",
            "count": 223,
            "created_time": "2025-01-21T05:36:47.905809Z",
            "yes_price": 12,
            "no_price": 88,
            "taker_side": "yes"
        },
        {
            "trade_id": "5b188381-a8a2-4ba3-9cb8-7b2ceb0965fb",
            "ticker": "KXHIGHDEN-25JAN21-T37",
            "count": 240,
            "created_time": "2025-01-21T05:36:47.905809Z",
            "yes_price": 10,
            "no_price": 90,
            "taker_side": "yes"
        },
        {
            "trade_id": "3e1af5f1-0758-4ab0-8b60-4c7ac0d4c6e8",
            "ticker": "KXHIGHDEN-25JAN21-T37",
            "count": 50,
            "created_time": "2025-01-21T05:36:20.613146Z",
            "yes_price": 8,
            "no_price": 92,
            "taker_side": "yes"
        },
        {
            "trade_id": "de3c9344-62ab-45e5-9b88-3dd39babde43",
            "ticker": "KXHIGHDEN-25JAN21-T37",
            "count": 96,
            "created_time": "2025-01-21T05:31:31.187159Z",
            "yes_price": 7,
            "no_price": 93,
            "taker_side": "yes"
        },
        {
            "trade_id": "d573f649-6633-4ad7-bbeb-560843bb5b5e",
            "ticker": "KXHIGHDEN-25JAN21-T37",
            "count": 6,
            "created_time": "2025-01-21T05:31:31.187159Z",
            "yes_price": 7,
            "no_price": 93,
            "taker_side": "yes"
        },
        {
            "trade_id": "8cafc0e0-97f5-44f3-9f3b-c86eb4c014aa",
            "ticker": "KXHIGHDEN-25JAN21-T37",
            "count": 10,
            "created_time": "2025-01-21T05:31:31.187159Z",
            "yes_price": 7,
            "no_price": 93,
            "taker_side": "yes"
        },
        {
            "trade_id": "4d8472ad-2d35-401e-8090-8e5467c9d9a5",
            "ticker": "KXHIGHDEN-25JAN21-T37",
            "count": 13,
            "created_time": "2025-01-21T05:31:31.187159Z",
            "yes_price": 7,
            "no_price": 93,
            "taker_side": "yes"
        },
        {
            "trade_id": "ad035569-f99b-4099-be59-166ed65982a4",
            "ticker": "KXHIGHDEN-25JAN21-T37",
            "count": 3,
            "created_time": "2025-01-21T03:53:14.182022Z",
            "yes_price": 4,
            "no_price": 96,
            "taker_side": "no"
        },
        {
            "trade_id": "4195e502-9984-4327-acc3-01e72e3dd967",
            "ticker": "KXHIGHDEN-25JAN21-T37",
            "count": 100,
            "created_time": "2025-01-21T03:53:14.182022Z",
            "yes_price": 4,
            "no_price": 96,
            "taker_side": "no"
        },
        {
            "trade_id": "30bdf5be-e695-40f9-8ac6-e18209ba8018",
            "ticker": "KXHIGHDEN-25JAN21-T37",
            "count": 6,
            "created_time": "2025-01-21T03:09:08.240225Z",
            "yes_price": 8,
            "no_price": 92,
            "taker_side": "yes"
        },
        {
            "trade_id": "ac0cf429-32a8-4b53-ac4a-f496444c7e60",
            "ticker": "KXHIGHDEN-25JAN21-T37",
            "count": 1,
            "created_time": "2025-01-21T03:09:03.124291Z",
            "yes_price": 8,
            "no_price": 92,
            "taker_side": "yes"
        },
        {
            "trade_id": "df260853-3321-4f8a-aee6-eac21fcc37bb",
            "ticker": "KXHIGHDEN-25JAN21-T37",
            "count": 40,
            "created_time": "2025-01-21T02:33:47.157542Z",
            "yes_price": 10,
            "no_price": 90,
            "taker_side": "yes"
        },
        {
            "trade_id": "0970c66f-a071-4737-925c-185c48c0df5c",
            "ticker": "KXHIGHDEN-25JAN21-T37",
            "count": 24,
            "created_time": "2025-01-21T01:40:46.802054Z",
            "yes_price": 5,
            "no_price": 95,
            "taker_side": "yes"
        },
        {
            "trade_id": "da1a4b3a-5743-44c4-8f07-1eb16017aef9",
            "ticker": "KXHIGHDEN-25JAN21-T37",
            "count": 1,
            "created_time": "2025-01-21T01:39:24.845967Z",
            "yes_price": 5,
            "no_price": 95,
            "taker_side": "yes"
        },
        {
            "trade_id": "83453b8e-5fe6-48be-be87-dadae9b28f68",
            "ticker": "KXHIGHDEN-25JAN21-T37",
            "count": 240,
            "created_time": "2025-01-21T01:39:24.845967Z",
            "yes_price": 7,
            "no_price": 93,
            "taker_side": "yes"
        },
        {
            "trade_id": "831e5434-8660-46ad-852f-ebf98f56446b",
            "ticker": "KXHIGHDEN-25JAN21-T37",
            "count": 240,
            "created_time": "2025-01-21T01:39:24.845967Z",
            "yes_price": 9,
            "no_price": 91,
            "taker_side": "yes"
        },
        {
            "trade_id": "399cd6e3-dfc4-4713-90b1-22edcab468ad",
            "ticker": "KXHIGHDEN-25JAN21-T37",
            "count": 1,
            "created_time": "2025-01-21T01:33:57.563403Z",
            "yes_price": 2,
            "no_price": 98,
            "taker_side": "yes"
        },
        {
            "trade_id": "353cdfa5-8b79-4bbd-8c5c-c6f89675eff0",
            "ticker": "KXHIGHDEN-25JAN21-T37",
            "count": 1,
            "created_time": "2025-01-20T20:20:15.787003Z",
            "yes_price": 1,
            "no_price": 99,
            "taker_side": "no"
        },
        {
            "trade_id": "c72bb09c-d354-45f2-95d6-160c231771f0",
            "ticker": "KXHIGHDEN-25JAN21-T37",
            "count": 27,
            "created_time": "2025-01-20T20:19:37.808428Z",
            "yes_price": 9,
            "no_price": 91,
            "taker_side": "yes"
        },
        {
            "trade_id": "6f7307f3-fa74-496c-b102-a2b3ec1b84d2",
            "ticker": "KXHIGHDEN-25JAN21-T37",
            "count": 240,
            "created_time": "2025-01-20T16:34:25.725469Z",
            "yes_price": 10,
            "no_price": 90,
            "taker_side": "yes"
        },
        {
            "trade_id": "5d79de47-b865-4de1-811d-d4759260d38e",
            "ticker": "KXHIGHDEN-25JAN21-T37",
            "count": 122,
            "created_time": "2025-01-20T16:34:25.725469Z",
            "yes_price": 8,
            "no_price": 92,
            "taker_side": "yes"
        },
        {
            "trade_id": "3d71817b-ea1e-4331-a4b0-f46bb9f8fed7",
            "ticker": "KXHIGHDEN-25JAN21-T37",
            "count": 118,
            "created_time": "2025-01-20T16:34:25.725469Z",
            "yes_price": 8,
            "no_price": 92,
            "taker_side": "yes"
        },
        {
            "trade_id": "9f366c1b-98d9-44a4-bb68-7a961540e581",
            "ticker": "KXHIGHDEN-25JAN21-T37",
            "count": 2,
            "created_time": "2025-01-20T16:34:18.087225Z",
            "yes_price": 7,
            "no_price": 93,
            "taker_side": "no"
        },
        {
            "trade_id": "da8e35f7-7e93-4d77-bc65-55b78a2fbfc1",
            "ticker": "KXHIGHDEN-25JAN21-T37",
            "count": 67,
            "created_time": "2025-01-20T16:33:50.163686Z",
            "yes_price": 7,
            "no_price": 93,
            "taker_side": "yes"
        },
        {
            "trade_id": "545a2ff8-128b-47b8-bcdb-28d1fca366f0",
            "ticker": "KXHIGHDEN-25JAN21-T37",
            "count": 28,
            "created_time": "2025-01-20T16:33:50.163686Z",
            "yes_price": 7,
            "no_price": 93,
            "taker_side": "yes"
        }
    ],
    "KXHIGHDEN-25JAN21-B37.5": [
        {
            "trade_id": "c1a53638-e3f9-4a83-bad7-d0c8a62d9f39",
            "ticker": "KXHIGHDEN-25JAN21-B37.5",
            "count": 59,
            "created_time": "2025-01-22T02:32:41.62236Z",
            "yes_price": 1,
            "no_price": 99,
            "taker_side": "yes"
        },
        {
            "trade_id": "62b27ab9-ff1a-4d7f-b31a-3e15dee20d0a",
            "ticker": "KXHIGHDEN-25JAN21-B37.5",
            "count": 935,
            "created_time": "2025-01-21T21:54:58.85665Z",
            "yes_price": 1,
            "no_price": 99,
            "taker_side": "yes"
        },
        {
            "trade_id": "9067d130-fdc7-4c04-afe5-f86bdbb915b0",
            "ticker": "KXHIGHDEN-25JAN21-B37.5",
            "count": 46,
            "created_time": "2025-01-21T21:39:29.159419Z",
            "yes_price": 1,
            "no_price": 99,
            "taker_side": "yes"
        },
        {
            "trade_id": "9522cea5-2cd0-4b7a-a16d-c3774b8508f5",
            "ticker": "KXHIGHDEN-25JAN21-B37.5",
            "count": 50,
            "created_time": "2025-01-21T21:06:54.004305Z",
            "yes_price": 1,
            "no_price": 99,
            "taker_side": "yes"
        },
        {
            "trade_id": "d2d1db69-d894-471e-9789-cfee5444d1b2",
            "ticker": "KXHIGHDEN-25JAN21-B37.5",
            "count": 5,
            "created_time": "2025-01-21T21:03:54.528104Z",
            "yes_price": 1,
            "no_price": 99,
            "taker_side": "yes"
        },
        {
            "trade_id": "b8a2476b-c691-499f-99d0-676f0547db9d",
            "ticker": "KXHIGHDEN-25JAN21-B37.5",
            "count": 5,
            "created_time": "2025-01-21T20:43:57.968361Z",
            "yes_price": 1,
            "no_price": 99,
            "taker_side": "yes"
        },
        {
            "trade_id": "39256c12-56b8-400a-8b9a-ae322052e6a7",
            "ticker": "KXHIGHDEN-25JAN21-B37.5",
            "count": 54,
            "created_time": "2025-01-21T20:32:56.259902Z",
            "yes_price": 1,
            "no_price": 99,
            "taker_side": "yes"
        },
        {
            "trade_id": "28257927-b05e-4440-8bbe-fdc3aab646da",
            "ticker": "KXHIGHDEN-25JAN21-B37.5",
            "count": 187,
            "created_time": "2025-01-21T20:30:01.241149Z",
            "yes_price": 1,
            "no_price": 99,
            "taker_side": "yes"
        },
        {
            "trade_id": "1eecd5db-5e02-4592-b011-a941528ff243",
            "ticker": "KXHIGHDEN-25JAN21-B37.5",
            "count": 46,
            "created_time": "2025-01-21T20:26:16.64294Z",
            "yes_price": 1,
            "no_price": 99,
            "taker_side": "yes"
        },
        {
            "trade_id": "9b813f80-ec46-4d51-82ce-92a9c4659830",
            "ticker": "KXHIGHDEN-25JAN21-B37.5",
            "count": 374,
            "created_time": "2025-01-21T20:25:01.490375Z",
            "yes_price": 1,
            "no_price": 99,
            "taker_side": "yes"
        },
        {
            "trade_id": "e7855310-cf61-4893-865e-36d2e127765c",
            "ticker": "KXHIGHDEN-25JAN21-B37.5",
            "count": 55,
            "created_time": "2025-01-21T20:23:34.167924Z",
            "yes_price": 1,
            "no_price": 99,
            "taker_side": "yes"
        },
        {
            "trade_id": "52867345-4cd3-4aa0-8a14-23d25a56e078",
            "ticker": "KXHIGHDEN-25JAN21-B37.5",
            "count": 100,
            "created_time": "2025-01-21T19:59:44.656601Z",
            "yes_price": 1,
            "no_price": 99,
            "taker_side": "yes"
        },
        {
            "trade_id": "442366af-de7b-427b-af74-967be47299ee",
            "ticker": "KXHIGHDEN-25JAN21-B37.5",
            "count": 40,
            "created_time": "2025-01-21T19:55:14.533799Z",
            "yes_price": 1,
            "no_price": 99,
            "taker_side": "yes"
        },
        {
            "trade_id": "f916c5ea-cbe3-4f56-b27f-1b2fe4f6401b",
            "ticker": "KXHIGHDEN-25JAN21-B37.5",
            "count": 105,
            "created_time": "2025-01-21T19:54:33.738189Z",
            "yes_price": 1,
            "no_price": 99,
            "taker_side": "yes"
        },
        {
            "trade_id": "ae11c1fb-8e33-462f-b011-dd8fa30548a9",
            "ticker": "KXHIGHDEN-25JAN21-B37.5",
            "count": 200,
            "created_time": "2025-01-21T19:52:08.612651Z",
            "yes_price": 2,
            "no_price": 98,
            "taker_side": "no"
        },
        {
            "trade_id": "725b63bb-1b28-405c-aeeb-3968b7a49d46",
            "ticker": "KXHIGHDEN-25JAN21-B37.5",
            "count": 40,
            "created_time": "2025-01-21T19:52:08.612651Z",
            "yes_price": 1,
            "no_price": 99,
            "taker_side": "no"
        },
        {
            "trade_id": "410a02b0-8a23-48d8-805e-3de4e78ce03a",
            "ticker": "KXHIGHDEN-25JAN21-B37.5",
            "count": 2,
            "created_time": "2025-01-21T19:52:08.612651Z",
            "yes_price": 6,
            "no_price": 94,
            "taker_side": "no"
        },
        {
            "trade_id": "1c49f98b-6124-4a2c-91b1-894a326c1f80",
            "ticker": "KXHIGHDEN-25JAN21-B37.5",
            "count": 165,
            "created_time": "2025-01-21T19:52:08.612651Z",
            "yes_price": 2,
            "no_price": 98,
            "taker_side": "no"
        },
        {
            "trade_id": "003f8cdd-bba4-4bdc-ae33-d10bed477116",
            "ticker": "KXHIGHDEN-25JAN21-B37.5",
            "count": 2000,
            "created_time": "2025-01-21T19:52:08.612651Z",
            "yes_price": 5,
            "no_price": 95,
            "taker_side": "no"
        },
        {
            "trade_id": "70ab2b8f-13cf-4b4c-bf0f-50146b95b242",
            "ticker": "KXHIGHDEN-25JAN21-B37.5",
            "count": 50,
            "created_time": "2025-01-21T19:36:43.172131Z",
            "yes_price": 2,
            "no_price": 98,
            "taker_side": "no"
        },
        {
            "trade_id": "a76b111b-dc2b-4b89-8e86-91a415b42312",
            "ticker": "KXHIGHDEN-25JAN21-B37.5",
            "count": 10,
            "created_time": "2025-01-21T19:34:50.164784Z",
            "yes_price": 2,
            "no_price": 98,
            "taker_side": "no"
        },
        {
            "trade_id": "c3edf959-eaa2-4b06-86ff-6e7371f6d400",
            "ticker": "KXHIGHDEN-25JAN21-B37.5",
            "count": 40,
            "created_time": "2025-01-21T19:26:15.219805Z",
            "yes_price": 1,
            "no_price": 99,
            "taker_side": "no"
        },
        {
            "trade_id": "8588102e-bfea-494a-81a9-46bd0abf7c21",
            "ticker": "KXHIGHDEN-25JAN21-B37.5",
            "count": 25,
            "created_time": "2025-01-21T19:19:01.218484Z",
            "yes_price": 12,
            "no_price": 88,
            "taker_side": "no"
        },
        {
            "trade_id": "2aa515a4-f75d-4e01-b29b-38de5bde7109",
            "ticker": "KXHIGHDEN-25JAN21-B37.5",
            "count": 47,
            "created_time": "2025-01-21T19:18:03.803878Z",
            "yes_price": 13,
            "no_price": 87,
            "taker_side": "no"
        },
        {
            "trade_id": "f13dbdde-0d4a-4482-a68e-00c8756f606f",
            "ticker": "KXHIGHDEN-25JAN21-B37.5",
            "count": 5,
            "created_time": "2025-01-21T19:13:51.804549Z",
            "yes_price": 13,
            "no_price": 87,
            "taker_side": "no"
        },
        {
            "trade_id": "a60f8e8b-6d35-46fe-badd-e8240c7d8b92",
            "ticker": "KXHIGHDEN-25JAN21-B37.5",
            "count": 59,
            "created_time": "2025-01-21T19:13:16.708495Z",
            "yes_price": 13,
            "no_price": 87,
            "taker_side": "no"
        },
        {
            "trade_id": "391e71cf-54e1-43a2-8b6b-e43582bffb37",
            "ticker": "KXHIGHDEN-25JAN21-B37.5",
            "count": 1,
            "created_time": "2025-01-21T19:11:19.851341Z",
            "yes_price": 13,
            "no_price": 87,
            "taker_side": "no"
        },
        {
            "trade_id": "1c029241-da0b-433b-82ed-abcbc2cd61d3",
            "ticker": "KXHIGHDEN-25JAN21-B37.5",
            "count": 1,
            "created_time": "2025-01-21T19:11:19.851341Z",
            "yes_price": 12,
            "no_price": 88,
            "taker_side": "no"
        },
        {
            "trade_id": "df07ebc8-d64e-48d4-87e6-fed4aeea7429",
            "ticker": "KXHIGHDEN-25JAN21-B37.5",
            "count": 100,
            "created_time": "2025-01-21T19:06:08.585949Z",
            "yes_price": 13,
            "no_price": 87,
            "taker_side": "no"
        },
        {
            "trade_id": "e3045710-c6a0-47d6-bfbd-63ed46bb78c8",
            "ticker": "KXHIGHDEN-25JAN21-B37.5",
            "count": 289,
            "created_time": "2025-01-21T19:05:41.608323Z",
            "yes_price": 13,
            "no_price": 87,
            "taker_side": "no"
        },
        {
            "trade_id": "e38398c0-5e0c-4ac4-a802-4b5aefe1be82",
            "ticker": "KXHIGHDEN-25JAN21-B37.5",
            "count": 2,
            "created_time": "2025-01-21T19:02:09.861309Z",
            "yes_price": 17,
            "no_price": 83,
            "taker_side": "yes"
        },
        {
            "trade_id": "b1f8b4e2-8f89-4999-ae33-7e193a8fc3ff",
            "ticker": "KXHIGHDEN-25JAN21-B37.5",
            "count": 54,
            "created_time": "2025-01-21T18:50:13.434894Z",
            "yes_price": 10,
            "no_price": 90,
            "taker_side": "no"
        },
        {
            "trade_id": "19cae0f6-1dd3-46e0-b060-145c7dca700f",
            "ticker": "KXHIGHDEN-25JAN21-B37.5",
            "count": 1,
            "created_time": "2025-01-21T18:50:13.434894Z",
            "yes_price": 11,
            "no_price": 89,
            "taker_side": "no"
        },
        {
            "trade_id": "a3b79a74-b121-4360-b7a5-6dae3c48911c",
            "ticker": "KXHIGHDEN-25JAN21-B37.5",
            "count": 44,
            "created_time": "2025-01-21T18:44:14.177748Z",
            "yes_price": 9,
            "no_price": 91,
            "taker_side": "no"
        },
        {
            "trade_id": "4b27eb5b-4cb6-4d42-9618-f46e7b14998a",
            "ticker": "KXHIGHDEN-25JAN21-B37.5",
            "count": 10,
            "created_time": "2025-01-21T18:44:14.177748Z",
            "yes_price": 7,
            "no_price": 93,
            "taker_side": "no"
        },
        {
            "trade_id": "c1562aee-90f2-401a-83f6-c08e93bd6721",
            "ticker": "KXHIGHDEN-25JAN21-B37.5",
            "count": 50,
            "created_time": "2025-01-21T18:37:43.908233Z",
            "yes_price": 24,
            "no_price": 76,
            "taker_side": "yes"
        },
        {
            "trade_id": "1abec435-e76b-4890-962c-97514703a7a9",
            "ticker": "KXHIGHDEN-25JAN21-B37.5",
            "count": 35,
            "created_time": "2025-01-21T18:37:43.908233Z",
            "yes_price": 25,
            "no_price": 75,
            "taker_side": "yes"
        },
        {
            "trade_id": "103e5de4-5ca4-46dc-ad78-9d334fff0fce",
            "ticker": "KXHIGHDEN-25JAN21-B37.5",
            "count": 55,
            "created_time": "2025-01-21T18:37:43.908233Z",
            "yes_price": 24,
            "no_price": 76,
            "taker_side": "yes"
        },
        {
            "trade_id": "a22e6b0a-7033-4cc1-bae2-80d3d2dc553b",
            "ticker": "KXHIGHDEN-25JAN21-B37.5",
            "count": 14,
            "created_time": "2025-01-21T18:36:15.034932Z",
            "yes_price": 15,
            "no_price": 85,
            "taker_side": "yes"
        },
        {
            "trade_id": "85d4524d-229c-453d-a68b-d83542a28324",
            "ticker": "KXHIGHDEN-25JAN21-B37.5",
            "count": 8,
            "created_time": "2025-01-21T18:36:15.034932Z",
            "yes_price": 18,
            "no_price": 82,
            "taker_side": "yes"
        },
        {
            "trade_id": "83b64029-362d-48c9-a079-c8b7791af395",
            "ticker": "KXHIGHDEN-25JAN21-B37.5",
            "count": 15,
            "created_time": "2025-01-21T18:36:15.034932Z",
            "yes_price": 10,
            "no_price": 90,
            "taker_side": "yes"
        },
        {
            "trade_id": "4e5b3f8c-e4eb-4626-b1ad-29706605557a",
            "ticker": "KXHIGHDEN-25JAN21-B37.5",
            "count": 1,
            "created_time": "2025-01-21T18:36:15.034932Z",
            "yes_price": 10,
            "no_price": 90,
            "taker_side": "yes"
        },
        {
            "trade_id": "0c96e88c-646d-47ed-8f3e-d313d3811806",
            "ticker": "KXHIGHDEN-25JAN21-B37.5",
            "count": 1,
            "created_time": "2025-01-21T18:36:15.034932Z",
            "yes_price": 15,
            "no_price": 85,
            "taker_side": "yes"
        },
        {
            "trade_id": "0ba24630-38cc-44d2-8888-013c7531e542",
            "ticker": "KXHIGHDEN-25JAN21-B37.5",
            "count": 1,
            "created_time": "2025-01-21T18:36:15.034932Z",
            "yes_price": 18,
            "no_price": 82,
            "taker_side": "yes"
        },
        {
            "trade_id": "08d29158-9116-4c7b-ac4d-e9d2820b35e2",
            "ticker": "KXHIGHDEN-25JAN21-B37.5",
            "count": 1,
            "created_time": "2025-01-21T18:36:15.034932Z",
            "yes_price": 12,
            "no_price": 88,
            "taker_side": "yes"
        },
        {
            "trade_id": "af6717cb-609c-4130-bb92-b7f16b8b2b7f",
            "ticker": "KXHIGHDEN-25JAN21-B37.5",
            "count": 107,
            "created_time": "2025-01-21T18:17:55.444095Z",
            "yes_price": 7,
            "no_price": 93,
            "taker_side": "no"
        },
        {
            "trade_id": "449bb2f8-48a9-4330-88f8-9b004976bed1",
            "ticker": "KXHIGHDEN-25JAN21-B37.5",
            "count": 1,
            "created_time": "2025-01-21T17:46:48.235945Z",
            "yes_price": 3,
            "no_price": 97,
            "taker_side": "no"
        },
        {
            "trade_id": "11d5b289-30b9-49d7-9005-5125faa7c335",
            "ticker": "KXHIGHDEN-25JAN21-B37.5",
            "count": 25,
            "created_time": "2025-01-21T17:36:55.615435Z",
            "yes_price": 5,
            "no_price": 95,
            "taker_side": "no"
        },
        {
            "trade_id": "e31735ec-e4d6-4ddf-99bf-3f02ee9061fc",
            "ticker": "KXHIGHDEN-25JAN21-B37.5",
            "count": 47,
            "created_time": "2025-01-21T17:28:30.587084Z",
            "yes_price": 10,
            "no_price": 90,
            "taker_side": "no"
        },
        {
            "trade_id": "eb2f78e4-8f26-419e-b8f5-2ec8bc680c0c",
            "ticker": "KXHIGHDEN-25JAN21-B37.5",
            "count": 200,
            "created_time": "2025-01-21T17:28:30.509317Z",
            "yes_price": 10,
            "no_price": 90,
            "taker_side": "yes"
        },
        {
            "trade_id": "89de7596-9256-4295-8837-ab591dadcbf3",
            "ticker": "KXHIGHDEN-25JAN21-B37.5",
            "count": 16,
            "created_time": "2025-01-21T17:28:30.509317Z",
            "yes_price": 7,
            "no_price": 93,
            "taker_side": "yes"
        },
        {
            "trade_id": "2c214dab-c134-4358-a8c1-37ee8d2f1ceb",
            "ticker": "KXHIGHDEN-25JAN21-B37.5",
            "count": 25,
            "created_time": "2025-01-21T17:28:30.509317Z",
            "yes_price": 9,
            "no_price": 91,
            "taker_side": "yes"
        },
        {
            "trade_id": "4669e272-2969-4b26-81c4-45f639eb5baf",
            "ticker": "KXHIGHDEN-25JAN21-B37.5",
            "count": 5,
            "created_time": "2025-01-21T16:53:13.68703Z",
            "yes_price": 8,
            "no_price": 92,
            "taker_side": "yes"
        },
        {
            "trade_id": "d969d814-155d-414f-a942-fdcf84884c29",
            "ticker": "KXHIGHDEN-25JAN21-B37.5",
            "count": 41,
            "created_time": "2025-01-21T14:35:09.892968Z",
            "yes_price": 2,
            "no_price": 98,
            "taker_side": "no"
        },
        {
            "trade_id": "396afcb1-5aa9-42df-9a44-c237c6ea09cf",
            "ticker": "KXHIGHDEN-25JAN21-B37.5",
            "count": 23,
            "created_time": "2025-01-21T14:35:09.892968Z",
            "yes_price": 1,
            "no_price": 99,
            "taker_side": "no"
        },
        {
            "trade_id": "2de8b247-e843-4fe1-8580-d887b69b9f0d",
            "ticker": "KXHIGHDEN-25JAN21-B37.5",
            "count": 100,
            "created_time": "2025-01-21T14:35:09.892968Z",
            "yes_price": 3,
            "no_price": 97,
            "taker_side": "no"
        },
        {
            "trade_id": "1b817af7-b924-4470-8fed-18d9f8be3be6",
            "ticker": "KXHIGHDEN-25JAN21-B37.5",
            "count": 40,
            "created_time": "2025-01-21T14:35:09.892968Z",
            "yes_price": 2,
            "no_price": 98,
            "taker_side": "no"
        },
        {
            "trade_id": "450aac10-f6b9-4c76-b53a-bc803e7f40a6",
            "ticker": "KXHIGHDEN-25JAN21-B37.5",
            "count": 101,
            "created_time": "2025-01-21T14:14:08.117189Z",
            "yes_price": 2,
            "no_price": 98,
            "taker_side": "no"
        },
        {
            "trade_id": "5c56d273-f885-4766-95ed-d25376f1989a",
            "ticker": "KXHIGHDEN-25JAN21-B37.5",
            "count": 20,
            "created_time": "2025-01-21T14:07:35.62599Z",
            "yes_price": 3,
            "no_price": 97,
            "taker_side": "no"
        },
        {
            "trade_id": "1e0514c3-edf2-4bb8-a4f0-079d30cc0524",
            "ticker": "KXHIGHDEN-25JAN21-B37.5",
            "count": 58,
            "created_time": "2025-01-21T14:07:35.62599Z",
            "yes_price": 2,
            "no_price": 98,
            "taker_side": "no"
        },
        {
            "trade_id": "c01022ab-37ab-4a30-b605-5dba783e5912",
            "ticker": "KXHIGHDEN-25JAN21-B37.5",
            "count": 20,
            "created_time": "2025-01-21T14:04:37.844839Z",
            "yes_price": 4,
            "no_price": 96,
            "taker_side": "no"
        },
        {
            "trade_id": "35308a25-6917-4bcd-a1f1-c537544c94c1",
            "ticker": "KXHIGHDEN-25JAN21-B37.5",
            "count": 5,
            "created_time": "2025-01-21T14:03:34.214069Z",
            "yes_price": 5,
            "no_price": 95,
            "taker_side": "no"
        },
        {
            "trade_id": "7c468ff4-e9ca-41f7-9a46-8016c6ecc5c9",
            "ticker": "KXHIGHDEN-25JAN21-B37.5",
            "count": 11,
            "created_time": "2025-01-21T14:00:47.351047Z",
            "yes_price": 6,
            "no_price": 94,
            "taker_side": "no"
        },
        {
            "trade_id": "2eb1665a-33c0-42aa-9be5-fc336629c7f3",
            "ticker": "KXHIGHDEN-25JAN21-B37.5",
            "count": 93,
            "created_time": "2025-01-21T14:00:47.351047Z",
            "yes_price": 4,
            "no_price": 96,
            "taker_side": "no"
        },
        {
            "trade_id": "6248fa14-7b5e-4f60-8aa4-4854b3535f20",
            "ticker": "KXHIGHDEN-25JAN21-B37.5",
            "count": 200,
            "created_time": "2025-01-21T13:29:05.556648Z",
            "yes_price": 8,
            "no_price": 92,
            "taker_side": "no"
        },
        {
            "trade_id": "2d8fdfd6-e88a-4141-b44e-93c793de82c6",
            "ticker": "KXHIGHDEN-25JAN21-B37.5",
            "count": 54,
            "created_time": "2025-01-21T13:29:05.556648Z",
            "yes_price": 7,
            "no_price": 93,
            "taker_side": "no"
        },
        {
            "trade_id": "b57397d1-8210-4ff5-8d1a-923e1c658285",
            "ticker": "KXHIGHDEN-25JAN21-B37.5",
            "count": 37,
            "created_time": "2025-01-21T13:27:09.893824Z",
            "yes_price": 12,
            "no_price": 88,
            "taker_side": "yes"
        },
        {
            "trade_id": "40781a8c-bad9-4a06-b668-d0db3e5b8900",
            "ticker": "KXHIGHDEN-25JAN21-B37.5",
            "count": 41,
            "created_time": "2025-01-21T13:27:09.893824Z",
            "yes_price": 12,
            "no_price": 88,
            "taker_side": "yes"
        },
        {
            "trade_id": "d86339de-a1e9-42a9-bb0a-3441040cfb67",
            "ticker": "KXHIGHDEN-25JAN21-B37.5",
            "count": 2,
            "created_time": "2025-01-21T06:12:19.424383Z",
            "yes_price": 9,
            "no_price": 91,
            "taker_side": "no"
        },
        {
            "trade_id": "6c4b0bd9-3fbc-46bd-9c7f-388a32738424",
            "ticker": "KXHIGHDEN-25JAN21-B37.5",
            "count": 3,
            "created_time": "2025-01-21T06:12:19.424383Z",
            "yes_price": 9,
            "no_price": 91,
            "taker_side": "no"
        },
        {
            "trade_id": "559bbd7d-85ea-44fb-a2fa-3a4070b7fcf1",
            "ticker": "KXHIGHDEN-25JAN21-B37.5",
            "count": 2,
            "created_time": "2025-01-21T06:12:19.424383Z",
            "yes_price": 9,
            "no_price": 91,
            "taker_side": "no"
        },
        {
            "trade_id": "139a5fe1-8628-4e20-8c6a-e4c7ba076832",
            "ticker": "KXHIGHDEN-25JAN21-B37.5",
            "count": 45,
            "created_time": "2025-01-21T06:12:19.424383Z",
            "yes_price": 9,
            "no_price": 91,
            "taker_side": "no"
        },
        {
            "trade_id": "b1ac86d4-04dd-4158-9814-b8732bbe4dae",
            "ticker": "KXHIGHDEN-25JAN21-B37.5",
            "count": 22,
            "created_time": "2025-01-21T04:47:12.822518Z",
            "yes_price": 15,
            "no_price": 85,
            "taker_side": "yes"
        },
        {
            "trade_id": "613456da-09b4-4318-ae6a-17458d6c12e8",
            "ticker": "KXHIGHDEN-25JAN21-B37.5",
            "count": 15,
            "created_time": "2025-01-21T01:39:28.476132Z",
            "yes_price": 18,
            "no_price": 82,
            "taker_side": "yes"
        },
        {
            "trade_id": "f40d3785-b66d-4270-9690-4f3556064bd9",
            "ticker": "KXHIGHDEN-25JAN21-B37.5",
            "count": 4,
            "created_time": "2025-01-20T23:57:18.273878Z",
            "yes_price": 48,
            "no_price": 52,
            "taker_side": "yes"
        },
        {
            "trade_id": "e795e33f-3f75-458f-b241-7a2a872966aa",
            "ticker": "KXHIGHDEN-25JAN21-B37.5",
            "count": 240,
            "created_time": "2025-01-20T23:57:18.273878Z",
            "yes_price": 13,
            "no_price": 87,
            "taker_side": "yes"
        },
        {
            "trade_id": "e4cb7ba5-2184-40b1-bf6e-b4376860b7cb",
            "ticker": "KXHIGHDEN-25JAN21-B37.5",
            "count": 118,
            "created_time": "2025-01-20T23:57:18.273878Z",
            "yes_price": 11,
            "no_price": 89,
            "taker_side": "yes"
        },
        {
            "trade_id": "98d13b2c-0c47-4403-b9a6-b32aa67850b2",
            "ticker": "KXHIGHDEN-25JAN21-B37.5",
            "count": 240,
            "created_time": "2025-01-20T23:57:18.273878Z",
            "yes_price": 15,
            "no_price": 85,
            "taker_side": "yes"
        },
        {
            "trade_id": "6d9a6ce3-2a81-46a1-b14f-bbd6f631c229",
            "ticker": "KXHIGHDEN-25JAN21-B37.5",
            "count": 6,
            "created_time": "2025-01-20T23:57:18.273878Z",
            "yes_price": 23,
            "no_price": 77,
            "taker_side": "yes"
        },
        {
            "trade_id": "6022ba83-29ca-4981-b747-e6b26bab2105",
            "ticker": "KXHIGHDEN-25JAN21-B37.5",
            "count": 28,
            "created_time": "2025-01-20T23:57:18.273878Z",
            "yes_price": 30,
            "no_price": 70,
            "taker_side": "yes"
        },
        {
            "trade_id": "118e6723-a503-4837-96d8-9b34c3ecd4bd",
            "ticker": "KXHIGHDEN-25JAN21-B37.5",
            "count": 12,
            "created_time": "2025-01-20T23:57:18.273878Z",
            "yes_price": 21,
            "no_price": 79,
            "taker_side": "yes"
        },
        {
            "trade_id": "65269910-4d5c-4090-a159-cb886f47034b",
            "ticker": "KXHIGHDEN-25JAN21-B37.5",
            "count": 119,
            "created_time": "2025-01-20T23:55:49.466382Z",
            "yes_price": 10,
            "no_price": 90,
            "taker_side": "yes"
        },
        {
            "trade_id": "c003ba79-8604-47ea-bd8b-5c4ea7cb530f",
            "ticker": "KXHIGHDEN-25JAN21-B37.5",
            "count": 39,
            "created_time": "2025-01-20T23:55:15.953358Z",
            "yes_price": 9,
            "no_price": 91,
            "taker_side": "yes"
        },
        {
            "trade_id": "c6f01bbb-038c-44cf-abf6-56cf20a49f57",
            "ticker": "KXHIGHDEN-25JAN21-B37.5",
            "count": 240,
            "created_time": "2025-01-20T23:54:39.2804Z",
            "yes_price": 14,
            "no_price": 86,
            "taker_side": "yes"
        },
        {
            "trade_id": "cc46311b-4ce0-4e7d-9704-98c7837cc4cd",
            "ticker": "KXHIGHDEN-25JAN21-B37.5",
            "count": 128,
            "created_time": "2025-01-20T23:54:23.271321Z",
            "yes_price": 12,
            "no_price": 88,
            "taker_side": "yes"
        },
        {
            "trade_id": "a68f0c61-9633-47ba-9c23-4e155be5d80d",
            "ticker": "KXHIGHDEN-25JAN21-B37.5",
            "count": 119,
            "created_time": "2025-01-20T23:54:23.271321Z",
            "yes_price": 10,
            "no_price": 90,
            "taker_side": "yes"
        },
        {
            "trade_id": "85b0e389-8f09-4ef3-83e1-79d72235e890",
            "ticker": "KXHIGHDEN-25JAN21-B37.5",
            "count": 20,
            "created_time": "2025-01-20T23:54:00.299675Z",
            "yes_price": 9,
            "no_price": 91,
            "taker_side": "yes"
        },
        {
            "trade_id": "7d7a7dc2-86f0-4b42-8dcd-22dff7e4fc16",
            "ticker": "KXHIGHDEN-25JAN21-B37.5",
            "count": 1,
            "created_time": "2025-01-20T23:54:00.299675Z",
            "yes_price": 9,
            "no_price": 91,
            "taker_side": "yes"
        },
        {
            "trade_id": "59a4e1a8-9f53-453f-9462-a84e6f1bbc40",
            "ticker": "KXHIGHDEN-25JAN21-B37.5",
            "count": 119,
            "created_time": "2025-01-20T23:47:57.396607Z",
            "yes_price": 9,
            "no_price": 91,
            "taker_side": "yes"
        },
        {
            "trade_id": "c8ce440e-6d41-4ce7-beeb-21ad7765cd31",
            "ticker": "KXHIGHDEN-25JAN21-B37.5",
            "count": 7,
            "created_time": "2025-01-20T23:47:21.632039Z",
            "yes_price": 8,
            "no_price": 92,
            "taker_side": "yes"
        },
        {
            "trade_id": "8d6bca59-f80d-4a66-bde7-81fc2fc6e115",
            "ticker": "KXHIGHDEN-25JAN21-B37.5",
            "count": 37,
            "created_time": "2025-01-20T23:47:21.632039Z",
            "yes_price": 8,
            "no_price": 92,
            "taker_side": "yes"
        },
        {
            "trade_id": "85e60019-2309-46b5-a915-f2043d80fe22",
            "ticker": "KXHIGHDEN-25JAN21-B37.5",
            "count": 27,
            "created_time": "2025-01-20T23:47:21.632039Z",
            "yes_price": 8,
            "no_price": 92,
            "taker_side": "yes"
        },
        {
            "trade_id": "55de069e-43bd-463d-9e1b-2e9ef7d2a3f2",
            "ticker": "KXHIGHDEN-25JAN21-B37.5",
            "count": 17,
            "created_time": "2025-01-20T22:44:21.29846Z",
            "yes_price": 8,
            "no_price": 92,
            "taker_side": "yes"
        },
        {
            "trade_id": "2b053c09-29a1-4489-ab9f-57ea7ff306c1",
            "ticker": "KXHIGHDEN-25JAN21-B37.5",
            "count": 193,
            "created_time": "2025-01-20T22:44:21.29846Z",
            "yes_price": 9,
            "no_price": 91,
            "taker_side": "yes"
        },
        {
            "trade_id": "f6b505eb-c523-4641-a687-828770432fe8",
            "ticker": "KXHIGHDEN-25JAN21-B37.5",
            "count": 1,
            "created_time": "2025-01-20T22:27:13.086939Z",
            "yes_price": 2,
            "no_price": 98,
            "taker_side": "no"
        },
        {
            "trade_id": "b97a64e7-8c9f-44ce-93ce-d8d3c8b701d6",
            "ticker": "KXHIGHDEN-25JAN21-B37.5",
            "count": 4,
            "created_time": "2025-01-20T20:37:52.195239Z",
            "yes_price": 6,
            "no_price": 94,
            "taker_side": "yes"
        },
        {
            "trade_id": "483afee7-cb64-4bc6-b953-d3573a41991f",
            "ticker": "KXHIGHDEN-25JAN21-B37.5",
            "count": 5,
            "created_time": "2025-01-20T20:37:52.195239Z",
            "yes_price": 6,
            "no_price": 94,
            "taker_side": "yes"
        },
        {
            "trade_id": "334a0aa9-9b8a-44bf-ab58-4c0989340b2c",
            "ticker": "KXHIGHDEN-25JAN21-B37.5",
            "count": 1,
            "created_time": "2025-01-20T20:37:52.195239Z",
            "yes_price": 6,
            "no_price": 94,
            "taker_side": "yes"
        }
    ],
    "KXHIGHDEN-25JAN21-B39.5": [
        {
            "trade_id": "885bf0f0-920d-48b0-a444-32523e38b4f3",
            "ticker": "KXHIGHDEN-25JAN21-B39.5",
            "count": 1124,
            "created_time": "2025-01-21T23:14:50.066194Z",
            "yes_price": 1,
            "no_price": 99,
            "taker_side": "yes"
        },
        {
            "trade_id": "14975c91-0441-461b-ad32-4554683f1be2",
            "ticker": "KXHIGHDEN-25JAN21-B39.5",
            "count": 526,
            "created_time": "2025-01-21T23:14:50.066194Z",
            "yes_price": 1,
            "no_price": 99,
            "taker_side": "yes"
        },
        {
            "trade_id": "289b2d5c-6e02-418f-8c07-1b55c2ed9fc0",
            "ticker": "KXHIGHDEN-25JAN21-B39.5",
            "count": 6,
            "created_time": "2025-01-21T22:58:16.41437Z",
            "yes_price": 1,
            "no_price": 99,
            "taker_side": "yes"
        },
        {
            "trade_id": "27ca476f-2402-4fbb-beaf-4eb30bc61c50",
            "ticker": "KXHIGHDEN-25JAN21-B39.5",
            "count": 935,
            "created_time": "2025-01-21T22:42:13.715767Z",
            "yes_price": 1,
            "no_price": 99,
            "taker_side": "yes"
        },
        {
            "trade_id": "f8ad7bd3-2002-419d-b324-4d2eea8da963",
            "ticker": "KXHIGHDEN-25JAN21-B39.5",
            "count": 32,
            "created_time": "2025-01-21T22:37:36.234672Z",
            "yes_price": 1,
            "no_price": 99,
            "taker_side": "yes"
        },
        {
            "trade_id": "2dc82002-0ff9-49b2-bf6e-589aa37abb01",
            "ticker": "KXHIGHDEN-25JAN21-B39.5",
            "count": 40,
            "created_time": "2025-01-21T22:35:14.254927Z",
            "yes_price": 1,
            "no_price": 99,
            "taker_side": "yes"
        },
        {
            "trade_id": "630c416a-2c35-486d-944d-95b8e4aa0cfd",
            "ticker": "KXHIGHDEN-25JAN21-B39.5",
            "count": 32,
            "created_time": "2025-01-21T22:35:13.204898Z",
            "yes_price": 1,
            "no_price": 99,
            "taker_side": "yes"
        },
        {
            "trade_id": "99f2f7e4-1217-4953-8984-e4baf4f23870",
            "ticker": "KXHIGHDEN-25JAN21-B39.5",
            "count": 40,
            "created_time": "2025-01-21T22:30:24.360727Z",
            "yes_price": 1,
            "no_price": 99,
            "taker_side": "yes"
        },
        {
            "trade_id": "cdccc154-590e-46b6-9f9b-6da88391ee39",
            "ticker": "KXHIGHDEN-25JAN21-B39.5",
            "count": 40,
            "created_time": "2025-01-21T22:30:23.923734Z",
            "yes_price": 1,
            "no_price": 99,
            "taker_side": "yes"
        },
        {
            "trade_id": "a50da59a-ddd9-44ec-a81b-514fb99d53e6",
            "ticker": "KXHIGHDEN-25JAN21-B39.5",
            "count": 40,
            "created_time": "2025-01-21T22:30:23.432362Z",
            "yes_price": 1,
            "no_price": 99,
            "taker_side": "yes"
        },
        {
            "trade_id": "44f13391-ad4b-4d3a-833a-34749d7eaa57",
            "ticker": "KXHIGHDEN-25JAN21-B39.5",
            "count": 40,
            "created_time": "2025-01-21T22:25:14.321858Z",
            "yes_price": 1,
            "no_price": 99,
            "taker_side": "yes"
        },
        {
            "trade_id": "2c2618b6-95aa-46c4-bfa9-779c9cac5253",
            "ticker": "KXHIGHDEN-25JAN21-B39.5",
            "count": 40,
            "created_time": "2025-01-21T22:25:13.200794Z",
            "yes_price": 1,
            "no_price": 99,
            "taker_side": "yes"
        },
        {
            "trade_id": "d5c18c4e-8fbb-4c69-9ffe-676093338cee",
            "ticker": "KXHIGHDEN-25JAN21-B39.5",
            "count": 40,
            "created_time": "2025-01-21T22:25:12.140757Z",
            "yes_price": 1,
            "no_price": 99,
            "taker_side": "yes"
        },
        {
            "trade_id": "4c545d92-d74c-49e8-aff7-ee7cc18e53fd",
            "ticker": "KXHIGHDEN-25JAN21-B39.5",
            "count": 40,
            "created_time": "2025-01-21T22:20:13.604719Z",
            "yes_price": 1,
            "no_price": 99,
            "taker_side": "yes"
        },
        {
            "trade_id": "a81df843-7e6c-4769-bf01-d9f69f540de2",
            "ticker": "KXHIGHDEN-25JAN21-B39.5",
            "count": 40,
            "created_time": "2025-01-21T22:20:12.718546Z",
            "yes_price": 1,
            "no_price": 99,
            "taker_side": "yes"
        },
        {
            "trade_id": "d86ec9df-cb41-4e68-9a92-76fb0abe9ebf",
            "ticker": "KXHIGHDEN-25JAN21-B39.5",
            "count": 40,
            "created_time": "2025-01-21T22:20:11.607003Z",
            "yes_price": 1,
            "no_price": 99,
            "taker_side": "yes"
        },
        {
            "trade_id": "c2f9a045-57d6-4262-a017-a640c164d2c3",
            "ticker": "KXHIGHDEN-25JAN21-B39.5",
            "count": 46,
            "created_time": "2025-01-21T22:19:32.997564Z",
            "yes_price": 1,
            "no_price": 99,
            "taker_side": "yes"
        },
        {
            "trade_id": "0a36497e-384b-40e8-adaf-1a25c7ab08cb",
            "ticker": "KXHIGHDEN-25JAN21-B39.5",
            "count": 500,
            "created_time": "2025-01-21T22:17:00.148952Z",
            "yes_price": 1,
            "no_price": 99,
            "taker_side": "yes"
        },
        {
            "trade_id": "e7510cb4-0970-44fe-9b61-f90da55ddcc7",
            "ticker": "KXHIGHDEN-25JAN21-B39.5",
            "count": 100,
            "created_time": "2025-01-21T22:16:15.254563Z",
            "yes_price": 1,
            "no_price": 99,
            "taker_side": "yes"
        },
        {
            "trade_id": "40c90f9f-f651-4545-9349-43524b4b448c",
            "ticker": "KXHIGHDEN-25JAN21-B39.5",
            "count": 22,
            "created_time": "2025-01-21T22:16:11.08956Z",
            "yes_price": 1,
            "no_price": 99,
            "taker_side": "yes"
        },
        {
            "trade_id": "dc44b077-1c89-4ca3-847b-e80c5c9f0a46",
            "ticker": "KXHIGHDEN-25JAN21-B39.5",
            "count": 40,
            "created_time": "2025-01-21T22:15:22.583248Z",
            "yes_price": 1,
            "no_price": 99,
            "taker_side": "yes"
        },
        {
            "trade_id": "f78818e9-ed35-4cf3-b606-a804e8adbc38",
            "ticker": "KXHIGHDEN-25JAN21-B39.5",
            "count": 40,
            "created_time": "2025-01-21T22:15:21.86522Z",
            "yes_price": 1,
            "no_price": 99,
            "taker_side": "yes"
        },
        {
            "trade_id": "a6a11f9d-0266-49fa-80f4-7e8b80008cb8",
            "ticker": "KXHIGHDEN-25JAN21-B39.5",
            "count": 40,
            "created_time": "2025-01-21T22:15:21.113766Z",
            "yes_price": 1,
            "no_price": 99,
            "taker_side": "yes"
        },
        {
            "trade_id": "4f617b16-508a-4604-ad82-652cbee1c108",
            "ticker": "KXHIGHDEN-25JAN21-B39.5",
            "count": 467,
            "created_time": "2025-01-21T22:13:29.246447Z",
            "yes_price": 1,
            "no_price": 99,
            "taker_side": "yes"
        },
        {
            "trade_id": "23b2faa3-e2f2-4682-975c-04daf25ed4f1",
            "ticker": "KXHIGHDEN-25JAN21-B39.5",
            "count": 93,
            "created_time": "2025-01-21T22:13:14.155026Z",
            "yes_price": 1,
            "no_price": 99,
            "taker_side": "yes"
        },
        {
            "trade_id": "b2ca9c9e-6eb6-450f-9eb5-7968128fcff3",
            "ticker": "KXHIGHDEN-25JAN21-B39.5",
            "count": 467,
            "created_time": "2025-01-21T22:12:46.003587Z",
            "yes_price": 1,
            "no_price": 99,
            "taker_side": "yes"
        },
        {
            "trade_id": "f5e74a4c-74d2-4bea-b3a2-3f0bf6dfebac",
            "ticker": "KXHIGHDEN-25JAN21-B39.5",
            "count": 420,
            "created_time": "2025-01-21T22:12:07.960297Z",
            "yes_price": 7,
            "no_price": 93,
            "taker_side": "no"
        },
        {
            "trade_id": "c85963e3-7b03-4a7a-8ae2-66f7c3f26749",
            "ticker": "KXHIGHDEN-25JAN21-B39.5",
            "count": 2000,
            "created_time": "2025-01-21T22:12:07.960297Z",
            "yes_price": 5,
            "no_price": 95,
            "taker_side": "no"
        },
        {
            "trade_id": "b28ee333-ef3c-4391-8982-b03523facc02",
            "ticker": "KXHIGHDEN-25JAN21-B39.5",
            "count": 41,
            "created_time": "2025-01-21T22:12:07.960297Z",
            "yes_price": 62,
            "no_price": 38,
            "taker_side": "no"
        },
        {
            "trade_id": "815c3611-dc4c-4545-8abc-1d4752fca5a1",
            "ticker": "KXHIGHDEN-25JAN21-B39.5",
            "count": 97,
            "created_time": "2025-01-21T22:12:07.960297Z",
            "yes_price": 1,
            "no_price": 99,
            "taker_side": "no"
        },
        {
            "trade_id": "7a20b255-3497-473e-a345-8641fee2c2b5",
            "ticker": "KXHIGHDEN-25JAN21-B39.5",
            "count": 15,
            "created_time": "2025-01-21T22:12:07.960297Z",
            "yes_price": 31,
            "no_price": 69,
            "taker_side": "no"
        },
        {
            "trade_id": "76204768-0af3-4120-8dd8-59117e4aaba1",
            "ticker": "KXHIGHDEN-25JAN21-B39.5",
            "count": 214,
            "created_time": "2025-01-21T22:12:07.960297Z",
            "yes_price": 12,
            "no_price": 88,
            "taker_side": "no"
        },
        {
            "trade_id": "4b42eaed-c91c-4cec-bb92-186fbd5df8bd",
            "ticker": "KXHIGHDEN-25JAN21-B39.5",
            "count": 40,
            "created_time": "2025-01-21T22:12:07.960297Z",
            "yes_price": 42,
            "no_price": 58,
            "taker_side": "no"
        },
        {
            "trade_id": "164adb7c-a304-4014-a9ef-2e9f6d8aed68",
            "ticker": "KXHIGHDEN-25JAN21-B39.5",
            "count": 40,
            "created_time": "2025-01-21T22:12:07.960297Z",
            "yes_price": 61,
            "no_price": 39,
            "taker_side": "no"
        },
        {
            "trade_id": "095f4545-ff80-44d0-af56-01237aa20705",
            "ticker": "KXHIGHDEN-25JAN21-B39.5",
            "count": 100,
            "created_time": "2025-01-21T22:12:07.960297Z",
            "yes_price": 60,
            "no_price": 40,
            "taker_side": "no"
        },
        {
            "trade_id": "057617cb-c336-44bb-8303-378ebddab3d4",
            "ticker": "KXHIGHDEN-25JAN21-B39.5",
            "count": 36,
            "created_time": "2025-01-21T22:12:07.960297Z",
            "yes_price": 52,
            "no_price": 48,
            "taker_side": "no"
        },
        {
            "trade_id": "034eff89-2156-4d85-8991-614a02e24636",
            "ticker": "KXHIGHDEN-25JAN21-B39.5",
            "count": 40,
            "created_time": "2025-01-21T22:12:07.960297Z",
            "yes_price": 13,
            "no_price": 87,
            "taker_side": "no"
        },
        {
            "trade_id": "00ffff96-c69e-4a2a-99d5-8a5ab63b17c5",
            "ticker": "KXHIGHDEN-25JAN21-B39.5",
            "count": 2000,
            "created_time": "2025-01-21T22:12:07.960297Z",
            "yes_price": 6,
            "no_price": 94,
            "taker_side": "no"
        },
        {
            "trade_id": "c7bfb3e1-96cc-4d23-aeb2-3d8b030e6fc6",
            "ticker": "KXHIGHDEN-25JAN21-B39.5",
            "count": 46,
            "created_time": "2025-01-21T22:08:37.135005Z",
            "yes_price": 86,
            "no_price": 14,
            "taker_side": "yes"
        },
        {
            "trade_id": "39712480-1549-4871-b969-b6da5c3b6262",
            "ticker": "KXHIGHDEN-25JAN21-B39.5",
            "count": 20,
            "created_time": "2025-01-21T22:08:37.135005Z",
            "yes_price": 86,
            "no_price": 14,
            "taker_side": "yes"
        },
        {
            "trade_id": "0bb65c40-6e6a-4ac7-8e74-e7d35ac84fc7",
            "ticker": "KXHIGHDEN-25JAN21-B39.5",
            "count": 50,
            "created_time": "2025-01-21T22:08:37.135005Z",
            "yes_price": 84,
            "no_price": 16,
            "taker_side": "yes"
        },
        {
            "trade_id": "997a4c06-1dce-4a55-a7a2-58718303888b",
            "ticker": "KXHIGHDEN-25JAN21-B39.5",
            "count": 10,
            "created_time": "2025-01-21T22:08:14.420893Z",
            "yes_price": 60,
            "no_price": 40,
            "taker_side": "no"
        },
        {
            "trade_id": "5265b308-dab8-466e-8214-51ec69ee8518",
            "ticker": "KXHIGHDEN-25JAN21-B39.5",
            "count": 5,
            "created_time": "2025-01-21T22:08:14.420893Z",
            "yes_price": 64,
            "no_price": 36,
            "taker_side": "no"
        },
        {
            "trade_id": "ffc3d239-7987-4c3a-99d0-3a85adb5fcea",
            "ticker": "KXHIGHDEN-25JAN21-B39.5",
            "count": 40,
            "created_time": "2025-01-21T22:07:53.483737Z",
            "yes_price": 60,
            "no_price": 40,
            "taker_side": "no"
        },
        {
            "trade_id": "994bff29-0c07-4e28-a475-d3b37dfc691b",
            "ticker": "KXHIGHDEN-25JAN21-B39.5",
            "count": 4,
            "created_time": "2025-01-21T22:07:53.483737Z",
            "yes_price": 61,
            "no_price": 39,
            "taker_side": "no"
        },
        {
            "trade_id": "733477b1-23e5-49e9-b384-12c4a9681e53",
            "ticker": "KXHIGHDEN-25JAN21-B39.5",
            "count": 4,
            "created_time": "2025-01-21T22:07:53.483737Z",
            "yes_price": 63,
            "no_price": 37,
            "taker_side": "no"
        },
        {
            "trade_id": "f876d170-e903-4415-9033-f3f71e4096a8",
            "ticker": "KXHIGHDEN-25JAN21-B39.5",
            "count": 40,
            "created_time": "2025-01-21T22:07:27.075549Z",
            "yes_price": 77,
            "no_price": 23,
            "taker_side": "yes"
        },
        {
            "trade_id": "203d06c0-0ba2-41d5-8fe8-b38e60502d3a",
            "ticker": "KXHIGHDEN-25JAN21-B39.5",
            "count": 20,
            "created_time": "2025-01-21T22:07:27.075549Z",
            "yes_price": 78,
            "no_price": 22,
            "taker_side": "yes"
        },
        {
            "trade_id": "d2b01c32-d4b1-4be9-8b77-9d80112805e8",
            "ticker": "KXHIGHDEN-25JAN21-B39.5",
            "count": 48,
            "created_time": "2025-01-21T22:06:53.643462Z",
            "yes_price": 4,
            "no_price": 96,
            "taker_side": "no"
        },
        {
            "trade_id": "19ac103f-1849-48c9-81d2-f65cdd289638",
            "ticker": "KXHIGHDEN-25JAN21-B39.5",
            "count": 34,
            "created_time": "2025-01-21T22:06:53.643462Z",
            "yes_price": 60,
            "no_price": 40,
            "taker_side": "no"
        },
        {
            "trade_id": "da317901-ecbc-4851-b82c-7367afc0b429",
            "ticker": "KXHIGHDEN-25JAN21-B39.5",
            "count": 35,
            "created_time": "2025-01-21T22:06:12.014176Z",
            "yes_price": 53,
            "no_price": 47,
            "taker_side": "no"
        },
        {
            "trade_id": "d8fa23a4-52cf-49b7-947c-954f79f319e6",
            "ticker": "KXHIGHDEN-25JAN21-B39.5",
            "count": 30,
            "created_time": "2025-01-21T22:06:12.014176Z",
            "yes_price": 1,
            "no_price": 99,
            "taker_side": "no"
        },
        {
            "trade_id": "b3f8e504-496a-40b1-8d85-9ba4a386efdf",
            "ticker": "KXHIGHDEN-25JAN21-B39.5",
            "count": 40,
            "created_time": "2025-01-21T22:06:12.014176Z",
            "yes_price": 13,
            "no_price": 87,
            "taker_side": "no"
        },
        {
            "trade_id": "ab8bd46c-13b3-4c75-b516-6b1efec45535",
            "ticker": "KXHIGHDEN-25JAN21-B39.5",
            "count": 16,
            "created_time": "2025-01-21T22:06:12.014176Z",
            "yes_price": 62,
            "no_price": 38,
            "taker_side": "no"
        },
        {
            "trade_id": "6dcc4cb8-b69d-4fb0-ace0-95b35994ad2d",
            "ticker": "KXHIGHDEN-25JAN21-B39.5",
            "count": 40,
            "created_time": "2025-01-21T22:06:12.014176Z",
            "yes_price": 43,
            "no_price": 57,
            "taker_side": "no"
        },
        {
            "trade_id": "598055e7-0497-442c-b283-13158b9f01c8",
            "ticker": "KXHIGHDEN-25JAN21-B39.5",
            "count": 23,
            "created_time": "2025-01-21T22:06:12.014176Z",
            "yes_price": 1,
            "no_price": 99,
            "taker_side": "no"
        },
        {
            "trade_id": "ec217746-c98e-4442-acf4-38d9b2f35a8e",
            "ticker": "KXHIGHDEN-25JAN21-B39.5",
            "count": 200,
            "created_time": "2025-01-21T22:05:06.503922Z",
            "yes_price": 2,
            "no_price": 98,
            "taker_side": "no"
        },
        {
            "trade_id": "eb677580-9f91-4479-baae-e0849b156c11",
            "ticker": "KXHIGHDEN-25JAN21-B39.5",
            "count": 100,
            "created_time": "2025-01-21T22:05:06.503922Z",
            "yes_price": 1,
            "no_price": 99,
            "taker_side": "no"
        },
        {
            "trade_id": "dce3ca9e-968e-4353-8667-1402e95b6e8d",
            "ticker": "KXHIGHDEN-25JAN21-B39.5",
            "count": 40,
            "created_time": "2025-01-21T22:05:06.503922Z",
            "yes_price": 14,
            "no_price": 86,
            "taker_side": "no"
        },
        {
            "trade_id": "d70ad3b5-2d6c-4ae2-a2f5-f2df84f2e2fe",
            "ticker": "KXHIGHDEN-25JAN21-B39.5",
            "count": 146,
            "created_time": "2025-01-21T22:05:06.503922Z",
            "yes_price": 5,
            "no_price": 95,
            "taker_side": "no"
        },
        {
            "trade_id": "83a24147-60e6-4ab2-8540-494f9ce3fefe",
            "ticker": "KXHIGHDEN-25JAN21-B39.5",
            "count": 25,
            "created_time": "2025-01-21T22:05:06.503922Z",
            "yes_price": 13,
            "no_price": 87,
            "taker_side": "no"
        },
        {
            "trade_id": "6e306cb1-3844-42a0-a050-1947c4fd482f",
            "ticker": "KXHIGHDEN-25JAN21-B39.5",
            "count": 1,
            "created_time": "2025-01-21T22:05:06.503922Z",
            "yes_price": 21,
            "no_price": 79,
            "taker_side": "no"
        },
        {
            "trade_id": "627f16c2-be8d-4410-9df1-9bacdc1cda94",
            "ticker": "KXHIGHDEN-25JAN21-B39.5",
            "count": 40,
            "created_time": "2025-01-21T22:05:06.503922Z",
            "yes_price": 46,
            "no_price": 54,
            "taker_side": "no"
        },
        {
            "trade_id": "58a906b8-1d90-4cf7-a19c-5ddcc6e7624f",
            "ticker": "KXHIGHDEN-25JAN21-B39.5",
            "count": 121,
            "created_time": "2025-01-21T22:05:06.503922Z",
            "yes_price": 1,
            "no_price": 99,
            "taker_side": "no"
        },
        {
            "trade_id": "2af14539-53b6-49f7-a6ff-87a81ff436a2",
            "ticker": "KXHIGHDEN-25JAN21-B39.5",
            "count": 8,
            "created_time": "2025-01-21T22:05:06.503922Z",
            "yes_price": 64,
            "no_price": 36,
            "taker_side": "no"
        },
        {
            "trade_id": "217235a4-ad49-4b6d-a43f-9eb0483514d6",
            "ticker": "KXHIGHDEN-25JAN21-B39.5",
            "count": 700,
            "created_time": "2025-01-21T22:05:06.503922Z",
            "yes_price": 6,
            "no_price": 94,
            "taker_side": "no"
        },
        {
            "trade_id": "1afc019e-5848-4e0e-95ed-2ba06fb5ddc1",
            "ticker": "KXHIGHDEN-25JAN21-B39.5",
            "count": 11,
            "created_time": "2025-01-21T22:05:06.503922Z",
            "yes_price": 64,
            "no_price": 36,
            "taker_side": "no"
        },
        {
            "trade_id": "15a16762-7b76-424f-8110-47fa2a41f264",
            "ticker": "KXHIGHDEN-25JAN21-B39.5",
            "count": 19,
            "created_time": "2025-01-21T22:05:06.503922Z",
            "yes_price": 56,
            "no_price": 44,
            "taker_side": "no"
        },
        {
            "trade_id": "fa4bda8f-4cbd-41b1-8eac-430a328950a7",
            "ticker": "KXHIGHDEN-25JAN21-B39.5",
            "count": 4,
            "created_time": "2025-01-21T22:01:03.075858Z",
            "yes_price": 85,
            "no_price": 15,
            "taker_side": "yes"
        },
        {
            "trade_id": "83633ccb-55ee-488c-a669-c5b51aaddbe6",
            "ticker": "KXHIGHDEN-25JAN21-B39.5",
            "count": 40,
            "created_time": "2025-01-21T21:57:01.845058Z",
            "yes_price": 57,
            "no_price": 43,
            "taker_side": "no"
        },
        {
            "trade_id": "384a9da0-2cc1-4326-ad36-f931ccb854d9",
            "ticker": "KXHIGHDEN-25JAN21-B39.5",
            "count": 15,
            "created_time": "2025-01-21T21:57:01.845058Z",
            "yes_price": 56,
            "no_price": 44,
            "taker_side": "no"
        },
        {
            "trade_id": "2f6beb7f-bdc5-4a7a-a273-47e08dc4b3dc",
            "ticker": "KXHIGHDEN-25JAN21-B39.5",
            "count": 27,
            "created_time": "2025-01-21T21:57:01.845058Z",
            "yes_price": 57,
            "no_price": 43,
            "taker_side": "no"
        },
        {
            "trade_id": "20a98408-b1b7-483a-81da-c9569873ff5d",
            "ticker": "KXHIGHDEN-25JAN21-B39.5",
            "count": 25,
            "created_time": "2025-01-21T21:57:01.845058Z",
            "yes_price": 58,
            "no_price": 42,
            "taker_side": "no"
        },
        {
            "trade_id": "91d8570a-f923-4dd1-a4db-5f0e580f0aff",
            "ticker": "KXHIGHDEN-25JAN21-B39.5",
            "count": 23,
            "created_time": "2025-01-21T21:55:57.252636Z",
            "yes_price": 57,
            "no_price": 43,
            "taker_side": "no"
        },
        {
            "trade_id": "3f189af8-eacf-4100-a21b-9d33c6b81af7",
            "ticker": "KXHIGHDEN-25JAN21-B39.5",
            "count": 1,
            "created_time": "2025-01-21T21:55:57.252636Z",
            "yes_price": 58,
            "no_price": 42,
            "taker_side": "no"
        },
        {
            "trade_id": "fae2a0a6-deef-4324-9a31-2ba2978fe45a",
            "ticker": "KXHIGHDEN-25JAN21-B39.5",
            "count": 14,
            "created_time": "2025-01-21T21:54:45.820898Z",
            "yes_price": 64,
            "no_price": 36,
            "taker_side": "no"
        },
        {
            "trade_id": "88238aac-f7cb-4034-b85d-bc73a7d3cafe",
            "ticker": "KXHIGHDEN-25JAN21-B39.5",
            "count": 28,
            "created_time": "2025-01-21T21:54:45.820898Z",
            "yes_price": 59,
            "no_price": 41,
            "taker_side": "no"
        },
        {
            "trade_id": "30d5af31-59cf-4a65-afe5-7ae7367e4a01",
            "ticker": "KXHIGHDEN-25JAN21-B39.5",
            "count": 1,
            "created_time": "2025-01-21T21:54:45.820898Z",
            "yes_price": 65,
            "no_price": 35,
            "taker_side": "no"
        },
        {
            "trade_id": "28f06393-d8b4-40f4-8520-33e178d7509d",
            "ticker": "KXHIGHDEN-25JAN21-B39.5",
            "count": 5,
            "created_time": "2025-01-21T21:54:45.820898Z",
            "yes_price": 64,
            "no_price": 36,
            "taker_side": "no"
        },
        {
            "trade_id": "18849e00-65d0-4680-9123-69c54ec0847b",
            "ticker": "KXHIGHDEN-25JAN21-B39.5",
            "count": 1,
            "created_time": "2025-01-21T21:54:45.820898Z",
            "yes_price": 70,
            "no_price": 30,
            "taker_side": "no"
        },
        {
            "trade_id": "064948f9-44ed-4a1f-9d25-924b3ace02f4",
            "ticker": "KXHIGHDEN-25JAN21-B39.5",
            "count": 11,
            "created_time": "2025-01-21T21:53:36.972542Z",
            "yes_price": 69,
            "no_price": 31,
            "taker_side": "no"
        },
        {
            "trade_id": "008d664d-0ab0-4050-b263-817421aa7d8d",
            "ticker": "KXHIGHDEN-25JAN21-B39.5",
            "count": 2,
            "created_time": "2025-01-21T21:53:23.655805Z",
            "yes_price": 69,
            "no_price": 31,
            "taker_side": "yes"
        },
        {
            "trade_id": "dc45a4d3-f880-47d2-a510-10b59264b836",
            "ticker": "KXHIGHDEN-25JAN21-B39.5",
            "count": 4,
            "created_time": "2025-01-21T21:51:03.977508Z",
            "yes_price": 69,
            "no_price": 31,
            "taker_side": "no"
        },
        {
            "trade_id": "b7eead9a-31ca-48cd-af8f-42790886ab3c",
            "ticker": "KXHIGHDEN-25JAN21-B39.5",
            "count": 5,
            "created_time": "2025-01-21T21:46:27.528846Z",
            "yes_price": 88,
            "no_price": 12,
            "taker_side": "yes"
        },
        {
            "trade_id": "298ab861-1e29-4b76-8aff-ee24e03b162f",
            "ticker": "KXHIGHDEN-25JAN21-B39.5",
            "count": 6,
            "created_time": "2025-01-21T21:46:27.528846Z",
            "yes_price": 89,
            "no_price": 11,
            "taker_side": "yes"
        },
        {
            "trade_id": "b2e084cf-71d4-4b56-9131-ad5bcb11ce7c",
            "ticker": "KXHIGHDEN-25JAN21-B39.5",
            "count": 8,
            "created_time": "2025-01-21T21:44:23.018271Z",
            "yes_price": 83,
            "no_price": 17,
            "taker_side": "yes"
        },
        {
            "trade_id": "807b3b86-732f-455a-bdd2-ba4511a65495",
            "ticker": "KXHIGHDEN-25JAN21-B39.5",
            "count": 1,
            "created_time": "2025-01-21T21:40:27.988934Z",
            "yes_price": 83,
            "no_price": 17,
            "taker_side": "yes"
        },
        {
            "trade_id": "ad80c04b-44c7-4653-bc1b-518c836851a0",
            "ticker": "KXHIGHDEN-25JAN21-B39.5",
            "count": 108,
            "created_time": "2025-01-21T21:33:33.413782Z",
            "yes_price": 79,
            "no_price": 21,
            "taker_side": "yes"
        },
        {
            "trade_id": "44f96a93-e88d-44d4-a799-36aad61d9b54",
            "ticker": "KXHIGHDEN-25JAN21-B39.5",
            "count": 10,
            "created_time": "2025-01-21T21:33:33.413782Z",
            "yes_price": 78,
            "no_price": 22,
            "taker_side": "yes"
        },
        {
            "trade_id": "098f1411-983f-4120-a1a2-cbc4c34802e0",
            "ticker": "KXHIGHDEN-25JAN21-B39.5",
            "count": 6,
            "created_time": "2025-01-21T21:33:33.413782Z",
            "yes_price": 78,
            "no_price": 22,
            "taker_side": "yes"
        },
        {
            "trade_id": "590d2f94-e8ce-4c2a-9c7d-46bbe971dc34",
            "ticker": "KXHIGHDEN-25JAN21-B39.5",
            "count": 12,
            "created_time": "2025-01-21T21:33:20.143548Z",
            "yes_price": 78,
            "no_price": 22,
            "taker_side": "yes"
        },
        {
            "trade_id": "87565df1-7824-45fb-bec1-11977017fc89",
            "ticker": "KXHIGHDEN-25JAN21-B39.5",
            "count": 95,
            "created_time": "2025-01-21T21:29:08.599332Z",
            "yes_price": 64,
            "no_price": 36,
            "taker_side": "no"
        },
        {
            "trade_id": "17442d46-ecdd-414b-88fd-1facd6cedfe4",
            "ticker": "KXHIGHDEN-25JAN21-B39.5",
            "count": 5,
            "created_time": "2025-01-21T21:29:08.599332Z",
            "yes_price": 64,
            "no_price": 36,
            "taker_side": "no"
        },
        {
            "trade_id": "3c0cd0c4-3165-4b76-a8fa-42e82c417e40",
            "ticker": "KXHIGHDEN-25JAN21-B39.5",
            "count": 1,
            "created_time": "2025-01-21T21:28:28.006176Z",
            "yes_price": 65,
            "no_price": 35,
            "taker_side": "yes"
        },
        {
            "trade_id": "f28bb468-e2e8-4edc-9ac3-6c73ff5e2ff4",
            "ticker": "KXHIGHDEN-25JAN21-B39.5",
            "count": 2,
            "created_time": "2025-01-21T21:28:27.879842Z",
            "yes_price": 66,
            "no_price": 34,
            "taker_side": "no"
        },
        {
            "trade_id": "5f5febd6-5184-4171-8357-52feaf99d822",
            "ticker": "KXHIGHDEN-25JAN21-B39.5",
            "count": 40,
            "created_time": "2025-01-21T21:28:27.879842Z",
            "yes_price": 65,
            "no_price": 35,
            "taker_side": "no"
        },
        {
            "trade_id": "a3ea9e15-1012-4fdd-8c70-36c948fdcc2f",
            "ticker": "KXHIGHDEN-25JAN21-B39.5",
            "count": 3,
            "created_time": "2025-01-21T21:27:36.552305Z",
            "yes_price": 66,
            "no_price": 34,
            "taker_side": "no"
        },
        {
            "trade_id": "bb153b40-321b-46e7-bad8-c72617449f44",
            "ticker": "KXHIGHDEN-25JAN21-B39.5",
            "count": 2,
            "created_time": "2025-01-21T21:27:28.161221Z",
            "yes_price": 66,
            "no_price": 34,
            "taker_side": "no"
        },
        {
            "trade_id": "3a9d3c82-17d5-499a-8e10-bb66b12054f4",
            "ticker": "KXHIGHDEN-25JAN21-B39.5",
            "count": 1,
            "created_time": "2025-01-21T21:27:28.161221Z",
            "yes_price": 77,
            "no_price": 23,
            "taker_side": "no"
        },
        {
            "trade_id": "2ce2947c-cbdc-4b6f-802c-ddced91bf33d",
            "ticker": "KXHIGHDEN-25JAN21-B39.5",
            "count": 1,
            "created_time": "2025-01-21T21:27:28.161221Z",
            "yes_price": 78,
            "no_price": 22,
            "taker_side": "no"
        },
        {
            "trade_id": "978e631b-0d69-467e-9d69-3c4b964b93d5",
            "ticker": "KXHIGHDEN-25JAN21-B39.5",
            "count": 17,
            "created_time": "2025-01-21T21:23:55.724189Z",
            "yes_price": 80,
            "no_price": 20,
            "taker_side": "yes"
        },
        {
            "trade_id": "7d314bb6-56b0-4f6d-b4b2-6dc42b383acc",
            "ticker": "KXHIGHDEN-25JAN21-B39.5",
            "count": 1,
            "created_time": "2025-01-21T21:23:15.121057Z",
            "yes_price": 80,
            "no_price": 20,
            "taker_side": "yes"
        },
        {
            "trade_id": "0021f376-0eca-4b17-a67c-7d97ae8362fc",
            "ticker": "KXHIGHDEN-25JAN21-B39.5",
            "count": 1,
            "created_time": "2025-01-21T21:22:48.550868Z",
            "yes_price": 81,
            "no_price": 19,
            "taker_side": "yes"
        },
        {
            "trade_id": "c87ba9cf-7493-47d8-8c54-8763fb61b174",
            "ticker": "KXHIGHDEN-25JAN21-B39.5",
            "count": 1,
            "created_time": "2025-01-21T21:22:41.181375Z",
            "yes_price": 79,
            "no_price": 21,
            "taker_side": "no"
        },
        {
            "trade_id": "aa437bb8-fcf1-4741-a2ad-5aafd24bfc75",
            "ticker": "KXHIGHDEN-25JAN21-B39.5",
            "count": 19,
            "created_time": "2025-01-21T21:22:41.181375Z",
            "yes_price": 74,
            "no_price": 26,
            "taker_side": "no"
        },
        {
            "trade_id": "890a0a71-4d1d-479f-8d86-042a81bfbd86",
            "ticker": "KXHIGHDEN-25JAN21-B39.5",
            "count": 13,
            "created_time": "2025-01-21T21:18:31.088024Z",
            "yes_price": 85,
            "no_price": 15,
            "taker_side": "yes"
        },
        {
            "trade_id": "fe5121f2-bb84-43a2-9e3d-f101d02d5ae0",
            "ticker": "KXHIGHDEN-25JAN21-B39.5",
            "count": 3,
            "created_time": "2025-01-21T21:18:26.594965Z",
            "yes_price": 86,
            "no_price": 14,
            "taker_side": "yes"
        },
        {
            "trade_id": "e18de92a-fdd4-464f-95a9-94f6a2b072b4",
            "ticker": "KXHIGHDEN-25JAN21-B39.5",
            "count": 1,
            "created_time": "2025-01-21T21:18:05.431743Z",
            "yes_price": 80,
            "no_price": 20,
            "taker_side": "yes"
        },
        {
            "trade_id": "c5df02e5-5e2e-4cdc-ac43-ae09b6c6e3c0",
            "ticker": "KXHIGHDEN-25JAN21-B39.5",
            "count": 29,
            "created_time": "2025-01-21T21:18:05.431743Z",
            "yes_price": 77,
            "no_price": 23,
            "taker_side": "yes"
        },
        {
            "trade_id": "71c54fd2-3bfe-4a99-83ce-955075b41805",
            "ticker": "KXHIGHDEN-25JAN21-B39.5",
            "count": 25,
            "created_time": "2025-01-21T21:18:05.431743Z",
            "yes_price": 79,
            "no_price": 21,
            "taker_side": "yes"
        },
        {
            "trade_id": "5f57ff5b-8d0d-4832-81ab-6808226b72a7",
            "ticker": "KXHIGHDEN-25JAN21-B39.5",
            "count": 29,
            "created_time": "2025-01-21T21:18:05.431743Z",
            "yes_price": 88,
            "no_price": 12,
            "taker_side": "yes"
        },
        {
            "trade_id": "4fd1868e-4f51-4bd8-a13d-67350664f9fc",
            "ticker": "KXHIGHDEN-25JAN21-B39.5",
            "count": 25,
            "created_time": "2025-01-21T21:18:05.431743Z",
            "yes_price": 80,
            "no_price": 20,
            "taker_side": "yes"
        },
        {
            "trade_id": "4f60dcbd-b7ed-4c2d-b865-dc58ff2c34ee",
            "ticker": "KXHIGHDEN-25JAN21-B39.5",
            "count": 75,
            "created_time": "2025-01-21T21:18:05.431743Z",
            "yes_price": 79,
            "no_price": 21,
            "taker_side": "yes"
        },
        {
            "trade_id": "3f6e2f46-8fc0-4f3b-9e06-d6d0af5d566f",
            "ticker": "KXHIGHDEN-25JAN21-B39.5",
            "count": 40,
            "created_time": "2025-01-21T21:16:08.13594Z",
            "yes_price": 75,
            "no_price": 25,
            "taker_side": "yes"
        },
        {
            "trade_id": "fd4097da-1606-4f6d-ad83-36fa832bdd55",
            "ticker": "KXHIGHDEN-25JAN21-B39.5",
            "count": 1,
            "created_time": "2025-01-21T21:07:21.816137Z",
            "yes_price": 63,
            "no_price": 37,
            "taker_side": "no"
        },
        {
            "trade_id": "fefa8df0-ea18-4fd4-bdeb-657f759fb870",
            "ticker": "KXHIGHDEN-25JAN21-B39.5",
            "count": 1,
            "created_time": "2025-01-21T21:05:21.899743Z",
            "yes_price": 55,
            "no_price": 45,
            "taker_side": "no"
        },
        {
            "trade_id": "acddff32-07ef-4f18-adf6-eb25cc0b536f",
            "ticker": "KXHIGHDEN-25JAN21-B39.5",
            "count": 14,
            "created_time": "2025-01-21T21:05:21.899743Z",
            "yes_price": 52,
            "no_price": 48,
            "taker_side": "no"
        },
        {
            "trade_id": "a405006d-85a3-4c5e-8269-a40f8cac63fd",
            "ticker": "KXHIGHDEN-25JAN21-B39.5",
            "count": 15,
            "created_time": "2025-01-21T21:05:21.899743Z",
            "yes_price": 64,
            "no_price": 36,
            "taker_side": "no"
        },
        {
            "trade_id": "9fdc438b-93fb-4270-bee6-af913bb01d4c",
            "ticker": "KXHIGHDEN-25JAN21-B39.5",
            "count": 4,
            "created_time": "2025-01-21T21:05:21.899743Z",
            "yes_price": 63,
            "no_price": 37,
            "taker_side": "no"
        },
        {
            "trade_id": "9f440461-f0cd-4392-a105-c85673436434",
            "ticker": "KXHIGHDEN-25JAN21-B39.5",
            "count": 1,
            "created_time": "2025-01-21T21:05:21.899743Z",
            "yes_price": 73,
            "no_price": 27,
            "taker_side": "no"
        },
        {
            "trade_id": "9cdbf019-429a-4df7-b537-cf76e11c0771",
            "ticker": "KXHIGHDEN-25JAN21-B39.5",
            "count": 10,
            "created_time": "2025-01-21T21:05:21.899743Z",
            "yes_price": 64,
            "no_price": 36,
            "taker_side": "no"
        },
        {
            "trade_id": "9afb1a0c-71b3-430b-91b2-45cdb3d62dde",
            "ticker": "KXHIGHDEN-25JAN21-B39.5",
            "count": 1,
            "created_time": "2025-01-21T21:05:21.899743Z",
            "yes_price": 60,
            "no_price": 40,
            "taker_side": "no"
        },
        {
            "trade_id": "88d0a3f7-8670-4672-b21b-cdb2395c03a8",
            "ticker": "KXHIGHDEN-25JAN21-B39.5",
            "count": 25,
            "created_time": "2025-01-21T21:05:21.899743Z",
            "yes_price": 63,
            "no_price": 37,
            "taker_side": "no"
        },
        {
            "trade_id": "818cba1c-ffd8-441a-a45e-553d80ad47f9",
            "ticker": "KXHIGHDEN-25JAN21-B39.5",
            "count": 25,
            "created_time": "2025-01-21T21:05:21.899743Z",
            "yes_price": 61,
            "no_price": 39,
            "taker_side": "no"
        },
        {
            "trade_id": "6b11a6ee-ca43-4b16-a1ed-ab749f013ff7",
            "ticker": "KXHIGHDEN-25JAN21-B39.5",
            "count": 3,
            "created_time": "2025-01-21T21:05:21.899743Z",
            "yes_price": 73,
            "no_price": 27,
            "taker_side": "no"
        },
        {
            "trade_id": "68c0a36b-cda7-4281-81e7-52056a6cb23c",
            "ticker": "KXHIGHDEN-25JAN21-B39.5",
            "count": 31,
            "created_time": "2025-01-21T21:05:21.899743Z",
            "yes_price": 60,
            "no_price": 40,
            "taker_side": "no"
        },
        {
            "trade_id": "51ff0e81-0df7-4a0e-b57b-dad84106f7ff",
            "ticker": "KXHIGHDEN-25JAN21-B39.5",
            "count": 18,
            "created_time": "2025-01-21T21:05:21.899743Z",
            "yes_price": 62,
            "no_price": 38,
            "taker_side": "no"
        },
        {
            "trade_id": "50a8f951-a11f-4916-94c8-90f63a31e4a1",
            "ticker": "KXHIGHDEN-25JAN21-B39.5",
            "count": 1,
            "created_time": "2025-01-21T21:05:21.899743Z",
            "yes_price": 73,
            "no_price": 27,
            "taker_side": "no"
        },
        {
            "trade_id": "f164d9c4-bb6d-4257-813a-66c3185895f4",
            "ticker": "KXHIGHDEN-25JAN21-B39.5",
            "count": 1,
            "created_time": "2025-01-21T21:05:10.58759Z",
            "yes_price": 81,
            "no_price": 19,
            "taker_side": "no"
        },
        {
            "trade_id": "698dada2-fb0b-44f5-b27b-29125113a327",
            "ticker": "KXHIGHDEN-25JAN21-B39.5",
            "count": 20,
            "created_time": "2025-01-21T20:57:23.776734Z",
            "yes_price": 91,
            "no_price": 9,
            "taker_side": "yes"
        },
        {
            "trade_id": "46b91388-c4ea-464d-9950-5b19fbf7ce90",
            "ticker": "KXHIGHDEN-25JAN21-B39.5",
            "count": 40,
            "created_time": "2025-01-21T20:57:23.776734Z",
            "yes_price": 85,
            "no_price": 15,
            "taker_side": "yes"
        },
        {
            "trade_id": "0ef458b8-33cd-4810-a549-86d7bd6a2d14",
            "ticker": "KXHIGHDEN-25JAN21-B39.5",
            "count": 40,
            "created_time": "2025-01-21T20:57:23.776734Z",
            "yes_price": 87,
            "no_price": 13,
            "taker_side": "yes"
        },
        {
            "trade_id": "d7fa5130-d0cf-49f8-8341-f8e243fc2ec2",
            "ticker": "KXHIGHDEN-25JAN21-B39.5",
            "count": 50,
            "created_time": "2025-01-21T20:51:58.075769Z",
            "yes_price": 80,
            "no_price": 20,
            "taker_side": "yes"
        },
        {
            "trade_id": "582705c3-8adf-4230-854c-a54c24f5e063",
            "ticker": "KXHIGHDEN-25JAN21-B39.5",
            "count": 40,
            "created_time": "2025-01-21T20:51:58.075769Z",
            "yes_price": 86,
            "no_price": 14,
            "taker_side": "yes"
        },
        {
            "trade_id": "6ade229d-f421-42ff-8a64-ba0a547c7310",
            "ticker": "KXHIGHDEN-25JAN21-B39.5",
            "count": 1,
            "created_time": "2025-01-21T20:49:23.971229Z",
            "yes_price": 79,
            "no_price": 21,
            "taker_side": "yes"
        },
        {
            "trade_id": "50c29934-c497-4c45-bb80-e6b5b30b5831",
            "ticker": "KXHIGHDEN-25JAN21-B39.5",
            "count": 10,
            "created_time": "2025-01-21T20:48:59.210753Z",
            "yes_price": 79,
            "no_price": 21,
            "taker_side": "yes"
        },
        {
            "trade_id": "ee341960-faac-4fab-a9b1-24c157789f10",
            "ticker": "KXHIGHDEN-25JAN21-B39.5",
            "count": 3,
            "created_time": "2025-01-21T20:43:00.232777Z",
            "yes_price": 84,
            "no_price": 16,
            "taker_side": "yes"
        },
        {
            "trade_id": "40d18952-53a8-4b8c-940d-95af07f85d16",
            "ticker": "KXHIGHDEN-25JAN21-B39.5",
            "count": 40,
            "created_time": "2025-01-21T20:41:14.405214Z",
            "yes_price": 85,
            "no_price": 15,
            "taker_side": "yes"
        },
        {
            "trade_id": "fe5f2034-8db9-44d1-a1c1-a96506d5e57c",
            "ticker": "KXHIGHDEN-25JAN21-B39.5",
            "count": 1,
            "created_time": "2025-01-21T20:39:42.101053Z",
            "yes_price": 73,
            "no_price": 27,
            "taker_side": "no"
        },
        {
            "trade_id": "31c3e9f5-16ec-4d4a-ad39-786ce2bcded8",
            "ticker": "KXHIGHDEN-25JAN21-B39.5",
            "count": 2,
            "created_time": "2025-01-21T20:39:42.101053Z",
            "yes_price": 74,
            "no_price": 26,
            "taker_side": "no"
        },
        {
            "trade_id": "089329cb-c253-4573-b485-bd8762fbd9fb",
            "ticker": "KXHIGHDEN-25JAN21-B39.5",
            "count": 1,
            "created_time": "2025-01-21T20:39:42.101053Z",
            "yes_price": 74,
            "no_price": 26,
            "taker_side": "no"
        },
        {
            "trade_id": "6bdf4154-cb14-4261-afa3-42724e1886e9",
            "ticker": "KXHIGHDEN-25JAN21-B39.5",
            "count": 1,
            "created_time": "2025-01-21T20:39:06.997621Z",
            "yes_price": 84,
            "no_price": 16,
            "taker_side": "no"
        },
        {
            "trade_id": "1f9a89cf-f252-4169-891b-afbdd22bece3",
            "ticker": "KXHIGHDEN-25JAN21-B39.5",
            "count": 1,
            "created_time": "2025-01-21T20:38:53.979603Z",
            "yes_price": 84,
            "no_price": 16,
            "taker_side": "no"
        },
        {
            "trade_id": "d4d35b04-9f78-450e-b529-9fdef31866b5",
            "ticker": "KXHIGHDEN-25JAN21-B39.5",
            "count": 2,
            "created_time": "2025-01-21T20:38:30.426734Z",
            "yes_price": 76,
            "no_price": 24,
            "taker_side": "no"
        },
        {
            "trade_id": "c2a8bc72-9456-4f39-ac60-cc5be239f295",
            "ticker": "KXHIGHDEN-25JAN21-B39.5",
            "count": 21,
            "created_time": "2025-01-21T20:38:30.426734Z",
            "yes_price": 73,
            "no_price": 27,
            "taker_side": "no"
        },
        {
            "trade_id": "79276a8d-4744-4c08-a6cf-a293cdd3d509",
            "ticker": "KXHIGHDEN-25JAN21-B39.5",
            "count": 16,
            "created_time": "2025-01-21T20:38:30.426734Z",
            "yes_price": 83,
            "no_price": 17,
            "taker_side": "no"
        },
        {
            "trade_id": "688788da-5355-4370-b962-bcaf54a1af1f",
            "ticker": "KXHIGHDEN-25JAN21-B39.5",
            "count": 1,
            "created_time": "2025-01-21T20:38:30.426734Z",
            "yes_price": 78,
            "no_price": 22,
            "taker_side": "no"
        },
        {
            "trade_id": "4e32418a-0d9e-4a7c-879f-62ede781b25f",
            "ticker": "KXHIGHDEN-25JAN21-B39.5",
            "count": 1,
            "created_time": "2025-01-21T20:38:30.426734Z",
            "yes_price": 77,
            "no_price": 23,
            "taker_side": "no"
        },
        {
            "trade_id": "ddf63c9f-2aad-486f-9f7e-3e625c2ebbd0",
            "ticker": "KXHIGHDEN-25JAN21-B39.5",
            "count": 9,
            "created_time": "2025-01-21T20:37:41.60308Z",
            "yes_price": 83,
            "no_price": 17,
            "taker_side": "yes"
        },
        {
            "trade_id": "1530bded-095f-433a-b253-aa36560ab053",
            "ticker": "KXHIGHDEN-25JAN21-B39.5",
            "count": 16,
            "created_time": "2025-01-21T20:37:39.168622Z",
            "yes_price": 83,
            "no_price": 17,
            "taker_side": "yes"
        },
        {
            "trade_id": "ed3cc056-ee9d-4ff9-b453-bf72a9cd8b13",
            "ticker": "KXHIGHDEN-25JAN21-B39.5",
            "count": 11,
            "created_time": "2025-01-21T20:37:27.959064Z",
            "yes_price": 83,
            "no_price": 17,
            "taker_side": "yes"
        },
        {
            "trade_id": "35c3596e-34b1-4b1f-8b6d-cb028eb7425e",
            "ticker": "KXHIGHDEN-25JAN21-B39.5",
            "count": 1,
            "created_time": "2025-01-21T20:37:27.959064Z",
            "yes_price": 82,
            "no_price": 18,
            "taker_side": "yes"
        },
        {
            "trade_id": "e9f471d4-c49c-4869-b5de-4bb246cb1a84",
            "ticker": "KXHIGHDEN-25JAN21-B39.5",
            "count": 1,
            "created_time": "2025-01-21T20:35:44.422303Z",
            "yes_price": 82,
            "no_price": 18,
            "taker_side": "yes"
        },
        {
            "trade_id": "c933deca-0660-4c6f-b7f2-15835fb3bef2",
            "ticker": "KXHIGHDEN-25JAN21-B39.5",
            "count": 4,
            "created_time": "2025-01-21T20:35:44.422303Z",
            "yes_price": 83,
            "no_price": 17,
            "taker_side": "yes"
        },
        {
            "trade_id": "6ffc134a-d263-40bb-9b09-a7645ea523f2",
            "ticker": "KXHIGHDEN-25JAN21-B39.5",
            "count": 122,
            "created_time": "2025-01-21T20:34:14.425099Z",
            "yes_price": 86,
            "no_price": 14,
            "taker_side": "yes"
        },
        {
            "trade_id": "442fbb03-3cac-45ed-9341-fc97497b12c6",
            "ticker": "KXHIGHDEN-25JAN21-B39.5",
            "count": 2,
            "created_time": "2025-01-21T20:34:14.425099Z",
            "yes_price": 85,
            "no_price": 15,
            "taker_side": "yes"
        },
        {
            "trade_id": "d57981a0-b899-4e88-84b3-617e2492d6c4",
            "ticker": "KXHIGHDEN-25JAN21-B39.5",
            "count": 40,
            "created_time": "2025-01-21T20:31:20.392112Z",
            "yes_price": 81,
            "no_price": 19,
            "taker_side": "yes"
        },
        {
            "trade_id": "1abf8cac-30a0-4ff6-9420-b93e11981846",
            "ticker": "KXHIGHDEN-25JAN21-B39.5",
            "count": 22,
            "created_time": "2025-01-21T20:29:17.089048Z",
            "yes_price": 76,
            "no_price": 24,
            "taker_side": "no"
        },
        {
            "trade_id": "829dca3b-9eef-4f44-836f-02273d5e46e0",
            "ticker": "KXHIGHDEN-25JAN21-B39.5",
            "count": 20,
            "created_time": "2025-01-21T20:28:01.44742Z",
            "yes_price": 90,
            "no_price": 10,
            "taker_side": "yes"
