{
    "KXHIGHDEN-25APR21-T66": [],
    "KXHIGHDEN-25APR21-B66.5": [],
    "KXHIGHDEN-25APR21-B68.5": [
        {
            "trade_id": "1ed4f889-fe6f-49fc-be08-c4a4dd70fd79",
            "ticker": "KXHIGHDEN-25APR21-B68.5",
            "count": 1,
            "created_time": "2025-04-20T17:45:38.195382Z",
            "yes_price": 10,
            "no_price": 90,
            "taker_side": "yes"
        },
        {
            "trade_id": "74bbcb45-24ed-4250-a8e2-1d94c71277af",
            "ticker": "KXHIGHDEN-25APR21-B68.5",
            "count": 31,
            "created_time": "2025-04-20T17:42:44.628973Z",
            "yes_price": 10,
            "no_price": 90,
            "taker_side": "yes"
        },
        {
            "trade_id": "7ebf358a-914e-4f95-ba81-999994a61e3b",
            "ticker": "KXHIGHDEN-25APR21-B68.5",
            "count": 66,
            "created_time": "2025-04-20T14:49:16.506724Z",
            "yes_price": 8,
            "no_price": 92,
            "taker_side": "no"
        },
        {
            "trade_id": "e6a36a4f-e595-478b-80da-2d5bb84ede70",
            "ticker": "KXHIGHDEN-25APR21-B68.5",
            "count": 90,
            "created_time": "2025-04-20T14:48:27.142393Z",
            "yes_price": 8,
            "no_price": 92,
            "taker_side": "no"
        },
        {
            "trade_id": "63bac1f6-40a9-414f-9db3-cbb245dca1d9",
            "ticker": "KXHIGHDEN-25APR21-B68.5",
            "count": 11,
            "created_time": "2025-04-20T14:48:27.142393Z",
            "yes_price": 8,
            "no_price": 92,
            "taker_side": "no"
        }
    ],
    "KXHIGHDEN-25APR21-B70.5": [
        {
            "trade_id": "81ca6ac7-f37c-49aa-ba41-b7b744e7c72a",
            "ticker": "KXHIGHDEN-25APR21-B70.5",
            "count": 210,
            "created_time": "2025-04-22T04:29:43.725685Z",
            "yes_price": 1,
            "no_price": 99,
            "taker_side": "yes"
        },
        {
            "trade_id": "75b0ad06-8500-4156-9e35-d68cc4fc6c84",
            "ticker": "KXHIGHDEN-25APR21-B70.5",
            "count": 207,
            "created_time": "2025-04-21T22:27:41.380643Z",
            "yes_price": 1,
            "no_price": 99,
            "taker_side": "yes"
        },
        {
            "trade_id": "f26d4860-3504-46a3-a77a-0144fd719ee1",
            "ticker": "KXHIGHDEN-25APR21-B70.5",
            "count": 924,
            "created_time": "2025-04-21T20:24:42.542334Z",
            "yes_price": 1,
            "no_price": 99,
            "taker_side": "yes"
        },
        {
            "trade_id": "dfb1176f-478b-47c6-bc5d-da105cecab1b",
            "ticker": "KXHIGHDEN-25APR21-B70.5",
            "count": 935,
            "created_time": "2025-04-21T20:12:39.210164Z",
            "yes_price": 1,
            "no_price": 99,
            "taker_side": "yes"
        },
        {
            "trade_id": "91279501-b418-4816-94d1-dfec4176e2ea",
            "ticker": "KXHIGHDEN-25APR21-B70.5",
            "count": 13,
            "created_time": "2025-04-21T20:11:11.401013Z",
            "yes_price": 1,
            "no_price": 99,
            "taker_side": "yes"
        },
        {
            "trade_id": "ced8d1b9-1115-4919-beba-2cfd38fc3984",
            "ticker": "KXHIGHDEN-25APR21-B70.5",
            "count": 40,
            "created_time": "2025-04-21T19:58:47.916423Z",
            "yes_price": 1,
            "no_price": 99,
            "taker_side": "yes"
        },
        {
            "trade_id": "c7ce3013-ffb1-4369-936a-3899055edc28",
            "ticker": "KXHIGHDEN-25APR21-B70.5",
            "count": 200,
            "created_time": "2025-04-21T19:57:09.847415Z",
            "yes_price": 1,
            "no_price": 99,
            "taker_side": "yes"
        },
        {
            "trade_id": "8edd3f30-b8ec-40ee-877d-26b62b91f0da",
            "ticker": "KXHIGHDEN-25APR21-B70.5",
            "count": 1000,
            "created_time": "2025-04-21T19:55:59.791998Z",
            "yes_price": 1,
            "no_price": 99,
            "taker_side": "yes"
        },
        {
            "trade_id": "3ffd70fc-0ad4-4d7e-9689-242fcd53fab5",
            "ticker": "KXHIGHDEN-25APR21-B70.5",
            "count": 22,
            "created_time": "2025-04-21T19:55:35.099921Z",
            "yes_price": 1,
            "no_price": 99,
            "taker_side": "no"
        },
        {
            "trade_id": "aa039234-2aa9-4019-80a3-f7f83ea513c4",
            "ticker": "KXHIGHDEN-25APR21-B70.5",
            "count": 150,
            "created_time": "2025-04-21T19:55:09.519347Z",
            "yes_price": 2,
            "no_price": 98,
            "taker_side": "yes"
        },
        {
            "trade_id": "fb8b2ab7-0dac-407a-8a50-22591e5dbc12",
            "ticker": "KXHIGHDEN-25APR21-B70.5",
            "count": 19,
            "created_time": "2025-04-21T19:55:03.750259Z",
            "yes_price": 2,
            "no_price": 98,
            "taker_side": "no"
        },
        {
            "trade_id": "f54a770a-649d-4868-bf5e-53fd711e8f2f",
            "ticker": "KXHIGHDEN-25APR21-B70.5",
            "count": 9,
            "created_time": "2025-04-21T19:54:11.021841Z",
            "yes_price": 6,
            "no_price": 94,
            "taker_side": "yes"
        },
        {
            "trade_id": "e5244bd2-b47f-453f-847a-66fb6316b8a2",
            "ticker": "KXHIGHDEN-25APR21-B70.5",
            "count": 151,
            "created_time": "2025-04-21T19:54:11.021841Z",
            "yes_price": 7,
            "no_price": 93,
            "taker_side": "yes"
        },
        {
            "trade_id": "860d98d3-94fd-4c62-a5da-e2a3cbef48c4",
            "ticker": "KXHIGHDEN-25APR21-B70.5",
            "count": 50,
            "created_time": "2025-04-21T19:54:11.021841Z",
            "yes_price": 3,
            "no_price": 97,
            "taker_side": "yes"
        },
        {
            "trade_id": "76775816-c86c-4811-a610-060b50046622",
            "ticker": "KXHIGHDEN-25APR21-B70.5",
            "count": 100,
            "created_time": "2025-04-21T19:54:11.021841Z",
            "yes_price": 4,
            "no_price": 96,
            "taker_side": "yes"
        },
        {
            "trade_id": "4a83f7a3-3d09-4bcf-aa99-81f25d986372",
            "ticker": "KXHIGHDEN-25APR21-B70.5",
            "count": 40,
            "created_time": "2025-04-21T19:54:11.021841Z",
            "yes_price": 3,
            "no_price": 97,
            "taker_side": "yes"
        },
        {
            "trade_id": "32615ecb-b095-423a-aa0f-fcba1d5a068e",
            "ticker": "KXHIGHDEN-25APR21-B70.5",
            "count": 50,
            "created_time": "2025-04-21T19:54:11.021841Z",
            "yes_price": 5,
            "no_price": 95,
            "taker_side": "yes"
        },
        {
            "trade_id": "08e06f4b-8517-45df-857f-035c7a9e7cc2",
            "ticker": "KXHIGHDEN-25APR21-B70.5",
            "count": 50,
            "created_time": "2025-04-21T19:53:34.933453Z",
            "yes_price": 3,
            "no_price": 97,
            "taker_side": "yes"
        },
        {
            "trade_id": "fd643bbe-43cb-441d-b9c3-90fc7f3f1777",
            "ticker": "KXHIGHDEN-25APR21-B70.5",
            "count": 80,
            "created_time": "2025-04-21T19:51:58.849589Z",
            "yes_price": 4,
            "no_price": 96,
            "taker_side": "yes"
        },
        {
            "trade_id": "81e2f1e1-4b72-4e61-bac7-dda4601bd70d",
            "ticker": "KXHIGHDEN-25APR21-B70.5",
            "count": 10,
            "created_time": "2025-04-21T19:51:58.849589Z",
            "yes_price": 7,
            "no_price": 93,
            "taker_side": "yes"
        },
        {
            "trade_id": "57db4cf1-4e10-4d14-80bd-0da3f4ecdc02",
            "ticker": "KXHIGHDEN-25APR21-B70.5",
            "count": 50,
            "created_time": "2025-04-21T19:51:58.849589Z",
            "yes_price": 6,
            "no_price": 94,
            "taker_side": "yes"
        },
        {
            "trade_id": "5170e4f0-4107-4d59-8b8a-2f4c2e079fb7",
            "ticker": "KXHIGHDEN-25APR21-B70.5",
            "count": 20,
            "created_time": "2025-04-21T19:51:58.849589Z",
            "yes_price": 4,
            "no_price": 96,
            "taker_side": "yes"
        },
        {
            "trade_id": "24796f84-fb83-4d37-b282-dfe95cb56b3a",
            "ticker": "KXHIGHDEN-25APR21-B70.5",
            "count": 50,
            "created_time": "2025-04-21T19:51:58.849589Z",
            "yes_price": 8,
            "no_price": 92,
            "taker_side": "yes"
        },
        {
            "trade_id": "f592fbc3-c241-4d66-8a42-f8f25b874e48",
            "ticker": "KXHIGHDEN-25APR21-B70.5",
            "count": 11,
            "created_time": "2025-04-21T19:42:32.982792Z",
            "yes_price": 4,
            "no_price": 96,
            "taker_side": "yes"
        },
        {
            "trade_id": "24f8afb8-5efc-4e1e-8dab-429dfc8f7e47",
            "ticker": "KXHIGHDEN-25APR21-B70.5",
            "count": 23,
            "created_time": "2025-04-21T19:40:55.785516Z",
            "yes_price": 4,
            "no_price": 96,
            "taker_side": "yes"
        },
        {
            "trade_id": "51465766-1a95-407f-a316-2592040be2c8",
            "ticker": "KXHIGHDEN-25APR21-B70.5",
            "count": 199,
            "created_time": "2025-04-21T19:38:48.152361Z",
            "yes_price": 2,
            "no_price": 98,
            "taker_side": "no"
        },
        {
            "trade_id": "8d546ad6-479f-4442-a2c0-ac9ead66f899",
            "ticker": "KXHIGHDEN-25APR21-B70.5",
            "count": 50,
            "created_time": "2025-04-21T19:38:38.575435Z",
            "yes_price": 3,
            "no_price": 97,
            "taker_side": "no"
        },
        {
            "trade_id": "62fd1a96-6e33-431b-bcfa-5292b9a153f1",
            "ticker": "KXHIGHDEN-25APR21-B70.5",
            "count": 20,
            "created_time": "2025-04-21T19:35:22.316306Z",
            "yes_price": 3,
            "no_price": 97,
            "taker_side": "no"
        },
        {
            "trade_id": "5c5fcd40-42b1-4ae6-91d8-dc72d0cce277",
            "ticker": "KXHIGHDEN-25APR21-B70.5",
            "count": 18,
            "created_time": "2025-04-21T19:33:35.351819Z",
            "yes_price": 3,
            "no_price": 97,
            "taker_side": "yes"
        },
        {
            "trade_id": "9ca484a9-ab91-46a1-b6fe-1dbf9c823935",
            "ticker": "KXHIGHDEN-25APR21-B70.5",
            "count": 8,
            "created_time": "2025-04-21T19:33:14.158695Z",
            "yes_price": 3,
            "no_price": 97,
            "taker_side": "no"
        },
        {
            "trade_id": "b9df7373-0719-4635-8662-561db5ffe553",
            "ticker": "KXHIGHDEN-25APR21-B70.5",
            "count": 50,
            "created_time": "2025-04-21T19:32:45.672232Z",
            "yes_price": 6,
            "no_price": 94,
            "taker_side": "no"
        },
        {
            "trade_id": "1ba6739a-c27e-4223-a8c5-f7f30276f953",
            "ticker": "KXHIGHDEN-25APR21-B70.5",
            "count": 4,
            "created_time": "2025-04-21T19:32:22.726268Z",
            "yes_price": 3,
            "no_price": 97,
            "taker_side": "no"
        },
        {
            "trade_id": "87fc4b61-7a90-4311-b40a-de85d714a613",
            "ticker": "KXHIGHDEN-25APR21-B70.5",
            "count": 50,
            "created_time": "2025-04-21T19:31:29.033636Z",
            "yes_price": 9,
            "no_price": 91,
            "taker_side": "yes"
        },
        {
            "trade_id": "82268e9b-07a0-4efd-82f6-1a3da06435b2",
            "ticker": "KXHIGHDEN-25APR21-B70.5",
            "count": 111,
            "created_time": "2025-04-21T19:31:29.033636Z",
            "yes_price": 10,
            "no_price": 90,
            "taker_side": "yes"
        },
        {
            "trade_id": "65578b49-98b4-4400-9dc7-bebfa99798f8",
            "ticker": "KXHIGHDEN-25APR21-B70.5",
            "count": 200,
            "created_time": "2025-04-21T19:31:29.033636Z",
            "yes_price": 11,
            "no_price": 89,
            "taker_side": "yes"
        },
        {
            "trade_id": "316761a0-f6e3-4ca5-a5e4-99a13d88e456",
            "ticker": "KXHIGHDEN-25APR21-B70.5",
            "count": 49,
            "created_time": "2025-04-21T19:31:29.033636Z",
            "yes_price": 14,
            "no_price": 86,
            "taker_side": "yes"
        },
        {
            "trade_id": "1736e544-ebae-4d3d-b619-a6783a1a9998",
            "ticker": "KXHIGHDEN-25APR21-B70.5",
            "count": 12,
            "created_time": "2025-04-21T19:31:29.033636Z",
            "yes_price": 13,
            "no_price": 87,
            "taker_side": "yes"
        },
        {
            "trade_id": "b1368155-1ec7-4373-ab6d-210e00e654ad",
            "ticker": "KXHIGHDEN-25APR21-B70.5",
            "count": 37,
            "created_time": "2025-04-21T19:29:32.332895Z",
            "yes_price": 6,
            "no_price": 94,
            "taker_side": "no"
        },
        {
            "trade_id": "cd497410-d2f0-4376-a382-0b7268ef3eb0",
            "ticker": "KXHIGHDEN-25APR21-B70.5",
            "count": 50,
            "created_time": "2025-04-21T19:20:42.577357Z",
            "yes_price": 14,
            "no_price": 86,
            "taker_side": "yes"
        },
        {
            "trade_id": "3017ab5f-bbf0-46f5-9737-e509f17e92cb",
            "ticker": "KXHIGHDEN-25APR21-B70.5",
            "count": 50,
            "created_time": "2025-04-21T19:20:42.577357Z",
            "yes_price": 13,
            "no_price": 87,
            "taker_side": "yes"
        },
        {
            "trade_id": "d29bce00-c153-42a5-b9f5-3eb98d9521c8",
            "ticker": "KXHIGHDEN-25APR21-B70.5",
            "count": 34,
            "created_time": "2025-04-21T19:16:44.152678Z",
            "yes_price": 10,
            "no_price": 90,
            "taker_side": "no"
        },
        {
            "trade_id": "c3f5eb85-d6f8-4809-829a-85944cfb306b",
            "ticker": "KXHIGHDEN-25APR21-B70.5",
            "count": 50,
            "created_time": "2025-04-21T19:16:07.673538Z",
            "yes_price": 11,
            "no_price": 89,
            "taker_side": "yes"
        },
        {
            "trade_id": "26369276-115b-4c01-af35-1aafea9aecd0",
            "ticker": "KXHIGHDEN-25APR21-B70.5",
            "count": 50,
            "created_time": "2025-04-21T19:16:07.673538Z",
            "yes_price": 10,
            "no_price": 90,
            "taker_side": "yes"
        },
        {
            "trade_id": "fe8b406c-168d-41d0-aa9c-e2954e2b98b1",
            "ticker": "KXHIGHDEN-25APR21-B70.5",
            "count": 50,
            "created_time": "2025-04-21T19:15:18.650783Z",
            "yes_price": 5,
            "no_price": 95,
            "taker_side": "no"
        },
        {
            "trade_id": "43be8a98-8f20-4460-924e-2c8249c20157",
            "ticker": "KXHIGHDEN-25APR21-B70.5",
            "count": 50,
            "created_time": "2025-04-21T19:15:18.650783Z",
            "yes_price": 6,
            "no_price": 94,
            "taker_side": "no"
        },
        {
            "trade_id": "f12df5a9-b607-487c-a1c0-015e69188278",
            "ticker": "KXHIGHDEN-25APR21-B70.5",
            "count": 200,
            "created_time": "2025-04-21T19:13:58.76638Z",
            "yes_price": 6,
            "no_price": 94,
            "taker_side": "no"
        },
        {
            "trade_id": "05e56c44-88fb-48aa-bd19-7cb0ca39ac17",
            "ticker": "KXHIGHDEN-25APR21-B70.5",
            "count": 50,
            "created_time": "2025-04-21T19:13:58.76638Z",
            "yes_price": 6,
            "no_price": 94,
            "taker_side": "no"
        },
        {
            "trade_id": "4f65261f-b73e-497f-80cf-2d4e54b52fa4",
            "ticker": "KXHIGHDEN-25APR21-B70.5",
            "count": 6,
            "created_time": "2025-04-21T19:11:26.895105Z",
            "yes_price": 15,
            "no_price": 85,
            "taker_side": "no"
        },
        {
            "trade_id": "e4cc64a5-600a-4115-a933-903850200004",
            "ticker": "KXHIGHDEN-25APR21-B70.5",
            "count": 100,
            "created_time": "2025-04-21T19:09:38.668856Z",
            "yes_price": 20,
            "no_price": 80,
            "taker_side": "yes"
        },
        {
            "trade_id": "0cfdb3f6-4c8b-48a0-b318-48a7f137730c",
            "ticker": "KXHIGHDEN-25APR21-B70.5",
            "count": 50,
            "created_time": "2025-04-21T19:09:38.668856Z",
            "yes_price": 19,
            "no_price": 81,
            "taker_side": "yes"
        },
        {
            "trade_id": "daaa8b60-01c2-4664-a81e-c15d002ecd92",
            "ticker": "KXHIGHDEN-25APR21-B70.5",
            "count": 50,
            "created_time": "2025-04-21T19:08:32.770417Z",
            "yes_price": 19,
            "no_price": 81,
            "taker_side": "yes"
        },
        {
            "trade_id": "dd4f6ce4-35d8-422f-8f03-be0095c8c909",
            "ticker": "KXHIGHDEN-25APR21-B70.5",
            "count": 2,
            "created_time": "2025-04-21T19:08:09.090834Z",
            "yes_price": 9,
            "no_price": 91,
            "taker_side": "no"
        },
        {
            "trade_id": "b94f30e8-0b35-4e80-8d77-c87d7db7447e",
            "ticker": "KXHIGHDEN-25APR21-B70.5",
            "count": 100,
            "created_time": "2025-04-21T19:06:40.876626Z",
            "yes_price": 15,
            "no_price": 85,
            "taker_side": "yes"
        },
        {
            "trade_id": "7ca11a13-a635-4e40-9100-895bc5807bf4",
            "ticker": "KXHIGHDEN-25APR21-B70.5",
            "count": 200,
            "created_time": "2025-04-21T19:06:40.876626Z",
            "yes_price": 14,
            "no_price": 86,
            "taker_side": "yes"
        },
        {
            "trade_id": "74195932-c56b-4009-99ab-b4b7ee3fb78a",
            "ticker": "KXHIGHDEN-25APR21-B70.5",
            "count": 50,
            "created_time": "2025-04-21T19:06:40.876626Z",
            "yes_price": 14,
            "no_price": 86,
            "taker_side": "yes"
        },
        {
            "trade_id": "fb077721-b7a7-4f38-a870-6df3fdefafa9",
            "ticker": "KXHIGHDEN-25APR21-B70.5",
            "count": 1,
            "created_time": "2025-04-21T19:06:34.993376Z",
            "yes_price": 7,
            "no_price": 93,
            "taker_side": "no"
        },
        {
            "trade_id": "865677b3-f789-4873-bfe6-b03d5f0479f2",
            "ticker": "KXHIGHDEN-25APR21-B70.5",
            "count": 2,
            "created_time": "2025-04-21T19:06:34.993376Z",
            "yes_price": 9,
            "no_price": 91,
            "taker_side": "no"
        },
        {
            "trade_id": "b34f8637-dae5-4e78-8027-cfbb6f7dec74",
            "ticker": "KXHIGHDEN-25APR21-B70.5",
            "count": 1,
            "created_time": "2025-04-21T19:06:34.978293Z",
            "yes_price": 9,
            "no_price": 91,
            "taker_side": "no"
        },
        {
            "trade_id": "167c4666-b809-49f7-8c91-1716a14faac9",
            "ticker": "KXHIGHDEN-25APR21-B70.5",
            "count": 50,
            "created_time": "2025-04-21T18:56:36.935641Z",
            "yes_price": 6,
            "no_price": 94,
            "taker_side": "no"
        },
        {
            "trade_id": "7b6d7f00-bca4-467e-8869-5b79f7561b9c",
            "ticker": "KXHIGHDEN-25APR21-B70.5",
            "count": 20,
            "created_time": "2025-04-21T18:54:33.601477Z",
            "yes_price": 5,
            "no_price": 95,
            "taker_side": "no"
        },
        {
            "trade_id": "ac27c679-15d6-40ff-aa00-157931b81c91",
            "ticker": "KXHIGHDEN-25APR21-B70.5",
            "count": 200,
            "created_time": "2025-04-21T18:49:51.331158Z",
            "yes_price": 6,
            "no_price": 94,
            "taker_side": "no"
        },
        {
            "trade_id": "2cc5bd43-8b03-4d5a-8f2f-0a46354d8817",
            "ticker": "KXHIGHDEN-25APR21-B70.5",
            "count": 50,
            "created_time": "2025-04-21T18:49:51.331158Z",
            "yes_price": 6,
            "no_price": 94,
            "taker_side": "no"
        },
        {
            "trade_id": "72e35690-e5e0-4a03-a550-ca9a19aa357f",
            "ticker": "KXHIGHDEN-25APR21-B70.5",
            "count": 1,
            "created_time": "2025-04-21T18:36:32.408294Z",
            "yes_price": 6,
            "no_price": 94,
            "taker_side": "no"
        },
        {
            "trade_id": "71b8e46b-f513-4e3f-89fa-3cb1fee40443",
            "ticker": "KXHIGHDEN-25APR21-B70.5",
            "count": 12,
            "created_time": "2025-04-21T18:24:36.459957Z",
            "yes_price": 15,
            "no_price": 85,
            "taker_side": "no"
        },
        {
            "trade_id": "104372af-73b3-4a37-86e8-5edb4475dc75",
            "ticker": "KXHIGHDEN-25APR21-B70.5",
            "count": 11,
            "created_time": "2025-04-21T18:22:59.328547Z",
            "yes_price": 15,
            "no_price": 85,
            "taker_side": "no"
        },
        {
            "trade_id": "532c6caa-7d1c-402e-99c0-d2f28e9bcc7b",
            "ticker": "KXHIGHDEN-25APR21-B70.5",
            "count": 11,
            "created_time": "2025-04-21T18:21:27.914845Z",
            "yes_price": 32,
            "no_price": 68,
            "taker_side": "yes"
        },
        {
            "trade_id": "12d082d7-e84d-48ef-a0cd-baa5ba38ba19",
            "ticker": "KXHIGHDEN-25APR21-B70.5",
            "count": 50,
            "created_time": "2025-04-21T18:21:27.914845Z",
            "yes_price": 31,
            "no_price": 69,
            "taker_side": "yes"
        },
        {
            "trade_id": "f2c51065-5e32-4ff3-9e55-2700542320cf",
            "ticker": "KXHIGHDEN-25APR21-B70.5",
            "count": 19,
            "created_time": "2025-04-21T18:21:09.709882Z",
            "yes_price": 13,
            "no_price": 87,
            "taker_side": "no"
        },
        {
            "trade_id": "f4bc24b9-56b4-434c-8cdf-0b64ebf4295a",
            "ticker": "KXHIGHDEN-25APR21-B70.5",
            "count": 200,
            "created_time": "2025-04-21T18:18:02.674458Z",
            "yes_price": 13,
            "no_price": 87,
            "taker_side": "yes"
        },
        {
            "trade_id": "e48b9bef-822e-4c65-99c4-23a02a4b933d",
            "ticker": "KXHIGHDEN-25APR21-B70.5",
            "count": 28,
            "created_time": "2025-04-21T18:18:02.674458Z",
            "yes_price": 16,
            "no_price": 84,
            "taker_side": "yes"
        },
        {
            "trade_id": "475c9a1c-2018-4088-b28f-7c570a0551d5",
            "ticker": "KXHIGHDEN-25APR21-B70.5",
            "count": 10,
            "created_time": "2025-04-21T18:18:02.674458Z",
            "yes_price": 10,
            "no_price": 90,
            "taker_side": "yes"
        },
        {
            "trade_id": "42defcfa-4319-46cd-9ec5-2f4aa358cbec",
            "ticker": "KXHIGHDEN-25APR21-B70.5",
            "count": 12,
            "created_time": "2025-04-21T18:18:02.674458Z",
            "yes_price": 16,
            "no_price": 84,
            "taker_side": "yes"
        },
        {
            "trade_id": "29fb58b8-b2ab-419d-8ce2-91f33342beaa",
            "ticker": "KXHIGHDEN-25APR21-B70.5",
            "count": 50,
            "created_time": "2025-04-21T18:18:02.674458Z",
            "yes_price": 12,
            "no_price": 88,
            "taker_side": "yes"
        },
        {
            "trade_id": "4da3dee8-64dc-4e86-8cd8-d40ebdb39d09",
            "ticker": "KXHIGHDEN-25APR21-B70.5",
            "count": 3,
            "created_time": "2025-04-21T18:10:47.909197Z",
            "yes_price": 5,
            "no_price": 95,
            "taker_side": "no"
        },
        {
            "trade_id": "858aa9af-fe78-4831-aebe-e773de511e16",
            "ticker": "KXHIGHDEN-25APR21-B70.5",
            "count": 2,
            "created_time": "2025-04-21T18:10:47.298385Z",
            "yes_price": 5,
            "no_price": 95,
            "taker_side": "no"
        },
        {
            "trade_id": "8ba16184-07c5-4d1e-a2ba-0621efbc8890",
            "ticker": "KXHIGHDEN-25APR21-B70.5",
            "count": 4,
            "created_time": "2025-04-21T18:10:47.069931Z",
            "yes_price": 5,
            "no_price": 95,
            "taker_side": "no"
        },
        {
            "trade_id": "dabfe2e4-e63d-481e-b27e-0f429650a263",
            "ticker": "KXHIGHDEN-25APR21-B70.5",
            "count": 3,
            "created_time": "2025-04-21T18:10:44.469651Z",
            "yes_price": 5,
            "no_price": 95,
            "taker_side": "no"
        },
        {
            "trade_id": "728350a7-7d60-43b1-bb71-85b988c6aa5c",
            "ticker": "KXHIGHDEN-25APR21-B70.5",
            "count": 3,
            "created_time": "2025-04-21T18:10:43.633674Z",
            "yes_price": 5,
            "no_price": 95,
            "taker_side": "no"
        },
        {
            "trade_id": "5595c896-3ee0-4ec9-8ac2-02455fa94039",
            "ticker": "KXHIGHDEN-25APR21-B70.5",
            "count": 40,
            "created_time": "2025-04-21T18:10:04.894866Z",
            "yes_price": 6,
            "no_price": 94,
            "taker_side": "no"
        },
        {
            "trade_id": "e9a20a51-0a20-41b7-a3f5-a4bd72a258a5",
            "ticker": "KXHIGHDEN-25APR21-B70.5",
            "count": 40,
            "created_time": "2025-04-21T18:01:04.958577Z",
            "yes_price": 9,
            "no_price": 91,
            "taker_side": "yes"
        },
        {
            "trade_id": "77050fa5-ca81-44cd-83e8-1c0bade7f1c7",
            "ticker": "KXHIGHDEN-25APR21-B70.5",
            "count": 174,
            "created_time": "2025-04-21T18:01:04.958577Z",
            "yes_price": 12,
            "no_price": 88,
            "taker_side": "yes"
        },
        {
            "trade_id": "2286f1bc-8e58-4a75-b3b8-89e29f635ec4",
            "ticker": "KXHIGHDEN-25APR21-B70.5",
            "count": 50,
            "created_time": "2025-04-21T18:01:04.958577Z",
            "yes_price": 10,
            "no_price": 90,
            "taker_side": "yes"
        },
        {
            "trade_id": "d76a748f-068e-43a0-87e1-e33d6f971358",
            "ticker": "KXHIGHDEN-25APR21-B70.5",
            "count": 23,
            "created_time": "2025-04-21T17:56:07.658546Z",
            "yes_price": 6,
            "no_price": 94,
            "taker_side": "yes"
        },
        {
            "trade_id": "37852f37-ab64-48ab-8832-d520305f88a0",
            "ticker": "KXHIGHDEN-25APR21-B70.5",
            "count": 36,
            "created_time": "2025-04-21T17:56:07.658546Z",
            "yes_price": 9,
            "no_price": 91,
            "taker_side": "yes"
        },
        {
            "trade_id": "0e6387d7-655a-40f6-b5aa-7e07d660942c",
            "ticker": "KXHIGHDEN-25APR21-B70.5",
            "count": 5,
            "created_time": "2025-04-21T17:52:26.238129Z",
            "yes_price": 6,
            "no_price": 94,
            "taker_side": "no"
        },
        {
            "trade_id": "36979c63-24b4-4df9-8e48-3a8953c9092b",
            "ticker": "KXHIGHDEN-25APR21-B70.5",
            "count": 20,
            "created_time": "2025-04-21T17:51:02.331441Z",
            "yes_price": 6,
            "no_price": 94,
            "taker_side": "no"
        },
        {
            "trade_id": "82460e54-5bad-445f-bdbe-a11a3ed610cf",
            "ticker": "KXHIGHDEN-25APR21-B70.5",
            "count": 5,
            "created_time": "2025-04-21T17:48:26.261905Z",
            "yes_price": 5,
            "no_price": 95,
            "taker_side": "no"
        },
        {
            "trade_id": "d4d008f6-008a-4338-b22d-5de8a6ef9550",
            "ticker": "KXHIGHDEN-25APR21-B70.5",
            "count": 10,
            "created_time": "2025-04-21T17:47:29.524691Z",
            "yes_price": 6,
            "no_price": 94,
            "taker_side": "no"
        },
        {
            "trade_id": "3985492e-41dd-41eb-adc3-2ee0b729ef08",
            "ticker": "KXHIGHDEN-25APR21-B70.5",
            "count": 30,
            "created_time": "2025-04-21T17:47:29.524691Z",
            "yes_price": 5,
            "no_price": 95,
            "taker_side": "no"
        },
        {
            "trade_id": "2fd9c690-7fad-40e4-93e1-08f473fc37f1",
            "ticker": "KXHIGHDEN-25APR21-B70.5",
            "count": 40,
            "created_time": "2025-04-21T17:47:29.52195Z",
            "yes_price": 6,
            "no_price": 94,
            "taker_side": "no"
        },
        {
            "trade_id": "f30cc243-2453-4d5d-9b16-cd32a57f3ed7",
            "ticker": "KXHIGHDEN-25APR21-B70.5",
            "count": 34,
            "created_time": "2025-04-21T16:06:26.947818Z",
            "yes_price": 15,
            "no_price": 85,
            "taker_side": "no"
        },
        {
            "trade_id": "684f48cd-ec08-456c-94b0-378cf084f29e",
            "ticker": "KXHIGHDEN-25APR21-B70.5",
            "count": 111,
            "created_time": "2025-04-21T16:00:53.696859Z",
            "yes_price": 20,
            "no_price": 80,
            "taker_side": "no"
        },
        {
            "trade_id": "9e376184-a244-4b7b-a0f6-4094273fbced",
            "ticker": "KXHIGHDEN-25APR21-B70.5",
            "count": 65,
            "created_time": "2025-04-21T16:00:53.633083Z",
            "yes_price": 20,
            "no_price": 80,
            "taker_side": "no"
        },
        {
            "trade_id": "a13b593a-6b10-480c-8104-c82e04b440ff",
            "ticker": "KXHIGHDEN-25APR21-B70.5",
            "count": 240,
            "created_time": "2025-04-21T16:00:49.065081Z",
            "yes_price": 20,
            "no_price": 80,
            "taker_side": "yes"
        },
        {
            "trade_id": "9d7ac267-2df0-4c2e-963f-35a1767e6331",
            "ticker": "KXHIGHDEN-25APR21-B70.5",
            "count": 84,
            "created_time": "2025-04-21T16:00:49.065081Z",
            "yes_price": 18,
            "no_price": 82,
            "taker_side": "yes"
        },
        {
            "trade_id": "df955028-3946-4def-9d96-ec1971d0ab6f",
            "ticker": "KXHIGHDEN-25APR21-B70.5",
            "count": 50,
            "created_time": "2025-04-21T16:00:24.040001Z",
            "yes_price": 16,
            "no_price": 84,
            "taker_side": "yes"
        },
        {
            "trade_id": "1b23c645-6dea-49ca-85aa-f0f72eb93403",
            "ticker": "KXHIGHDEN-25APR21-B70.5",
            "count": 50,
            "created_time": "2025-04-21T16:00:24.040001Z",
            "yes_price": 17,
            "no_price": 83,
            "taker_side": "yes"
        },
        {
            "trade_id": "d3b77a0f-6779-4ac4-af41-11e7b2c3b927",
            "ticker": "KXHIGHDEN-25APR21-B70.5",
            "count": 2,
            "created_time": "2025-04-21T15:49:31.616681Z",
            "yes_price": 15,
            "no_price": 85,
            "taker_side": "yes"
        },
        {
            "trade_id": "77411559-1456-4a48-90fe-b070e1d6365a",
            "ticker": "KXHIGHDEN-25APR21-B70.5",
            "count": 3,
            "created_time": "2025-04-21T15:49:01.89191Z",
            "yes_price": 12,
            "no_price": 88,
            "taker_side": "no"
        },
        {
            "trade_id": "0d46f90c-7998-4960-9d01-3cfaac64e83b",
            "ticker": "KXHIGHDEN-25APR21-B70.5",
            "count": 19,
            "created_time": "2025-04-21T15:49:01.89191Z",
            "yes_price": 12,
            "no_price": 88,
            "taker_side": "no"
        },
        {
            "trade_id": "652cb4be-2123-4109-8d74-5fab854fdf0a",
            "ticker": "KXHIGHDEN-25APR21-B70.5",
            "count": 2,
            "created_time": "2025-04-21T15:35:47.507175Z",
            "yes_price": 13,
            "no_price": 87,
            "taker_side": "no"
        },
        {
            "trade_id": "3657e8d9-1f96-4d37-87b5-f49c38e6b7ef",
            "ticker": "KXHIGHDEN-25APR21-B70.5",
            "count": 65,
            "created_time": "2025-04-21T15:35:47.507175Z",
            "yes_price": 12,
            "no_price": 88,
            "taker_side": "no"
        },
        {
            "trade_id": "be17e909-0062-4743-852f-b46ad9608a6b",
            "ticker": "KXHIGHDEN-25APR21-B70.5",
            "count": 5,
            "created_time": "2025-04-21T15:04:33.093645Z",
            "yes_price": 18,
            "no_price": 82,
            "taker_side": "yes"
        },
        {
            "trade_id": "413089b4-5a56-4968-985b-37398add0e74",
            "ticker": "KXHIGHDEN-25APR21-B70.5",
            "count": 26,
            "created_time": "2025-04-21T15:03:39.988757Z",
            "yes_price": 18,
            "no_price": 82,
            "taker_side": "yes"
        },
        {
            "trade_id": "b488a5d7-3e06-4d92-8cb2-d0dcaa544670",
            "ticker": "KXHIGHDEN-25APR21-B70.5",
            "count": 19,
            "created_time": "2025-04-21T14:33:29.409579Z",
            "yes_price": 13,
            "no_price": 87,
            "taker_side": "no"
        },
        {
            "trade_id": "46d25349-6677-4983-8dd0-dc9d4e852961",
            "ticker": "KXHIGHDEN-25APR21-B70.5",
            "count": 98,
            "created_time": "2025-04-21T14:33:29.409579Z",
            "yes_price": 16,
            "no_price": 84,
            "taker_side": "no"
        },
        {
            "trade_id": "f45ecefa-3f3e-4800-bc2b-53542c8190da",
            "ticker": "KXHIGHDEN-25APR21-B70.5",
            "count": 2,
            "created_time": "2025-04-21T14:27:36.493116Z",
            "yes_price": 14,
            "no_price": 86,
            "taker_side": "yes"
        },
        {
            "trade_id": "d6df1c42-6d6d-4702-9300-63517cb774c2",
            "ticker": "KXHIGHDEN-25APR21-B70.5",
            "count": 100,
            "created_time": "2025-04-21T14:27:36.493116Z",
            "yes_price": 15,
            "no_price": 85,
            "taker_side": "yes"
        },
        {
            "trade_id": "e1621722-c611-4be2-9259-410615d28a79",
            "ticker": "KXHIGHDEN-25APR21-B70.5",
            "count": 48,
            "created_time": "2025-04-21T14:24:00.344518Z",
            "yes_price": 14,
            "no_price": 86,
            "taker_side": "no"
        },
        {
            "trade_id": "30459974-d056-4fbb-951b-7478a5f2084a",
            "ticker": "KXHIGHDEN-25APR21-B70.5",
            "count": 2,
            "created_time": "2025-04-21T14:24:00.344518Z",
            "yes_price": 15,
            "no_price": 85,
            "taker_side": "no"
        },
        {
            "trade_id": "aa88c291-43cf-42e7-a7cf-99ec51179d5b",
            "ticker": "KXHIGHDEN-25APR21-B70.5",
            "count": 117,
            "created_time": "2025-04-21T14:08:58.832279Z",
            "yes_price": 18,
            "no_price": 82,
            "taker_side": "no"
        },
        {
            "trade_id": "892cfbf7-0cd3-4cf1-ab87-57b7d18271d3",
            "ticker": "KXHIGHDEN-25APR21-B70.5",
            "count": 67,
            "created_time": "2025-04-21T14:08:53.879741Z",
            "yes_price": 17,
            "no_price": 83,
            "taker_side": "yes"
        },
        {
            "trade_id": "64304085-43c0-414c-aa61-695f7f83ae7b",
            "ticker": "KXHIGHDEN-25APR21-B70.5",
            "count": 50,
            "created_time": "2025-04-21T14:08:53.879741Z",
            "yes_price": 16,
            "no_price": 84,
            "taker_side": "yes"
        },
        {
            "trade_id": "6303a602-cc11-4fb0-a6f1-7fff6b5dac0e",
            "ticker": "KXHIGHDEN-25APR21-B70.5",
            "count": 200,
            "created_time": "2025-04-21T14:08:53.879741Z",
            "yes_price": 18,
            "no_price": 82,
            "taker_side": "yes"
        },
        {
            "trade_id": "55579822-6232-4833-bbe1-6b59566e5d00",
            "ticker": "KXHIGHDEN-25APR21-B70.5",
            "count": 2,
            "created_time": "2025-04-21T14:08:53.879741Z",
            "yes_price": 17,
            "no_price": 83,
            "taker_side": "yes"
        },
        {
            "trade_id": "c1b8f3de-746e-4e0f-8f3f-1370a71032ad",
            "ticker": "KXHIGHDEN-25APR21-B70.5",
            "count": 20,
            "created_time": "2025-04-21T13:45:44.893927Z",
            "yes_price": 15,
            "no_price": 85,
            "taker_side": "no"
        },
        {
            "trade_id": "bb3cbd51-7608-46c3-84e3-758fc48026cb",
            "ticker": "KXHIGHDEN-25APR21-B70.5",
            "count": 20,
            "created_time": "2025-04-21T13:15:49.666932Z",
            "yes_price": 14,
            "no_price": 86,
            "taker_side": "no"
        },
        {
            "trade_id": "076943ec-7d3e-4831-8aec-0c19cb83989e",
            "ticker": "KXHIGHDEN-25APR21-B70.5",
            "count": 8,
            "created_time": "2025-04-21T13:15:49.615328Z",
            "yes_price": 14,
            "no_price": 86,
            "taker_side": "no"
        },
        {
            "trade_id": "15515d48-d2fe-4ccb-b643-4a7114218e60",
            "ticker": "KXHIGHDEN-25APR21-B70.5",
            "count": 42,
            "created_time": "2025-04-21T13:12:43.624293Z",
            "yes_price": 14,
            "no_price": 86,
            "taker_side": "no"
        },
        {
            "trade_id": "f9b92a5a-f52c-4439-99fa-3e472e1920ef",
            "ticker": "KXHIGHDEN-25APR21-B70.5",
            "count": 30,
            "created_time": "2025-04-21T13:12:41.327061Z",
            "yes_price": 14,
            "no_price": 86,
            "taker_side": "no"
        },
        {
            "trade_id": "cf03d844-1fd1-4a62-839d-61e0afa72c8e",
            "ticker": "KXHIGHDEN-25APR21-B70.5",
            "count": 40,
            "created_time": "2025-04-21T13:12:41.276071Z",
            "yes_price": 15,
            "no_price": 85,
            "taker_side": "no"
        },
        {
            "trade_id": "a3e4714b-d8a7-4bfe-b764-c09c5f4eed1f",
            "ticker": "KXHIGHDEN-25APR21-B70.5",
            "count": 36,
            "created_time": "2025-04-21T13:12:41.276071Z",
            "yes_price": 16,
            "no_price": 84,
            "taker_side": "no"
        },
        {
            "trade_id": "c38ccea7-274f-41b8-8902-16db0b02a2f8",
            "ticker": "KXHIGHDEN-25APR21-B70.5",
            "count": 6,
            "created_time": "2025-04-21T13:09:43.736752Z",
            "yes_price": 16,
            "no_price": 84,
            "taker_side": "no"
        },
        {
            "trade_id": "c653d9ec-4a56-416c-a805-3b0aedb5876c",
            "ticker": "KXHIGHDEN-25APR21-B70.5",
            "count": 9,
            "created_time": "2025-04-21T13:06:46.346871Z",
            "yes_price": 16,
            "no_price": 84,
            "taker_side": "no"
        },
        {
            "trade_id": "b277ef40-f7d2-4d7a-9409-dcff6ec8c2fd",
            "ticker": "KXHIGHDEN-25APR21-B70.5",
            "count": 2,
            "created_time": "2025-04-21T12:54:41.915408Z",
            "yes_price": 16,
            "no_price": 84,
            "taker_side": "no"
        },
        {
            "trade_id": "d2a320f1-c6a9-4b43-8412-d1f19a06e4ac",
            "ticker": "KXHIGHDEN-25APR21-B70.5",
            "count": 3,
            "created_time": "2025-04-21T12:42:36.586107Z",
            "yes_price": 16,
            "no_price": 84,
            "taker_side": "no"
        },
        {
            "trade_id": "4b580342-8ed3-42bf-a61f-0029d9093277",
            "ticker": "KXHIGHDEN-25APR21-B70.5",
            "count": 6,
            "created_time": "2025-04-21T12:40:21.02367Z",
            "yes_price": 16,
            "no_price": 84,
            "taker_side": "yes"
        },
        {
            "trade_id": "41f1412b-1804-45e6-9a9a-c0d84857caf9",
            "ticker": "KXHIGHDEN-25APR21-B70.5",
            "count": 13,
            "created_time": "2025-04-21T12:28:10.910522Z",
            "yes_price": 16,
            "no_price": 84,
            "taker_side": "yes"
        },
        {
            "trade_id": "f7df479c-e073-4de8-abca-32aaa92e8e99",
            "ticker": "KXHIGHDEN-25APR21-B70.5",
            "count": 62,
            "created_time": "2025-04-21T12:21:38.530005Z",
            "yes_price": 16,
            "no_price": 84,
            "taker_side": "yes"
        },
        {
            "trade_id": "40ef437c-a5f6-4c20-a2c3-d57474cd57c0",
            "ticker": "KXHIGHDEN-25APR21-B70.5",
            "count": 10,
            "created_time": "2025-04-21T12:21:38.530005Z",
            "yes_price": 16,
            "no_price": 84,
            "taker_side": "yes"
        },
        {
            "trade_id": "d4fa8f18-d0d4-48fa-90f5-eabc8b9db238",
            "ticker": "KXHIGHDEN-25APR21-B70.5",
            "count": 9,
            "created_time": "2025-04-21T06:07:59.124159Z",
            "yes_price": 19,
            "no_price": 81,
            "taker_side": "yes"
        },
        {
            "trade_id": "b072e052-e6a8-4f97-ac88-3e321f737b41",
            "ticker": "KXHIGHDEN-25APR21-B70.5",
            "count": 9,
            "created_time": "2025-04-21T06:07:39.442111Z",
            "yes_price": 19,
            "no_price": 81,
            "taker_side": "yes"
        },
        {
            "trade_id": "b55a0879-6d24-476b-9f4c-c5384d36e8cb",
            "ticker": "KXHIGHDEN-25APR21-B70.5",
            "count": 10,
            "created_time": "2025-04-21T04:16:35.319501Z",
            "yes_price": 22,
            "no_price": 78,
            "taker_side": "yes"
        },
        {
            "trade_id": "9d3fbf8c-19ac-4de5-b2c9-945495e8153f",
            "ticker": "KXHIGHDEN-25APR21-B70.5",
            "count": 10,
            "created_time": "2025-04-21T04:16:35.319501Z",
            "yes_price": 21,
            "no_price": 79,
            "taker_side": "yes"
        },
        {
            "trade_id": "2b34d0f3-2427-47b7-898f-6026f1b96933",
            "ticker": "KXHIGHDEN-25APR21-B70.5",
            "count": 25,
            "created_time": "2025-04-21T04:16:35.319501Z",
            "yes_price": 20,
            "no_price": 80,
            "taker_side": "yes"
        },
        {
            "trade_id": "99e0c050-ffed-48d4-b1eb-2bfa851a812c",
            "ticker": "KXHIGHDEN-25APR21-B70.5",
            "count": 7,
            "created_time": "2025-04-21T03:00:01.587129Z",
            "yes_price": 20,
            "no_price": 80,
            "taker_side": "yes"
        },
        {
            "trade_id": "78a40939-2ace-4308-9e81-5d5979aa4fe6",
            "ticker": "KXHIGHDEN-25APR21-B70.5",
            "count": 15,
            "created_time": "2025-04-21T03:00:01.587129Z",
            "yes_price": 21,
            "no_price": 79,
            "taker_side": "yes"
        },
        {
            "trade_id": "e481c26f-2903-4b4c-a27d-69e2a23cee40",
            "ticker": "KXHIGHDEN-25APR21-B70.5",
            "count": 55,
            "created_time": "2025-04-21T02:58:30.70558Z",
            "yes_price": 17,
            "no_price": 83,
            "taker_side": "no"
        },
        {
            "trade_id": "c8ddf4c2-0793-4b79-a786-6e8808c69021",
            "ticker": "KXHIGHDEN-25APR21-B70.5",
            "count": 12,
            "created_time": "2025-04-21T02:58:30.70558Z",
            "yes_price": 16,
            "no_price": 84,
            "taker_side": "no"
        },
        {
            "trade_id": "95736682-6b69-49d7-a183-63708ae6485e",
            "ticker": "KXHIGHDEN-25APR21-B70.5",
            "count": 104,
            "created_time": "2025-04-21T02:58:30.70558Z",
            "yes_price": 16,
            "no_price": 84,
            "taker_side": "no"
        },
        {
            "trade_id": "6f8f3561-e4b8-4965-ac8b-ad398e5719d9",
            "ticker": "KXHIGHDEN-25APR21-B70.5",
            "count": 7,
            "created_time": "2025-04-21T02:58:30.70558Z",
            "yes_price": 18,
            "no_price": 82,
            "taker_side": "no"
        },
        {
            "trade_id": "69bdbd5d-c77c-4f43-8f34-dc80db0c430f",
            "ticker": "KXHIGHDEN-25APR21-B70.5",
            "count": 9,
            "created_time": "2025-04-21T02:58:30.70558Z",
            "yes_price": 14,
            "no_price": 86,
            "taker_side": "no"
        },
        {
            "trade_id": "31bd309c-5b87-4c84-a9e5-d0090a956028",
            "ticker": "KXHIGHDEN-25APR21-B70.5",
            "count": 20,
            "created_time": "2025-04-21T02:58:30.70558Z",
            "yes_price": 17,
            "no_price": 83,
            "taker_side": "no"
        },
        {
            "trade_id": "fd6828d8-4ce7-4ae9-9c20-0ee4f4733f4d",
            "ticker": "KXHIGHDEN-25APR21-B70.5",
            "count": 4,
            "created_time": "2025-04-21T02:46:11.396264Z",
            "yes_price": 20,
            "no_price": 80,
            "taker_side": "yes"
        },
        {
            "trade_id": "621d10c4-0f86-436e-ad71-e70a1234cd18",
            "ticker": "KXHIGHDEN-25APR21-B70.5",
            "count": 15,
            "created_time": "2025-04-21T02:46:11.396264Z",
            "yes_price": 22,
            "no_price": 78,
            "taker_side": "yes"
        },
        {
            "trade_id": "5d221d9e-49e8-4fa9-bf12-3b485c641b31",
            "ticker": "KXHIGHDEN-25APR21-B70.5",
            "count": 25,
            "created_time": "2025-04-21T02:46:11.396264Z",
            "yes_price": 21,
            "no_price": 79,
            "taker_side": "yes"
        },
        {
            "trade_id": "cf7e6f3a-8d7f-447c-a935-d9939528b50b",
            "ticker": "KXHIGHDEN-25APR21-B70.5",
            "count": 60,
            "created_time": "2025-04-21T02:10:31.588308Z",
            "yes_price": 18,
            "no_price": 82,
            "taker_side": "no"
        },
        {
            "trade_id": "519315c0-e88e-4572-8c67-21ad6a33456c",
            "ticker": "KXHIGHDEN-25APR21-B70.5",
            "count": 23,
            "created_time": "2025-04-21T01:53:11.816531Z",
            "yes_price": 20,
            "no_price": 80,
            "taker_side": "yes"
        },
        {
            "trade_id": "aab5f292-b9c1-4cdd-9a03-f3d05f803925",
            "ticker": "KXHIGHDEN-25APR21-B70.5",
            "count": 23,
            "created_time": "2025-04-21T01:29:31.374735Z",
            "yes_price": 20,
            "no_price": 80,
            "taker_side": "yes"
        },
        {
            "trade_id": "87b5b9a2-cbec-4f1d-96b3-1bd34f1156c3",
            "ticker": "KXHIGHDEN-25APR21-B70.5",
            "count": 21,
            "created_time": "2025-04-21T00:38:19.372073Z",
            "yes_price": 18,
            "no_price": 82,
            "taker_side": "no"
        },
        {
            "trade_id": "a7329a4b-9c2d-4204-b234-141454abafbf",
            "ticker": "KXHIGHDEN-25APR21-B70.5",
            "count": 18,
            "created_time": "2025-04-21T00:32:16.655745Z",
            "yes_price": 23,
            "no_price": 77,
            "taker_side": "yes"
        },
        {
            "trade_id": "5f488646-6d04-4c91-a246-2398510544e7",
            "ticker": "KXHIGHDEN-25APR21-B70.5",
            "count": 179,
            "created_time": "2025-04-21T00:32:16.655745Z",
            "yes_price": 24,
            "no_price": 76,
            "taker_side": "yes"
        },
        {
            "trade_id": "01b5ff9d-0bee-4dce-a7af-3951227e241c",
            "ticker": "KXHIGHDEN-25APR21-B70.5",
            "count": 1,
            "created_time": "2025-04-21T00:32:16.655745Z",
            "yes_price": 23,
            "no_price": 77,
            "taker_side": "yes"
        },
        {
            "trade_id": "a37a208c-38c4-4953-b3e0-c3d6b0c7b06d",
            "ticker": "KXHIGHDEN-25APR21-B70.5",
            "count": 46,
            "created_time": "2025-04-21T00:11:35.356862Z",
            "yes_price": 17,
            "no_price": 83,
            "taker_side": "no"
        },
        {
            "trade_id": "09200b07-a16c-4b2a-b444-957e319c3fce",
            "ticker": "KXHIGHDEN-25APR21-B70.5",
            "count": 4,
            "created_time": "2025-04-21T00:11:35.356862Z",
            "yes_price": 19,
            "no_price": 81,
            "taker_side": "no"
        },
        {
            "trade_id": "d794ed74-e5b7-4f12-90ab-7e8b55e0ef31",
            "ticker": "KXHIGHDEN-25APR21-B70.5",
            "count": 26,
            "created_time": "2025-04-20T23:59:18.200186Z",
            "yes_price": 19,
            "no_price": 81,
            "taker_side": "no"
        },
        {
            "trade_id": "9e107d29-5c9b-4988-9536-df2d613af582",
            "ticker": "KXHIGHDEN-25APR21-B70.5",
            "count": 12,
            "created_time": "2025-04-20T23:42:53.553851Z",
            "yes_price": 20,
            "no_price": 80,
            "taker_side": "no"
        },
        {
            "trade_id": "7e3153ef-1c50-4c15-b3ae-306cbacca68e",
            "ticker": "KXHIGHDEN-25APR21-B70.5",
            "count": 37,
            "created_time": "2025-04-20T23:42:53.553851Z",
            "yes_price": 20,
            "no_price": 80,
            "taker_side": "no"
        },
        {
            "trade_id": "7c387e60-28d5-482d-9905-cf24d9bf5415",
            "ticker": "KXHIGHDEN-25APR21-B70.5",
            "count": 1,
            "created_time": "2025-04-20T23:42:53.553851Z",
            "yes_price": 19,
            "no_price": 81,
            "taker_side": "no"
        },
        {
            "trade_id": "ab1df253-73c9-48a6-a488-972087b5eb6e",
            "ticker": "KXHIGHDEN-25APR21-B70.5",
            "count": 118,
            "created_time": "2025-04-20T20:35:16.745944Z",
            "yes_price": 20,
            "no_price": 80,
            "taker_side": "no"
        },
        {
            "trade_id": "7dc46706-ea01-43df-8d74-be13fa2e4d7d",
            "ticker": "KXHIGHDEN-25APR21-B70.5",
            "count": 119,
            "created_time": "2025-04-20T20:35:04.22769Z",
            "yes_price": 21,
            "no_price": 79,
            "taker_side": "no"
        },
        {
            "trade_id": "05f15a19-8603-4370-9ddf-27d602720464",
            "ticker": "KXHIGHDEN-25APR21-B70.5",
            "count": 31,
            "created_time": "2025-04-20T20:34:46.374891Z",
            "yes_price": 22,
            "no_price": 78,
            "taker_side": "no"
        },
        {
            "trade_id": "1691e2dd-9bec-4d06-be36-0079c762d3ef",
            "ticker": "KXHIGHDEN-25APR21-B70.5",
            "count": 3,
            "created_time": "2025-04-20T20:34:39.226392Z",
            "yes_price": 26,
            "no_price": 74,
            "taker_side": "no"
        }
    ],
    "KXHIGHDEN-25APR21-B72.5": [
        {
            "trade_id": "0e737a17-8ed2-453f-8c79-a5b9ae25db08",
            "ticker": "KXHIGHDEN-25APR21-B72.5",
            "count": 140,
            "created_time": "2025-04-22T05:58:23.388776Z",
            "yes_price": 1,
            "no_price": 99,
            "taker_side": "yes"
        },
        {
            "trade_id": "a5df8b28-9923-4caf-aef3-44712c6b13e7",
            "ticker": "KXHIGHDEN-25APR21-B72.5",
            "count": 60,
            "created_time": "2025-04-21T21:15:38.372956Z",
            "yes_price": 1,
            "no_price": 99,
            "taker_side": "yes"
        },
        {
            "trade_id": "ead203f3-db22-42c1-b8cb-4545b585a2b3",
            "ticker": "KXHIGHDEN-25APR21-B72.5",
            "count": 173,
            "created_time": "2025-04-21T20:55:24.82274Z",
            "yes_price": 1,
            "no_price": 99,
            "taker_side": "no"
        },
        {
            "trade_id": "24cc158b-2ac0-4cef-bb01-9961a3cae102",
            "ticker": "KXHIGHDEN-25APR21-B72.5",
            "count": 5,
            "created_time": "2025-04-21T20:50:23.291708Z",
            "yes_price": 13,
            "no_price": 87,
            "taker_side": "yes"
        },
        {
            "trade_id": "7371474f-dc52-4b0d-a3da-df947083e9e9",
            "ticker": "KXHIGHDEN-25APR21-B72.5",
            "count": 33,
            "created_time": "2025-04-21T20:47:27.514232Z",
            "yes_price": 14,
            "no_price": 86,
            "taker_side": "yes"
        },
        {
            "trade_id": "aba2f908-6006-44bb-97d3-cca7d9b77b84",
            "ticker": "KXHIGHDEN-25APR21-B72.5",
            "count": 50,
            "created_time": "2025-04-21T20:46:14.005865Z",
            "yes_price": 10,
            "no_price": 90,
            "taker_side": "yes"
        },
        {
            "trade_id": "57ae0a91-88a0-4cac-9d6f-b9e0f5132635",
            "ticker": "KXHIGHDEN-25APR21-B72.5",
            "count": 40,
            "created_time": "2025-04-21T20:46:14.005865Z",
            "yes_price": 10,
            "no_price": 90,
            "taker_side": "yes"
        },
        {
            "trade_id": "16b12271-281a-46d9-a4c1-3a02c3a6cfa5",
            "ticker": "KXHIGHDEN-25APR21-B72.5",
            "count": 10,
            "created_time": "2025-04-21T20:45:00.769588Z",
            "yes_price": 10,
            "no_price": 90,
            "taker_side": "yes"
        },
        {
            "trade_id": "0abc5ac7-0526-4869-940d-2caf78c1f6e8",
            "ticker": "KXHIGHDEN-25APR21-B72.5",
            "count": 10,
            "created_time": "2025-04-21T20:45:00.769588Z",
            "yes_price": 9,
            "no_price": 91,
            "taker_side": "yes"
        },
        {
            "trade_id": "263c11c2-c72e-4ab0-8a61-f0a0e8ce75b0",
            "ticker": "KXHIGHDEN-25APR21-B72.5",
            "count": 20,
            "created_time": "2025-04-21T20:38:03.356193Z",
            "yes_price": 3,
            "no_price": 97,
            "taker_side": "no"
        },
        {
            "trade_id": "e3eac098-7d00-46a0-affe-f318c33a9043",
            "ticker": "KXHIGHDEN-25APR21-B72.5",
            "count": 50,
            "created_time": "2025-04-21T20:37:43.797395Z",
            "yes_price": 8,
            "no_price": 92,
            "taker_side": "no"
        },
        {
            "trade_id": "b111a083-43a0-4f28-8271-4642df4c7ec2",
            "ticker": "KXHIGHDEN-25APR21-B72.5",
            "count": 10,
            "created_time": "2025-04-21T20:37:43.797395Z",
            "yes_price": 4,
            "no_price": 96,
            "taker_side": "no"
        },
        {
            "trade_id": "72eb3f55-0a16-471f-a65d-5506b90d2cbe",
            "ticker": "KXHIGHDEN-25APR21-B72.5",
            "count": 12,
            "created_time": "2025-04-21T20:37:43.797395Z",
            "yes_price": 9,
            "no_price": 91,
            "taker_side": "no"
        },
        {
            "trade_id": "e1fc600b-37ca-4545-a913-f6c7da053d18",
            "ticker": "KXHIGHDEN-25APR21-B72.5",
            "count": 50,
            "created_time": "2025-04-21T20:34:14.77924Z",
            "yes_price": 10,
            "no_price": 90,
            "taker_side": "yes"
        },
        {
            "trade_id": "bb37dd58-6ebf-4983-a474-3264212c655b",
            "ticker": "KXHIGHDEN-25APR21-B72.5",
            "count": 98,
            "created_time": "2025-04-21T20:34:14.77924Z",
            "yes_price": 10,
            "no_price": 90,
            "taker_side": "yes"
        },
        {
            "trade_id": "65424925-2125-4a58-a5b9-f21aebad06d6",
            "ticker": "KXHIGHDEN-25APR21-B72.5",
            "count": 518,
            "created_time": "2025-04-21T20:34:14.77924Z",
            "yes_price": 15,
            "no_price": 85,
            "taker_side": "yes"
        },
        {
            "trade_id": "4e517c03-82f7-49f4-b75e-dce3c31cd1bc",
            "ticker": "KXHIGHDEN-25APR21-B72.5",
            "count": 12,
            "created_time": "2025-04-21T20:34:14.77924Z",
            "yes_price": 14,
            "no_price": 86,
            "taker_side": "yes"
        },
        {
            "trade_id": "1fecd134-21c6-4bdf-80e7-d6638173db9a",
            "ticker": "KXHIGHDEN-25APR21-B72.5",
            "count": 6,
            "created_time": "2025-04-21T20:31:59.997762Z",
            "yes_price": 10,
            "no_price": 90,
            "taker_side": "yes"
        },
        {
            "trade_id": "ff95460f-6807-4b69-bec3-3e52e0061614",
            "ticker": "KXHIGHDEN-25APR21-B72.5",
            "count": 1,
            "created_time": "2025-04-21T20:31:06.252157Z",
            "yes_price": 10,
            "no_price": 90,
            "taker_side": "yes"
        },
        {
            "trade_id": "ca9555aa-4bff-4fa1-b891-5f4da8c9bc9d",
            "ticker": "KXHIGHDEN-25APR21-B72.5",
            "count": 50,
            "created_time": "2025-04-21T20:31:06.252157Z",
            "yes_price": 9,
            "no_price": 91,
            "taker_side": "yes"
        },
        {
            "trade_id": "7475cf56-1b7d-4920-9ecb-32139e2e4528",
            "ticker": "KXHIGHDEN-25APR21-B72.5",
            "count": 20,
            "created_time": "2025-04-21T20:30:05.391827Z",
            "yes_price": 10,
            "no_price": 90,
            "taker_side": "yes"
        },
        {
            "trade_id": "cca2e24a-1275-4306-b71b-a72f29ab5b1b",
            "ticker": "KXHIGHDEN-25APR21-B72.5",
            "count": 15,
            "created_time": "2025-04-21T20:29:46.214219Z",
            "yes_price": 10,
            "no_price": 90,
            "taker_side": "yes"
        },
        {
            "trade_id": "beb7a5f1-3ae8-4f4c-b85c-48a4c62122ae",
            "ticker": "KXHIGHDEN-25APR21-B72.5",
            "count": 77,
            "created_time": "2025-04-21T20:29:29.018788Z",
            "yes_price": 10,
            "no_price": 90,
            "taker_side": "yes"
        },
        {
            "trade_id": "b0ce37b1-4d6d-4546-b01b-0d8a9d24041d",
            "ticker": "KXHIGHDEN-25APR21-B72.5",
            "count": 10,
            "created_time": "2025-04-21T20:29:29.018788Z",
            "yes_price": 8,
            "no_price": 92,
            "taker_side": "yes"
        },
        {
            "trade_id": "956855bd-18e4-495d-a52f-0cbc219faf2e",
            "ticker": "KXHIGHDEN-25APR21-B72.5",
            "count": 5,
            "created_time": "2025-04-21T20:29:29.018788Z",
            "yes_price": 8,
            "no_price": 92,
            "taker_side": "yes"
        },
        {
            "trade_id": "95186730-becd-40dc-9eed-d1ebcb33a81b",
            "ticker": "KXHIGHDEN-25APR21-B72.5",
            "count": 50,
            "created_time": "2025-04-21T20:29:29.018788Z",
            "yes_price": 9,
            "no_price": 91,
            "taker_side": "yes"
        },
        {
            "trade_id": "693de31e-1a3a-44c4-b5e1-2c6a99396e74",
            "ticker": "KXHIGHDEN-25APR21-B72.5",
            "count": 100,
            "created_time": "2025-04-21T20:29:29.018788Z",
            "yes_price": 10,
            "no_price": 90,
            "taker_side": "yes"
        },
        {
            "trade_id": "8c0f10d5-4935-49ab-95ab-f23c16ba6111",
            "ticker": "KXHIGHDEN-25APR21-B72.5",
            "count": 600,
            "created_time": "2025-04-21T20:26:00.360277Z",
            "yes_price": 11,
            "no_price": 89,
            "taker_side": "no"
        },
        {
            "trade_id": "985be7b0-b3fa-441a-9c1a-3c74a7210065",
            "ticker": "KXHIGHDEN-25APR21-B72.5",
            "count": 5,
            "created_time": "2025-04-21T20:25:45.394977Z",
            "yes_price": 13,
            "no_price": 87,
            "taker_side": "no"
        },
        {
            "trade_id": "00d6bdfc-f94d-475e-b214-bce812412e51",
            "ticker": "KXHIGHDEN-25APR21-B72.5",
            "count": 50,
            "created_time": "2025-04-21T20:25:39.2247Z",
            "yes_price": 16,
            "no_price": 84,
            "taker_side": "no"
        },
        {
            "trade_id": "ac08a72b-7e53-462b-88bb-a6509b4b504b",
            "ticker": "KXHIGHDEN-25APR21-B72.5",
            "count": 15,
            "created_time": "2025-04-21T20:24:50.31374Z",
            "yes_price": 13,
            "no_price": 87,
            "taker_side": "no"
        },
        {
            "trade_id": "61ba71ab-084d-4b00-97a7-9a6bcc3a44d7",
            "ticker": "KXHIGHDEN-25APR21-B72.5",
            "count": 25,
            "created_time": "2025-04-21T20:23:48.367586Z",
            "yes_price": 17,
            "no_price": 83,
            "taker_side": "no"
        },
        {
            "trade_id": "cb54e296-1153-45cd-ba18-a8f5636b6772",
            "ticker": "KXHIGHDEN-25APR21-B72.5",
            "count": 50,
            "created_time": "2025-04-21T20:23:39.616647Z",
            "yes_price": 18,
            "no_price": 82,
            "taker_side": "no"
        },
        {
            "trade_id": "f960809e-dff6-4055-8a5e-f92992550a12",
            "ticker": "KXHIGHDEN-25APR21-B72.5",
            "count": 40,
            "created_time": "2025-04-21T20:23:17.800435Z",
            "yes_price": 21,
            "no_price": 79,
            "taker_side": "no"
        },
        {
            "trade_id": "1a9e6601-fae3-41e2-bc1a-0f135d4a9246",
            "ticker": "KXHIGHDEN-25APR21-B72.5",
            "count": 15,
            "created_time": "2025-04-21T20:23:06.054794Z",
            "yes_price": 30,
            "no_price": 70,
            "taker_side": "no"
        },
        {
            "trade_id": "4ccfd24c-af3e-487a-922e-cb9d681a65fd",
            "ticker": "KXHIGHDEN-25APR21-B72.5",
            "count": 40,
            "created_time": "2025-04-21T20:22:58.379062Z",
            "yes_price": 31,
            "no_price": 69,
            "taker_side": "no"
        },
        {
            "trade_id": "dac952d8-1eb3-4e98-a227-9bc7beddd722",
            "ticker": "KXHIGHDEN-25APR21-B72.5",
            "count": 15,
            "created_time": "2025-04-21T20:22:20.568939Z",
            "yes_price": 40,
            "no_price": 60,
            "taker_side": "no"
        },
        {
            "trade_id": "57478616-bac0-47c0-ab28-71a078cfd4b3",
            "ticker": "KXHIGHDEN-25APR21-B72.5",
            "count": 10,
            "created_time": "2025-04-21T20:17:36.256467Z",
            "yes_price": 41,
            "no_price": 59,
            "taker_side": "no"
        },
        {
            "trade_id": "3775721a-9e8c-4381-a215-9d9277151ca8",
            "ticker": "KXHIGHDEN-25APR21-B72.5",
            "count": 40,
            "created_time": "2025-04-21T20:17:35.10049Z",
            "yes_price": 40,
            "no_price": 60,
            "taker_side": "no"
        },
        {
            "trade_id": "6630a1ac-5ef2-4d36-a41b-b0e92e3c7737",
            "ticker": "KXHIGHDEN-25APR21-B72.5",
            "count": 5,
            "created_time": "2025-04-21T20:16:18.188828Z",
            "yes_price": 32,
            "no_price": 68,
            "taker_side": "yes"
        },
        {
            "trade_id": "06c5a596-21b6-42a4-8c40-6b1d82de1658",
            "ticker": "KXHIGHDEN-25APR21-B72.5",
            "count": 50,
            "created_time": "2025-04-21T20:16:18.188828Z",
            "yes_price": 33,
            "no_price": 67,
            "taker_side": "yes"
        },
        {
            "trade_id": "c1a188b1-b397-4e79-91c7-b8c46e893eb8",
            "ticker": "KXHIGHDEN-25APR21-B72.5",
            "count": 25,
            "created_time": "2025-04-21T20:15:09.064739Z",
            "yes_price": 22,
            "no_price": 78,
            "taker_side": "no"
        },
        {
            "trade_id": "9e16383e-11c1-48a6-b2e1-09b7f67d2645",
            "ticker": "KXHIGHDEN-25APR21-B72.5",
            "count": 10,
            "created_time": "2025-04-21T20:15:09.064739Z",
            "yes_price": 23,
            "no_price": 77,
            "taker_side": "no"
        },
        {
            "trade_id": "80e1f787-456e-4f2b-9f07-459104c93042",
            "ticker": "KXHIGHDEN-25APR21-B72.5",
            "count": 4,
            "created_time": "2025-04-21T20:15:09.064739Z",
            "yes_price": 21,
            "no_price": 79,
            "taker_side": "no"
        },
        {
            "trade_id": "09b6b1fb-4f7f-4d69-a79c-d597e9919a8c",
            "ticker": "KXHIGHDEN-25APR21-B72.5",
            "count": 5,
            "created_time": "2025-04-21T20:15:09.064739Z",
            "yes_price": 23,
            "no_price": 77,
            "taker_side": "no"
        },
        {
            "trade_id": "fb922f89-13df-401d-b8a3-4f3d826dacfa",
            "ticker": "KXHIGHDEN-25APR21-B72.5",
            "count": 21,
            "created_time": "2025-04-21T20:13:34.910121Z",
            "yes_price": 41,
            "no_price": 59,
            "taker_side": "yes"
        },
        {
            "trade_id": "6a1556ab-3692-41da-9d87-3fb99b0cb2c5",
            "ticker": "KXHIGHDEN-25APR21-B72.5",
            "count": 15,
            "created_time": "2025-04-21T20:13:34.910121Z",
            "yes_price": 40,
            "no_price": 60,
            "taker_side": "yes"
        },
        {
            "trade_id": "6db2c874-91dc-4909-9a8d-88bb1a3d914a",
            "ticker": "KXHIGHDEN-25APR21-B72.5",
            "count": 19,
            "created_time": "2025-04-21T20:13:16.757184Z",
            "yes_price": 40,
            "no_price": 60,
            "taker_side": "yes"
        },
        {
            "trade_id": "23c6a399-62db-40d6-b2ac-05b1a8de930d",
            "ticker": "KXHIGHDEN-25APR21-B72.5",
            "count": 50,
            "created_time": "2025-04-21T20:13:16.757184Z",
            "yes_price": 31,
            "no_price": 69,
            "taker_side": "yes"
        },
        {
            "trade_id": "17bddc5a-93b4-4a72-a241-2b8a37e4356c",
            "ticker": "KXHIGHDEN-25APR21-B72.5",
            "count": 15,
            "created_time": "2025-04-21T20:13:16.757184Z",
            "yes_price": 30,
            "no_price": 70,
            "taker_side": "yes"
        },
        {
            "trade_id": "cba2b4fc-054c-4736-a760-fff81e35bdc3",
            "ticker": "KXHIGHDEN-25APR21-B72.5",
            "count": 2,
            "created_time": "2025-04-21T20:11:27.597082Z",
            "yes_price": 31,
            "no_price": 69,
            "taker_side": "yes"
        },
        {
            "trade_id": "827cb0bd-788e-47fc-b47f-ca60e4ceafc9",
            "ticker": "KXHIGHDEN-25APR21-B72.5",
            "count": 3,
            "created_time": "2025-04-21T20:11:27.597082Z",
            "yes_price": 32,
            "no_price": 68,
            "taker_side": "yes"
        },
        {
            "trade_id": "4eb5979a-c4f1-4c02-a0a0-924bcc71894b",
            "ticker": "KXHIGHDEN-25APR21-B72.5",
            "count": 50,
            "created_time": "2025-04-21T20:11:27.597082Z",
            "yes_price": 32,
            "no_price": 68,
            "taker_side": "yes"
        },
        {
            "trade_id": "301d65c3-9175-4e81-94fa-17e6b47e75dc",
            "ticker": "KXHIGHDEN-25APR21-B72.5",
            "count": 16,
            "created_time": "2025-04-21T20:11:04.359294Z",
            "yes_price": 25,
            "no_price": 75,
            "taker_side": "no"
        },
        {
            "trade_id": "c2c179fa-41ca-4967-aaf1-5624d5f3cb72",
            "ticker": "KXHIGHDEN-25APR21-B72.5",
            "count": 12,
            "created_time": "2025-04-21T20:09:55.214758Z",
            "yes_price": 28,
            "no_price": 72,
            "taker_side": "no"
        },
        {
            "trade_id": "1b59c285-6e08-4c52-81fb-bd11b3e3e305",
            "ticker": "KXHIGHDEN-25APR21-B72.5",
            "count": 8,
            "created_time": "2025-04-21T20:09:51.976374Z",
            "yes_price": 28,
            "no_price": 72,
            "taker_side": "no"
        },
        {
            "trade_id": "bc11d134-8622-4dac-bf17-b42b10cf9c6d",
            "ticker": "KXHIGHDEN-25APR21-B72.5",
            "count": 2,
            "created_time": "2025-04-21T20:07:57.749374Z",
            "yes_price": 18,
            "no_price": 82,
            "taker_side": "no"
        },
        {
            "trade_id": "d25b2303-25ce-4b85-8d54-396bdfbe5222",
            "ticker": "KXHIGHDEN-25APR21-B72.5",
            "count": 21,
            "created_time": "2025-04-21T20:05:18.804211Z",
            "yes_price": 32,
            "no_price": 68,
            "taker_side": "no"
        },
        {
            "trade_id": "a64d3571-735d-417a-914e-d29bbc6c8759",
            "ticker": "KXHIGHDEN-25APR21-B72.5",
            "count": 50,
            "created_time": "2025-04-21T20:05:18.804211Z",
            "yes_price": 32,
            "no_price": 68,
            "taker_side": "no"
        },
        {
            "trade_id": "4e88f655-f924-4f58-93f5-cbc196622e0d",
            "ticker": "KXHIGHDEN-25APR21-B72.5",
            "count": 2,
            "created_time": "2025-04-21T20:04:52.627796Z",
            "yes_price": 33,
            "no_price": 67,
            "taker_side": "no"
        },
        {
            "trade_id": "9352ff34-6dc4-46c8-b1f2-005f2b39c196",
            "ticker": "KXHIGHDEN-25APR21-B72.5",
            "count": 2,
            "created_time": "2025-04-21T20:04:52.589268Z",
            "yes_price": 41,
            "no_price": 59,
            "taker_side": "no"
        },
        {
            "trade_id": "afedc4df-1ce5-41f1-b99e-07506adcb58c",
            "ticker": "KXHIGHDEN-25APR21-B72.5",
            "count": 2,
            "created_time": "2025-04-21T20:00:29.628134Z",
            "yes_price": 62,
            "no_price": 38,
            "taker_side": "yes"
        },
        {
            "trade_id": "6b69bea3-042c-41a0-9072-e3358bbce8cf",
            "ticker": "KXHIGHDEN-25APR21-B72.5",
            "count": 50,
            "created_time": "2025-04-21T20:00:29.628134Z",
            "yes_price": 50,
            "no_price": 50,
            "taker_side": "yes"
        },
        {
            "trade_id": "5ae3dc6e-59b8-4ff0-80c8-bfc62a7379b4",
            "ticker": "KXHIGHDEN-25APR21-B72.5",
            "count": 99,
            "created_time": "2025-04-21T20:00:29.628134Z",
            "yes_price": 51,
            "no_price": 49,
            "taker_side": "yes"
        },
        {
            "trade_id": "518fceec-de09-40cf-b65b-3cd2d6ca1934",
            "ticker": "KXHIGHDEN-25APR21-B72.5",
            "count": 15,
            "created_time": "2025-04-21T19:57:20.648696Z",
            "yes_price": 46,
            "no_price": 54,
            "taker_side": "yes"
        },
        {
            "trade_id": "6d169f4e-78d3-40c5-8e7e-67f7e7d567d0",
            "ticker": "KXHIGHDEN-25APR21-B72.5",
            "count": 5,
            "created_time": "2025-04-21T19:54:24.233024Z",
            "yes_price": 46,
            "no_price": 54,
            "taker_side": "yes"
        },
        {
            "trade_id": "a683fbb1-0760-4f1d-9b33-69e03f6905d9",
            "ticker": "KXHIGHDEN-25APR21-B72.5",
            "count": 50,
            "created_time": "2025-04-21T19:45:22.544985Z",
            "yes_price": 50,
            "no_price": 50,
            "taker_side": "yes"
        },
        {
            "trade_id": "8bd73eaa-3c53-43fe-a3d1-351ba334543d",
            "ticker": "KXHIGHDEN-25APR21-B72.5",
            "count": 20,
            "created_time": "2025-04-21T19:35:22.315646Z",
            "yes_price": 61,
            "no_price": 39,
            "taker_side": "no"
        },
        {
            "trade_id": "08ec203a-de4d-48e5-8608-677828cfabf0",
            "ticker": "KXHIGHDEN-25APR21-B72.5",
            "count": 1,
            "created_time": "2025-04-21T19:32:32.535643Z",
            "yes_price": 61,
            "no_price": 39,
            "taker_side": "no"
        },
        {
            "trade_id": "58236bb0-0005-453d-bf74-aaa482c02cb9",
            "ticker": "KXHIGHDEN-25APR21-B72.5",
            "count": 4,
            "created_time": "2025-04-21T19:32:22.711875Z",
            "yes_price": 61,
            "no_price": 39,
            "taker_side": "no"
        },
        {
            "trade_id": "b626280f-0b90-4aff-9ac7-8cbf24ac3334",
            "ticker": "KXHIGHDEN-25APR21-B72.5",
            "count": 37,
            "created_time": "2025-04-21T19:29:32.331653Z",
            "yes_price": 62,
            "no_price": 38,
            "taker_side": "no"
        },
        {
            "trade_id": "d8c15087-3491-4862-a6b6-4527bf19781f",
            "ticker": "KXHIGHDEN-25APR21-B72.5",
            "count": 1,
            "created_time": "2025-04-21T19:24:09.181567Z",
            "yes_price": 68,
            "no_price": 32,
            "taker_side": "yes"
        },
        {
            "trade_id": "4318a6e7-1804-41a4-a4a5-a04821276b64",
            "ticker": "KXHIGHDEN-25APR21-B72.5",
            "count": 1,
            "created_time": "2025-04-21T19:06:34.977952Z",
            "yes_price": 71,
            "no_price": 29,
            "taker_side": "no"
        },
        {
            "trade_id": "5632f71d-d7bc-4ab1-ba38-4b85c6b286a3",
            "ticker": "KXHIGHDEN-25APR21-B72.5",
            "count": 3,
            "created_time": "2025-04-21T19:06:34.916247Z",
            "yes_price": 71,
            "no_price": 29,
            "taker_side": "yes"
        },
        {
            "trade_id": "49d7c6cc-e6b0-40ec-95c1-fa694010d7dc",
            "ticker": "KXHIGHDEN-25APR21-B72.5",
            "count": 33,
            "created_time": "2025-04-21T19:02:33.735412Z",
            "yes_price": 62,
            "no_price": 38,
            "taker_side": "no"
        },
        {
            "trade_id": "ebb85627-863b-46c6-8af0-266426edfb5f",
            "ticker": "KXHIGHDEN-25APR21-B72.5",
            "count": 85,
            "created_time": "2025-04-21T18:56:36.842005Z",
            "yes_price": 72,
            "no_price": 28,
            "taker_side": "yes"
        },
        {
            "trade_id": "281ae5b6-1138-4725-8152-9c4d5117eaf4",
            "ticker": "KXHIGHDEN-25APR21-B72.5",
            "count": 50,
            "created_time": "2025-04-21T18:56:36.842005Z",
            "yes_price": 71,
            "no_price": 29,
            "taker_side": "yes"
        },
        {
            "trade_id": "39a2f100-f03a-4e27-9a19-ebde2534723f",
            "ticker": "KXHIGHDEN-25APR21-B72.5",
            "count": 1,
            "created_time": "2025-04-21T18:29:17.191655Z",
            "yes_price": 72,
            "no_price": 28,
            "taker_side": "yes"
        },
        {
            "trade_id": "f3d893ef-acf5-4279-a669-58b704153415",
            "ticker": "KXHIGHDEN-25APR21-B72.5",
            "count": 50,
            "created_time": "2025-04-21T18:24:36.371664Z",
            "yes_price": 63,
            "no_price": 37,
            "taker_side": "yes"
        },
        {
            "trade_id": "4e734d7e-7e5d-4852-8063-1403f73d4756",
            "ticker": "KXHIGHDEN-25APR21-B72.5",
            "count": 12,
            "created_time": "2025-04-21T18:24:36.371664Z",
            "yes_price": 63,
            "no_price": 37,
            "taker_side": "yes"
        },
        {
            "trade_id": "8dde53de-22fb-41cb-944a-c73d627eea5a",
            "ticker": "KXHIGHDEN-25APR21-B72.5",
            "count": 11,
            "created_time": "2025-04-21T18:22:59.262152Z",
            "yes_price": 62,
            "no_price": 38,
            "taker_side": "no"
        },
        {
            "trade_id": "5e673e5c-f2e9-46a9-a041-3634ccb6141c",
            "ticker": "KXHIGHDEN-25APR21-B72.5",
            "count": 19,
            "created_time": "2025-04-21T18:21:09.71438Z",
            "yes_price": 62,
            "no_price": 38,
            "taker_side": "no"
        },
        {
            "trade_id": "e3a918c0-d10b-4cf0-9ca6-557c64ce611e",
            "ticker": "KXHIGHDEN-25APR21-B72.5",
            "count": 41,
            "created_time": "2025-04-21T18:15:38.035723Z",
            "yes_price": 71,
            "no_price": 29,
            "taker_side": "yes"
        },
        {
            "trade_id": "e2ee0c90-3e5c-4057-8dec-79c89d11abec",
            "ticker": "KXHIGHDEN-25APR21-B72.5",
            "count": 25,
            "created_time": "2025-04-21T18:15:38.035723Z",
            "yes_price": 72,
            "no_price": 28,
            "taker_side": "yes"
        },
        {
            "trade_id": "ad76fc50-6dad-4afc-9714-531296ef46c9",
            "ticker": "KXHIGHDEN-25APR21-B72.5",
            "count": 21,
            "created_time": "2025-04-21T18:15:38.035723Z",
            "yes_price": 72,
            "no_price": 28,
            "taker_side": "yes"
        },
        {
            "trade_id": "3e65b9d2-e326-4707-b62c-b1830c87511b",
            "ticker": "KXHIGHDEN-25APR21-B72.5",
            "count": 50,
            "created_time": "2025-04-21T18:15:38.035723Z",
            "yes_price": 70,
            "no_price": 30,
            "taker_side": "yes"
        },
        {
            "trade_id": "7697020f-9d40-425a-a00a-cc78d3b9fc9b",
            "ticker": "KXHIGHDEN-25APR21-B72.5",
            "count": 3,
            "created_time": "2025-04-21T18:10:47.908994Z",
            "yes_price": 63,
            "no_price": 37,
            "taker_side": "no"
        },
        {
            "trade_id": "8ba0135e-37bd-433a-a12e-91f509813d87",
            "ticker": "KXHIGHDEN-25APR21-B72.5",
            "count": 2,
            "created_time": "2025-04-21T18:10:47.297786Z",
            "yes_price": 63,
            "no_price": 37,
            "taker_side": "no"
        },
        {
            "trade_id": "f4d33ed6-a261-4292-9170-909f73405916",
            "ticker": "KXHIGHDEN-25APR21-B72.5",
            "count": 4,
            "created_time": "2025-04-21T18:10:47.067961Z",
            "yes_price": 64,
            "no_price": 36,
            "taker_side": "no"
        },
        {
            "trade_id": "738c1da2-64dd-4ca7-91f8-3b93b187ce66",
            "ticker": "KXHIGHDEN-25APR21-B72.5",
            "count": 3,
            "created_time": "2025-04-21T18:10:44.469434Z",
            "yes_price": 63,
            "no_price": 37,
            "taker_side": "no"
        },
        {
            "trade_id": "061882c7-1856-4366-9197-ce37e4bafca7",
            "ticker": "KXHIGHDEN-25APR21-B72.5",
            "count": 3,
            "created_time": "2025-04-21T18:10:43.6345Z",
            "yes_price": 64,
            "no_price": 36,
            "taker_side": "no"
        },
        {
            "trade_id": "46308104-c900-45d2-b541-057b7007508d",
            "ticker": "KXHIGHDEN-25APR21-B72.5",
            "count": 8,
            "created_time": "2025-04-21T18:10:32.01697Z",
            "yes_price": 70,
            "no_price": 30,
            "taker_side": "yes"
        },
        {
            "trade_id": "ff9268c3-7a58-4ed7-9f1c-34833741a4fc",
            "ticker": "KXHIGHDEN-25APR21-B72.5",
            "count": 2,
            "created_time": "2025-04-21T18:10:26.049009Z",
            "yes_price": 67,
            "no_price": 33,
            "taker_side": "yes"
        },
        {
            "trade_id": "a10c24d0-6afb-4bff-a80a-7567c0b721ce",
            "ticker": "KXHIGHDEN-25APR21-B72.5",
            "count": 17,
            "created_time": "2025-04-21T18:07:58.143744Z",
            "yes_price": 63,
            "no_price": 37,
            "taker_side": "no"
        },
        {
            "trade_id": "73834916-1aaf-46fb-bff8-5b773b3c384d",
            "ticker": "KXHIGHDEN-25APR21-B72.5",
            "count": 3,
            "created_time": "2025-04-21T18:07:58.143744Z",
            "yes_price": 64,
            "no_price": 36,
            "taker_side": "no"
        },
        {
            "trade_id": "1c9e3067-8093-426d-a1ab-be7a7933d686",
            "ticker": "KXHIGHDEN-25APR21-B72.5",
            "count": 1,
            "created_time": "2025-04-21T18:00:22.447369Z",
            "yes_price": 69,
            "no_price": 31,
            "taker_side": "yes"
        },
        {
            "trade_id": "d7651924-63b2-464f-862e-ade2ba1f0435",
            "ticker": "KXHIGHDEN-25APR21-B72.5",
            "count": 25,
            "created_time": "2025-04-21T17:56:57.429909Z",
            "yes_price": 70,
            "no_price": 30,
            "taker_side": "yes"
        },
        {
            "trade_id": "8ae1c9d3-d588-47aa-a7c9-702b61ef1998",
            "ticker": "KXHIGHDEN-25APR21-B72.5",
            "count": 9,
            "created_time": "2025-04-21T17:56:57.429909Z",
            "yes_price": 71,
            "no_price": 29,
            "taker_side": "yes"
        },
        {
            "trade_id": "6289bd56-c6ed-4334-a62e-6235a60af30f",
            "ticker": "KXHIGHDEN-25APR21-B72.5",
            "count": 25,
            "created_time": "2025-04-21T17:56:57.429909Z",
            "yes_price": 69,
            "no_price": 31,
            "taker_side": "yes"
        },
        {
            "trade_id": "5bb09c6c-761e-43f3-b653-65e7bb258090",
            "ticker": "KXHIGHDEN-25APR21-B72.5",
            "count": 20,
            "created_time": "2025-04-21T17:51:02.237184Z",
            "yes_price": 65,
            "no_price": 35,
            "taker_side": "no"
        },
        {
            "trade_id": "c874af63-b8a4-41ab-bf91-7a0910ad64d0",
            "ticker": "KXHIGHDEN-25APR21-B72.5",
            "count": 10,
            "created_time": "2025-04-21T17:47:29.5244Z",
            "yes_price": 66,
            "no_price": 34,
            "taker_side": "no"
        },
        {
            "trade_id": "856682e8-1999-417f-b546-76b07c9a50c3",
            "ticker": "KXHIGHDEN-25APR21-B72.5",
            "count": 30,
            "created_time": "2025-04-21T17:47:29.5244Z",
            "yes_price": 65,
            "no_price": 35,
            "taker_side": "no"
        },
        {
            "trade_id": "ed1d8422-c309-4922-8e57-8f361de35fe4",
            "ticker": "KXHIGHDEN-25APR21-B72.5",
            "count": 40,
            "created_time": "2025-04-21T17:47:29.43174Z",
            "yes_price": 66,
            "no_price": 34,
            "taker_side": "no"
        },
        {
            "trade_id": "79341cf1-f06b-4ab1-a7b3-e4187da73e32",
            "ticker": "KXHIGHDEN-25APR21-B72.5",
            "count": 50,
            "created_time": "2025-04-21T17:30:53.429246Z",
            "yes_price": 68,
            "no_price": 32,
            "taker_side": "yes"
        },
        {
            "trade_id": "b2196bb9-64ae-4c9b-bc63-51f65765188c",
            "ticker": "KXHIGHDEN-25APR21-B72.5",
            "count": 4,
            "created_time": "2025-04-21T16:35:38.910475Z",
            "yes_price": 64,
            "no_price": 36,
            "taker_side": "yes"
        },
        {
            "trade_id": "eca31748-1620-444a-ae54-05fa7e76b498",
            "ticker": "KXHIGHDEN-25APR21-B72.5",
            "count": 3,
            "created_time": "2025-04-21T16:17:20.685229Z",
            "yes_price": 65,
            "no_price": 35,
            "taker_side": "yes"
        },
        {
            "trade_id": "cd59ca62-83b1-41b9-9db2-b17efc0f13de",
            "ticker": "KXHIGHDEN-25APR21-B72.5",
            "count": 15,
            "created_time": "2025-04-21T16:12:17.992758Z",
            "yes_price": 65,
            "no_price": 35,
            "taker_side": "yes"
        },
        {
            "trade_id": "c06b6d14-36f1-4145-9853-97e199179a77",
            "ticker": "KXHIGHDEN-25APR21-B72.5",
            "count": 50,
            "created_time": "2025-04-21T16:05:10.563597Z",
            "yes_price": 59,
            "no_price": 41,
            "taker_side": "yes"
        },
        {
            "trade_id": "0a97a55e-4720-4b47-ac97-e5168fdc399b",
            "ticker": "KXHIGHDEN-25APR21-B72.5",
            "count": 4,
            "created_time": "2025-04-21T16:02:59.05944Z",
            "yes_price": 59,
            "no_price": 41,
            "taker_side": "yes"
        },
        {
            "trade_id": "af2a59e6-cd52-47a6-84f0-d41003f8f6f1",
            "ticker": "KXHIGHDEN-25APR21-B72.5",
            "count": 8,
            "created_time": "2025-04-21T15:39:36.428755Z",
            "yes_price": 59,
            "no_price": 41,
            "taker_side": "yes"
        },
        {
            "trade_id": "6ae8dff1-220c-4ebf-83d4-63816cdfbffc",
            "ticker": "KXHIGHDEN-25APR21-B72.5",
            "count": 2,
            "created_time": "2025-04-21T15:10:15.360336Z",
            "yes_price": 60,
            "no_price": 40,
            "taker_side": "yes"
        },
        {
            "trade_id": "681ac6bc-a831-4c40-adc4-e1e83b146ad2",
            "ticker": "KXHIGHDEN-25APR21-B72.5",
            "count": 50,
            "created_time": "2025-04-21T15:10:15.360336Z",
            "yes_price": 59,
            "no_price": 41,
            "taker_side": "yes"
        },
        {
            "trade_id": "1bde9dcc-baea-4b5e-8ae7-cdc31aedc2e7",
            "ticker": "KXHIGHDEN-25APR21-B72.5",
            "count": 3,
            "created_time": "2025-04-21T15:10:15.360336Z",
            "yes_price": 58,
            "no_price": 42,
            "taker_side": "yes"
        },
        {
            "trade_id": "4c11861b-a24b-4ecd-b918-6afdc84a95a4",
            "ticker": "KXHIGHDEN-25APR21-B72.5",
            "count": 4,
            "created_time": "2025-04-21T15:02:07.419861Z",
            "yes_price": 57,
            "no_price": 43,
            "taker_side": "yes"
        },
        {
            "trade_id": "e4b806fe-7e89-46b3-aa74-762d12b64cac",
            "ticker": "KXHIGHDEN-25APR21-B72.5",
            "count": 53,
            "created_time": "2025-04-21T14:55:51.703011Z",
            "yes_price": 54,
            "no_price": 46,
            "taker_side": "no"
        },
        {
            "trade_id": "bbfbe8f7-c8bd-40eb-9861-114ca1919b12",
            "ticker": "KXHIGHDEN-25APR21-B72.5",
            "count": 15,
            "created_time": "2025-04-21T14:55:51.703011Z",
            "yes_price": 56,
            "no_price": 44,
            "taker_side": "no"
        },
        {
            "trade_id": "b4396b00-1119-4ecc-8213-2c6945274301",
            "ticker": "KXHIGHDEN-25APR21-B72.5",
            "count": 50,
            "created_time": "2025-04-21T14:55:51.703011Z",
            "yes_price": 55,
            "no_price": 45,
            "taker_side": "no"
        },
        {
            "trade_id": "9a182caf-d138-44c4-ad69-7129225949e5",
            "ticker": "KXHIGHDEN-25APR21-B72.5",
            "count": 71,
            "created_time": "2025-04-21T14:55:51.703011Z",
            "yes_price": 55,
            "no_price": 45,
            "taker_side": "no"
        },
        {
            "trade_id": "942b13c1-4b54-4afd-9410-4363b1228058",
            "ticker": "KXHIGHDEN-25APR21-B72.5",
            "count": 8,
            "created_time": "2025-04-21T14:55:51.703011Z",
            "yes_price": 57,
            "no_price": 43,
            "taker_side": "no"
        },
        {
            "trade_id": "833410f2-bcd9-465b-ba0a-15538cae4801",
            "ticker": "KXHIGHDEN-25APR21-B72.5",
            "count": 100,
            "created_time": "2025-04-21T14:55:51.703011Z",
            "yes_price": 57,
            "no_price": 43,
            "taker_side": "no"
        },
        {
            "trade_id": "03ac2fec-84ea-4645-9828-e7df0403e260",
            "ticker": "KXHIGHDEN-25APR21-B72.5",
            "count": 7,
            "created_time": "2025-04-21T14:55:51.703011Z",
            "yes_price": 53,
            "no_price": 47,
            "taker_side": "no"
        },
        {
            "trade_id": "e0249b66-bef8-42c2-af65-af2cb580f8f5",
            "ticker": "KXHIGHDEN-25APR21-B72.5",
            "count": 100,
            "created_time": "2025-04-21T14:55:30.349654Z",
            "yes_price": 61,
            "no_price": 39,
            "taker_side": "yes"
        },
        {
            "trade_id": "c002f717-ff51-48eb-a865-04edf3ed5b94",
            "ticker": "KXHIGHDEN-25APR21-B72.5",
            "count": 50,
            "created_time": "2025-04-21T14:55:30.349654Z",
            "yes_price": 60,
            "no_price": 40,
            "taker_side": "yes"
        },
        {
            "trade_id": "696f855c-b83f-4fdf-95e2-52761ce87a66",
            "ticker": "KXHIGHDEN-25APR21-B72.5",
            "count": 11,
            "created_time": "2025-04-21T14:55:30.349654Z",
            "yes_price": 60,
            "no_price": 40,
            "taker_side": "yes"
        },
        {
            "trade_id": "125cb103-d56b-4e1b-bdbd-22d04ec1a036",
            "ticker": "KXHIGHDEN-25APR21-B72.5",
            "count": 16,
            "created_time": "2025-04-21T14:55:30.349654Z",
            "yes_price": 59,
            "no_price": 41,
            "taker_side": "yes"
        },
        {
            "trade_id": "0303bccd-f8be-41cd-b118-ce39277eb1c6",
            "ticker": "KXHIGHDEN-25APR21-B72.5",
            "count": 127,
            "created_time": "2025-04-21T14:55:30.349654Z",
            "yes_price": 61,
            "no_price": 39,
            "taker_side": "yes"
        },
        {
            "trade_id": "766995c4-2469-43b6-9891-f4be68e77aa5",
            "ticker": "KXHIGHDEN-25APR21-B72.5",
            "count": 20,
            "created_time": "2025-04-21T14:35:41.387956Z",
            "yes_price": 59,
            "no_price": 41,
            "taker_side": "yes"
        },
        {
            "trade_id": "eeea0b3d-a35e-4ddb-a5f4-6500be68bdca",
            "ticker": "KXHIGHDEN-25APR21-B72.5",
            "count": 2,
            "created_time": "2025-04-21T14:27:04.960771Z",
            "yes_price": 57,
            "no_price": 43,
            "taker_side": "no"
        },
        {
            "trade_id": "9819f93e-f1bb-4fa6-93da-30b4a15f3d2b",
            "ticker": "KXHIGHDEN-25APR21-B72.5",
            "count": 48,
            "created_time": "2025-04-21T14:26:19.069967Z",
            "yes_price": 58,
            "no_price": 42,
            "taker_side": "yes"
        },
        {
            "trade_id": "2f99bae2-2f41-432b-86b4-ca0a06dcce27",
            "ticker": "KXHIGHDEN-25APR21-B72.5",
            "count": 2,
            "created_time": "2025-04-21T14:22:58.2876Z",
            "yes_price": 58,
            "no_price": 42,
            "taker_side": "yes"
        },
        {
            "trade_id": "26833319-c620-4315-b613-4f3443cfce52",
            "ticker": "KXHIGHDEN-25APR21-B72.5",
            "count": 90,
            "created_time": "2025-04-21T14:19:31.332691Z",
            "yes_price": 57,
            "no_price": 43,
            "taker_side": "no"
        },
        {
            "trade_id": "d749d069-e46d-441b-92b4-5633456e5093",
            "ticker": "KXHIGHDEN-25APR21-B72.5",
            "count": 8,
            "created_time": "2025-04-21T14:17:18.979451Z",
            "yes_price": 58,
            "no_price": 42,
            "taker_side": "yes"
        },
        {
            "trade_id": "959bb24a-fb95-4e64-9cc8-fcac33162494",
            "ticker": "KXHIGHDEN-25APR21-B72.5",
            "count": 24,
            "created_time": "2025-04-21T14:05:08.389164Z",
            "yes_price": 59,
            "no_price": 41,
            "taker_side": "yes"
        },
        {
            "trade_id": "675e676c-00f5-4202-ad58-ee879059d7e7",
            "ticker": "KXHIGHDEN-25APR21-B72.5",
            "count": 46,
            "created_time": "2025-04-21T14:05:08.389164Z",
            "yes_price": 59,
            "no_price": 41,
            "taker_side": "yes"
        },
        {
            "trade_id": "64d861af-e898-4a16-96be-eb18e30c8df4",
            "ticker": "KXHIGHDEN-25APR21-B72.5",
            "count": 1,
            "created_time": "2025-04-21T13:46:24.668175Z",
            "yes_price": 59,
            "no_price": 41,
            "taker_side": "no"
        },
        {
            "trade_id": "2f4ec91a-8032-4ab3-bbc2-049085968de4",
            "ticker": "KXHIGHDEN-25APR21-B72.5",
            "count": 5,
            "created_time": "2025-04-21T13:45:45.867513Z",
            "yes_price": 59,
            "no_price": 41,
            "taker_side": "no"
        },
        {
            "trade_id": "8cb34896-0b9b-4aac-a6f9-8472ad364a15",
            "ticker": "KXHIGHDEN-25APR21-B72.5",
            "count": 20,
            "created_time": "2025-04-21T13:45:44.799464Z",
            "yes_price": 59,
            "no_price": 41,
            "taker_side": "no"
        },
        {
            "trade_id": "f6078bd9-bfd6-4291-9b74-d0110af5092a",
            "ticker": "KXHIGHDEN-25APR21-B72.5",
            "count": 40,
            "created_time": "2025-04-21T13:45:44.456565Z",
            "yes_price": 59,
            "no_price": 41,
            "taker_side": "yes"
        },
        {
            "trade_id": "8e6eb518-a813-4839-b21d-709400327d7f",
            "ticker": "KXHIGHDEN-25APR21-B72.5",
            "count": 90,
            "created_time": "2025-04-21T13:45:44.456565Z",
            "yes_price": 59,
            "no_price": 41,
            "taker_side": "yes"
        },
        {
            "trade_id": "53cacf79-4851-40fd-a0f9-5f971ead2530",
            "ticker": "KXHIGHDEN-25APR21-B72.5",
            "count": 50,
            "created_time": "2025-04-21T13:45:44.456565Z",
            "yes_price": 59,
            "no_price": 41,
            "taker_side": "yes"
        },
        {
            "trade_id": "aed89ce2-19f5-4bf9-b391-d16f8acd740d",
            "ticker": "KXHIGHDEN-25APR21-B72.5",
            "count": 50,
            "created_time": "2025-04-21T13:34:43.132021Z",
            "yes_price": 58,
            "no_price": 42,
            "taker_side": "yes"
        },
        {
            "trade_id": "b551df62-050e-437f-915a-864931db8cf8",
            "ticker": "KXHIGHDEN-25APR21-B72.5",
            "count": 8,
            "created_time": "2025-04-21T13:31:54.713209Z",
            "yes_price": 58,
            "no_price": 42,
            "taker_side": "yes"
        },
        {
            "trade_id": "6742d7db-defc-4ffe-b2bc-c83ba239aeb0",
            "ticker": "KXHIGHDEN-25APR21-B72.5",
            "count": 4,
            "created_time": "2025-04-21T13:30:34.700954Z",
            "yes_price": 56,
            "no_price": 44,
            "taker_side": "no"
        },
        {
            "trade_id": "0659e95f-d997-40ab-9095-fe005d1d6e76",
            "ticker": "KXHIGHDEN-25APR21-B72.5",
            "count": 7,
            "created_time": "2025-04-21T13:15:53.805449Z",
            "yes_price": 56,
            "no_price": 44,
            "taker_side": "no"
        },
        {
            "trade_id": "04c389e1-f8ef-4311-83f0-04be950f5f2d",
            "ticker": "KXHIGHDEN-25APR21-B72.5",
            "count": 8,
            "created_time": "2025-04-21T13:09:03.802415Z",
            "yes_price": 57,
            "no_price": 43,
            "taker_side": "yes"
        },
        {
            "trade_id": "e8d3ec2f-a781-4fc5-8f6f-a00f1b02088f",
            "ticker": "KXHIGHDEN-25APR21-B72.5",
            "count": 19,
            "created_time": "2025-04-21T06:59:36.873516Z",
            "yes_price": 58,
            "no_price": 42,
            "taker_side": "yes"
        },
        {
            "trade_id": "4b7a00d2-e136-4c6a-843f-5a45d4e00f06",
            "ticker": "KXHIGHDEN-25APR21-B72.5",
            "count": 14,
            "created_time": "2025-04-21T06:59:36.873516Z",
            "yes_price": 56,
            "no_price": 44,
            "taker_side": "yes"
        },
        {
            "trade_id": "e1d73d67-49a2-472b-9a42-3db1665552ac",
            "ticker": "KXHIGHDEN-25APR21-B72.5",
            "count": 16,
            "created_time": "2025-04-21T06:19:44.191294Z",
            "yes_price": 57,
            "no_price": 43,
            "taker_side": "yes"
        },
        {
            "trade_id": "28348cac-ef09-4fdf-80d1-4291a019c674",
            "ticker": "KXHIGHDEN-25APR21-B72.5",
            "count": 52,
            "created_time": "2025-04-21T06:19:44.191294Z",
            "yes_price": 58,
            "no_price": 42,
            "taker_side": "yes"
        },
        {
            "trade_id": "27f3059a-cc28-452c-802f-8f69891941be",
            "ticker": "KXHIGHDEN-25APR21-B72.5",
            "count": 31,
            "created_time": "2025-04-21T06:19:44.191294Z",
            "yes_price": 54,
            "no_price": 46,
            "taker_side": "yes"
        },
        {
            "trade_id": "10cb311c-5ef2-4f7d-8888-4255f7db4466",
            "ticker": "KXHIGHDEN-25APR21-B72.5",
            "count": 6,
            "created_time": "2025-04-21T06:19:44.191294Z",
            "yes_price": 57,
            "no_price": 43,
            "taker_side": "yes"
        },
        {
            "trade_id": "09f31410-7124-4510-a32d-94f6230ded36",
            "ticker": "KXHIGHDEN-25APR21-B72.5",
            "count": 240,
            "created_time": "2025-04-21T06:19:44.191294Z",
            "yes_price": 56,
            "no_price": 44,
            "taker_side": "yes"
        },
        {
            "trade_id": "e7c36012-5c08-490f-9cb0-31cc9a5111d7",
            "ticker": "KXHIGHDEN-25APR21-B72.5",
            "count": 23,
            "created_time": "2025-04-21T06:07:31.241475Z",
            "yes_price": 70,
            "no_price": 30,
            "taker_side": "yes"
        },
        {
            "trade_id": "e3224166-0f8b-4612-8609-5c9f8ba3a8f5",
            "ticker": "KXHIGHDEN-25APR21-B72.5",
            "count": 17,
            "created_time": "2025-04-21T06:07:31.241475Z",
            "yes_price": 55,
            "no_price": 45,
            "taker_side": "yes"
        },
        {
            "trade_id": "7123c5da-33ef-40db-ad19-e7dd56de5031",
            "ticker": "KXHIGHDEN-25APR21-B72.5",
            "count": 99,
            "created_time": "2025-04-21T06:07:31.241475Z",
            "yes_price": 51,
            "no_price": 49,
            "taker_side": "yes"
        },
        {
            "trade_id": "5edea76e-df7d-41b2-9b26-b743925a9b4f",
            "ticker": "KXHIGHDEN-25APR21-B72.5",
            "count": 19,
            "created_time": "2025-04-21T06:07:31.241475Z",
            "yes_price": 69,
            "no_price": 31,
            "taker_side": "yes"
        },
        {
            "trade_id": "451cc748-519f-4f9c-8282-b26375bb3d4b",
            "ticker": "KXHIGHDEN-25APR21-B72.5",
            "count": 240,
            "created_time": "2025-04-21T06:07:31.241475Z",
            "yes_price": 53,
            "no_price": 47,
            "taker_side": "yes"
        },
        {
            "trade_id": "3661e6a1-9931-4161-a579-c73b2dcb13ef",
            "ticker": "KXHIGHDEN-25APR21-B72.5",
            "count": 29,
            "created_time": "2025-04-21T06:07:31.241475Z",
            "yes_price": 58,
            "no_price": 42,
            "taker_side": "yes"
        },
        {
