{
    "KXHIGHDEN-25JAN08-T32": [
        {
            "trade_id": "ccacf1fe-5e96-4efa-9de8-53d2bb48cd78",
            "ticker": "KXHIGHDEN-25JAN08-T32",
            "count": 89,
            "created_time": "2025-01-08T20:11:45.959484Z",
            "yes_price": 1,
            "no_price": 99,
            "taker_side": "yes"
        },
        {
            "trade_id": "bd4859b6-4f08-4e2e-9ade-42dfcc76dfe2",
            "ticker": "KXHIGHDEN-25JAN08-T32",
            "count": 411,
            "created_time": "2025-01-08T20:11:45.959484Z",
            "yes_price": 1,
            "no_price": 99,
            "taker_side": "yes"
        },
        {
            "trade_id": "a11a7e9a-70cc-4ffe-93ba-38865792144a",
            "ticker": "KXHIGHDEN-25JAN08-T32",
            "count": 111,
            "created_time": "2025-01-08T16:05:01.62955Z",
            "yes_price": 1,
            "no_price": 99,
            "taker_side": "yes"
        },
        {
            "trade_id": "3d2b7715-253f-41a2-9b26-b8a6ebc38418",
            "ticker": "KXHIGHDEN-25JAN08-T32",
            "count": 89,
            "created_time": "2025-01-08T16:05:01.62955Z",
            "yes_price": 1,
            "no_price": 99,
            "taker_side": "yes"
        },
        {
            "trade_id": "7c3fbe0c-c751-46fe-aea0-3d68e1791954",
            "ticker": "KXHIGHDEN-25JAN08-T32",
            "count": 17,
            "created_time": "2025-01-08T14:25:41.113206Z",
            "yes_price": 2,
            "no_price": 98,
            "taker_side": "yes"
        },
        {
            "trade_id": "4d73d421-b582-4eb8-a49a-a4e72d890257",
            "ticker": "KXHIGHDEN-25JAN08-T32",
            "count": 216,
            "created_time": "2025-01-08T14:25:41.113206Z",
            "yes_price": 2,
            "no_price": 98,
            "taker_side": "yes"
        },
        {
            "trade_id": "f8e89650-bc10-4c98-9490-64cc59663e34",
            "ticker": "KXHIGHDEN-25JAN08-T32",
            "count": 233,
            "created_time": "2025-01-08T13:29:28.222595Z",
            "yes_price": 2,
            "no_price": 98,
            "taker_side": "yes"
        },
        {
            "trade_id": "2952c59b-2d41-480f-9dc8-222854dbdf52",
            "ticker": "KXHIGHDEN-25JAN08-T32",
            "count": 269,
            "created_time": "2025-01-08T07:49:52.463584Z",
            "yes_price": 2,
            "no_price": 98,
            "taker_side": "yes"
        },
        {
            "trade_id": "0994b535-5935-4a7a-b06b-0b4f24cd9bd6",
            "ticker": "KXHIGHDEN-25JAN08-T32",
            "count": 3,
            "created_time": "2025-01-08T07:48:09.773137Z",
            "yes_price": 1,
            "no_price": 99,
            "taker_side": "yes"
        },
        {
            "trade_id": "e931ce62-67df-43ea-905d-d08cdd86c15b",
            "ticker": "KXHIGHDEN-25JAN08-T32",
            "count": 231,
            "created_time": "2025-01-08T05:41:06.943868Z",
            "yes_price": 2,
            "no_price": 98,
            "taker_side": "yes"
        },
        {
            "trade_id": "88831465-33c3-42c5-9a60-1eff426f204b",
            "ticker": "KXHIGHDEN-25JAN08-T32",
            "count": 5,
            "created_time": "2025-01-08T05:41:06.943868Z",
            "yes_price": 1,
            "no_price": 99,
            "taker_side": "yes"
        },
        {
            "trade_id": "9bf15003-9004-4ce7-b87c-853ed705cd45",
            "ticker": "KXHIGHDEN-25JAN08-T32",
            "count": 185,
            "created_time": "2025-01-08T05:21:18.062255Z",
            "yes_price": 1,
            "no_price": 99,
            "taker_side": "no"
        },
        {
            "trade_id": "7d381505-8f16-41df-bb05-1be8397357a6",
            "ticker": "KXHIGHDEN-25JAN08-T32",
            "count": 5,
            "created_time": "2025-01-08T04:49:13.01274Z",
            "yes_price": 1,
            "no_price": 99,
            "taker_side": "no"
        },
        {
            "trade_id": "9a8f56e3-1612-4174-bf21-6d059f93d3b0",
            "ticker": "KXHIGHDEN-25JAN08-T32",
            "count": 2,
            "created_time": "2025-01-08T04:48:55.083347Z",
            "yes_price": 1,
            "no_price": 99,
            "taker_side": "no"
        },
        {
            "trade_id": "baadae34-579d-43b8-9fe9-f5a90873a467",
            "ticker": "KXHIGHDEN-25JAN08-T32",
            "count": 8,
            "created_time": "2025-01-08T04:48:46.333636Z",
            "yes_price": 1,
            "no_price": 99,
            "taker_side": "no"
        },
        {
            "trade_id": "f30d1f8c-b932-454b-977c-87d5f46dce62",
            "ticker": "KXHIGHDEN-25JAN08-T32",
            "count": 100,
            "created_time": "2025-01-08T04:10:07.969691Z",
            "yes_price": 1,
            "no_price": 99,
            "taker_side": "yes"
        },
        {
            "trade_id": "d64965f8-75bc-4d5c-99a8-f670ac47459a",
            "ticker": "KXHIGHDEN-25JAN08-T32",
            "count": 50,
            "created_time": "2025-01-08T00:07:40.764995Z",
            "yes_price": 1,
            "no_price": 99,
            "taker_side": "yes"
        },
        {
            "trade_id": "25590079-f691-466d-a4bc-c31fb762f182",
            "ticker": "KXHIGHDEN-25JAN08-T32",
            "count": 8,
            "created_time": "2025-01-08T00:07:40.764995Z",
            "yes_price": 5,
            "no_price": 95,
            "taker_side": "yes"
        },
        {
            "trade_id": "4bb0c7a4-25ec-4ba1-840c-b70f017b6ac7",
            "ticker": "KXHIGHDEN-25JAN08-T32",
            "count": 50,
            "created_time": "2025-01-07T22:42:58.402941Z",
            "yes_price": 1,
            "no_price": 99,
            "taker_side": "no"
        },
        {
            "trade_id": "b480fd02-3f0e-4fc5-a57f-0ee53366df5a",
            "ticker": "KXHIGHDEN-25JAN08-T32",
            "count": 50,
            "created_time": "2025-01-07T22:42:43.085198Z",
            "yes_price": 1,
            "no_price": 99,
            "taker_side": "no"
        },
        {
            "trade_id": "92c2be3a-1df4-4071-9572-9f1b3c3ce3bb",
            "ticker": "KXHIGHDEN-25JAN08-T32",
            "count": 50,
            "created_time": "2025-01-07T22:42:43.085198Z",
            "yes_price": 1,
            "no_price": 99,
            "taker_side": "no"
        }
    ],
    "KXHIGHDEN-25JAN08-B32.5": [
        {
            "trade_id": "415ada08-acd1-4015-8cac-37d0dfbf0e7d",
            "ticker": "KXHIGHDEN-25JAN08-B32.5",
            "count": 100,
            "created_time": "2025-01-08T23:32:12.596207Z",
            "yes_price": 1,
            "no_price": 99,
            "taker_side": "yes"
        },
        {
            "trade_id": "13227b1f-cd5e-44bc-b8f9-27f2d6cbab7c",
            "ticker": "KXHIGHDEN-25JAN08-B32.5",
            "count": 50,
            "created_time": "2025-01-08T22:51:46.874513Z",
            "yes_price": 1,
            "no_price": 99,
            "taker_side": "yes"
        },
        {
            "trade_id": "3deab5db-46e0-4b68-b23c-d9271cb560b2",
            "ticker": "KXHIGHDEN-25JAN08-B32.5",
            "count": 50,
            "created_time": "2025-01-08T20:11:55.070437Z",
            "yes_price": 1,
            "no_price": 99,
            "taker_side": "yes"
        },
        {
            "trade_id": "350097de-2877-4175-856a-603d799557e9",
            "ticker": "KXHIGHDEN-25JAN08-B32.5",
            "count": 1042,
            "created_time": "2025-01-08T20:11:55.070437Z",
            "yes_price": 1,
            "no_price": 99,
            "taker_side": "yes"
        },
        {
            "trade_id": "0ef01eba-9280-4f86-9be5-3653d8b9e9bf",
            "ticker": "KXHIGHDEN-25JAN08-B32.5",
            "count": 31,
            "created_time": "2025-01-08T20:11:55.070437Z",
            "yes_price": 1,
            "no_price": 99,
            "taker_side": "yes"
        },
        {
            "trade_id": "82f5d914-6485-4157-bc24-60a5dfc42279",
            "ticker": "KXHIGHDEN-25JAN08-B32.5",
            "count": 1,
            "created_time": "2025-01-08T16:34:49.84907Z",
            "yes_price": 1,
            "no_price": 99,
            "taker_side": "yes"
        },
        {
            "trade_id": "54119dc6-161a-4fb2-b641-5e8e70b6f6f2",
            "ticker": "KXHIGHDEN-25JAN08-B32.5",
            "count": 168,
            "created_time": "2025-01-08T16:34:49.84907Z",
            "yes_price": 2,
            "no_price": 98,
            "taker_side": "yes"
        },
        {
            "trade_id": "5333526f-b233-4e8f-978a-bc00a91881d1",
            "ticker": "KXHIGHDEN-25JAN08-B32.5",
            "count": 250,
            "created_time": "2025-01-08T16:34:49.84907Z",
            "yes_price": 1,
            "no_price": 99,
            "taker_side": "yes"
        },
        {
            "trade_id": "3465b9f7-47d2-4dde-ace7-3118cfdc6bbd",
            "ticker": "KXHIGHDEN-25JAN08-B32.5",
            "count": 250,
            "created_time": "2025-01-08T16:34:49.84907Z",
            "yes_price": 2,
            "no_price": 98,
            "taker_side": "yes"
        },
        {
            "trade_id": "33e6160f-f9cc-43fc-9363-66237a1a6a61",
            "ticker": "KXHIGHDEN-25JAN08-B32.5",
            "count": 623,
            "created_time": "2025-01-08T16:34:49.84907Z",
            "yes_price": 2,
            "no_price": 98,
            "taker_side": "yes"
        },
        {
            "trade_id": "f2f917b5-2828-4f62-8b32-640e5cac1c71",
            "ticker": "KXHIGHDEN-25JAN08-B32.5",
            "count": 100,
            "created_time": "2025-01-08T16:04:51.808923Z",
            "yes_price": 2,
            "no_price": 98,
            "taker_side": "yes"
        },
        {
            "trade_id": "79740aa7-1049-4389-a8a6-2fc9ff4d8867",
            "ticker": "KXHIGHDEN-25JAN08-B32.5",
            "count": 232,
            "created_time": "2025-01-08T15:50:06.752417Z",
            "yes_price": 2,
            "no_price": 98,
            "taker_side": "yes"
        },
        {
            "trade_id": "46b9011a-eb47-4654-95aa-d03be2deae5b",
            "ticker": "KXHIGHDEN-25JAN08-B32.5",
            "count": 1,
            "created_time": "2025-01-08T15:50:06.752417Z",
            "yes_price": 2,
            "no_price": 98,
            "taker_side": "yes"
        },
        {
            "trade_id": "2165bc8f-3d15-4369-9d97-fb39a9908355",
            "ticker": "KXHIGHDEN-25JAN08-B32.5",
            "count": 156,
            "created_time": "2025-01-08T14:25:44.618709Z",
            "yes_price": 3,
            "no_price": 97,
            "taker_side": "yes"
        },
        {
            "trade_id": "f84d32ce-882f-4eae-928b-27b1212d36d3",
            "ticker": "KXHIGHDEN-25JAN08-B32.5",
            "count": 63,
            "created_time": "2025-01-08T13:29:22.284643Z",
            "yes_price": 3,
            "no_price": 97,
            "taker_side": "yes"
        },
        {
            "trade_id": "f109e964-6513-4e39-9df3-0eb0d116fa41",
            "ticker": "KXHIGHDEN-25JAN08-B32.5",
            "count": 38,
            "created_time": "2025-01-08T13:29:22.284643Z",
            "yes_price": 3,
            "no_price": 97,
            "taker_side": "yes"
        },
        {
            "trade_id": "9b4a7ffa-ee5b-45a1-8e8d-e84838c59fa7",
            "ticker": "KXHIGHDEN-25JAN08-B32.5",
            "count": 6,
            "created_time": "2025-01-08T13:29:22.284643Z",
            "yes_price": 2,
            "no_price": 98,
            "taker_side": "yes"
        },
        {
            "trade_id": "29528ee4-374a-45cc-bdaa-91a6d89410ba",
            "ticker": "KXHIGHDEN-25JAN08-B32.5",
            "count": 50,
            "created_time": "2025-01-08T13:29:22.284643Z",
            "yes_price": 3,
            "no_price": 97,
            "taker_side": "yes"
        },
        {
            "trade_id": "e3cee00a-b187-4490-b8b3-4b3bb92ff79d",
            "ticker": "KXHIGHDEN-25JAN08-B32.5",
            "count": 260,
            "created_time": "2025-01-08T13:07:21.589816Z",
            "yes_price": 1,
            "no_price": 99,
            "taker_side": "no"
        },
        {
            "trade_id": "177aedbe-674f-4ddb-b671-b1b7dcb67193",
            "ticker": "KXHIGHDEN-25JAN08-B32.5",
            "count": 40,
            "created_time": "2025-01-08T13:00:39.129418Z",
            "yes_price": 1,
            "no_price": 99,
            "taker_side": "no"
        },
        {
            "trade_id": "a4367742-5b34-4f6d-8d88-7136ef13b054",
            "ticker": "KXHIGHDEN-25JAN08-B32.5",
            "count": 100,
            "created_time": "2025-01-08T02:20:24.462771Z",
            "yes_price": 1,
            "no_price": 99,
            "taker_side": "no"
        },
        {
            "trade_id": "5fd9380e-e455-44f9-ba8b-bcce69851be7",
            "ticker": "KXHIGHDEN-25JAN08-B32.5",
            "count": 30,
            "created_time": "2025-01-08T02:20:24.462771Z",
            "yes_price": 1,
            "no_price": 99,
            "taker_side": "no"
        },
        {
            "trade_id": "8fb9092f-213c-4b71-8082-ff7e068f87e3",
            "ticker": "KXHIGHDEN-25JAN08-B32.5",
            "count": 62,
            "created_time": "2025-01-08T00:07:29.693628Z",
            "yes_price": 3,
            "no_price": 97,
            "taker_side": "yes"
        },
        {
            "trade_id": "ce69abf8-a09d-402a-81d9-d9db2d1e3c34",
            "ticker": "KXHIGHDEN-25JAN08-B32.5",
            "count": 20,
            "created_time": "2025-01-07T21:03:48.402001Z",
            "yes_price": 1,
            "no_price": 99,
            "taker_side": "no"
        }
    ],
    "KXHIGHDEN-25JAN08-B34.5": [
        {
            "trade_id": "cf195b3d-37b0-41e3-868c-3506f09073ea",
            "ticker": "KXHIGHDEN-25JAN08-B34.5",
            "count": 158,
            "created_time": "2025-01-08T23:17:28.470965Z",
            "yes_price": 1,
            "no_price": 99,
            "taker_side": "yes"
        },
        {
            "trade_id": "b521c8d3-3b5c-4332-8c52-5077b2493a04",
            "ticker": "KXHIGHDEN-25JAN08-B34.5",
            "count": 416,
            "created_time": "2025-01-08T23:17:28.470965Z",
            "yes_price": 1,
            "no_price": 99,
            "taker_side": "yes"
        },
        {
            "trade_id": "66b28c4b-9510-4629-9d46-a315ce832ead",
            "ticker": "KXHIGHDEN-25JAN08-B34.5",
            "count": 1,
            "created_time": "2025-01-08T17:17:03.794002Z",
            "yes_price": 1,
            "no_price": 99,
            "taker_side": "no"
        },
        {
            "trade_id": "27027b91-1255-43a7-b01b-7c8a5956a79c",
            "ticker": "KXHIGHDEN-25JAN08-B34.5",
            "count": 286,
            "created_time": "2025-01-08T17:17:03.794002Z",
            "yes_price": 1,
            "no_price": 99,
            "taker_side": "no"
        },
        {
            "trade_id": "1881f311-f2f1-4f33-9cbc-1bfe7a860910",
            "ticker": "KXHIGHDEN-25JAN08-B34.5",
            "count": 287,
            "created_time": "2025-01-08T17:17:03.794002Z",
            "yes_price": 1,
            "no_price": 99,
            "taker_side": "no"
        },
        {
            "trade_id": "60fd9a55-39be-4c71-92ce-c9d0cf049bcf",
            "ticker": "KXHIGHDEN-25JAN08-B34.5",
            "count": 1,
            "created_time": "2025-01-08T17:09:14.506823Z",
            "yes_price": 1,
            "no_price": 99,
            "taker_side": "no"
        },
        {
            "trade_id": "8aace4d0-254a-4967-a071-6be76449014a",
            "ticker": "KXHIGHDEN-25JAN08-B34.5",
            "count": 1,
            "created_time": "2025-01-08T17:09:11.18704Z",
            "yes_price": 1,
            "no_price": 99,
            "taker_side": "no"
        },
        {
            "trade_id": "716ddcfa-8aeb-4060-909d-375456213a89",
            "ticker": "KXHIGHDEN-25JAN08-B34.5",
            "count": 1,
            "created_time": "2025-01-08T17:04:00.194529Z",
            "yes_price": 2,
            "no_price": 98,
            "taker_side": "no"
        },
        {
            "trade_id": "ce5e57bb-b005-4b0c-b212-9678829114a1",
            "ticker": "KXHIGHDEN-25JAN08-B34.5",
            "count": 50,
            "created_time": "2025-01-08T16:33:06.646801Z",
            "yes_price": 3,
            "no_price": 97,
            "taker_side": "yes"
        },
        {
            "trade_id": "ad0f57b1-724c-4cfa-9248-4bafc09945dc",
            "ticker": "KXHIGHDEN-25JAN08-B34.5",
            "count": 14,
            "created_time": "2025-01-08T16:33:06.646801Z",
            "yes_price": 3,
            "no_price": 97,
            "taker_side": "yes"
        },
        {
            "trade_id": "a5143ae0-47ed-490f-bc7e-c2384bb532c8",
            "ticker": "KXHIGHDEN-25JAN08-B34.5",
            "count": 50,
            "created_time": "2025-01-08T16:33:06.646801Z",
            "yes_price": 4,
            "no_price": 96,
            "taker_side": "yes"
        },
        {
            "trade_id": "9038b6cc-a2b4-4688-abe6-47877891d2a6",
            "ticker": "KXHIGHDEN-25JAN08-B34.5",
            "count": 240,
            "created_time": "2025-01-08T16:33:06.646801Z",
            "yes_price": 5,
            "no_price": 95,
            "taker_side": "yes"
        },
        {
            "trade_id": "3990c345-6e11-44d5-ac65-c1bbb9040a30",
            "ticker": "KXHIGHDEN-25JAN08-B34.5",
            "count": 50,
            "created_time": "2025-01-08T16:33:06.646801Z",
            "yes_price": 6,
            "no_price": 94,
            "taker_side": "yes"
        },
        {
            "trade_id": "38f5aaf1-aac7-4686-983e-5ecea9ca2ee7",
            "ticker": "KXHIGHDEN-25JAN08-B34.5",
            "count": 111,
            "created_time": "2025-01-08T16:33:06.646801Z",
            "yes_price": 4,
            "no_price": 96,
            "taker_side": "yes"
        },
        {
            "trade_id": "b68eb8ab-af27-4436-be0d-e1696faa5805",
            "ticker": "KXHIGHDEN-25JAN08-B34.5",
            "count": 80,
            "created_time": "2025-01-08T16:04:39.14478Z",
            "yes_price": 5,
            "no_price": 95,
            "taker_side": "yes"
        },
        {
            "trade_id": "b037147d-fded-491b-9b96-b14a27b5d531",
            "ticker": "KXHIGHDEN-25JAN08-B34.5",
            "count": 4,
            "created_time": "2025-01-08T16:04:39.14478Z",
            "yes_price": 2,
            "no_price": 98,
            "taker_side": "yes"
        },
        {
            "trade_id": "f2691caf-3c44-4d0a-80b8-2160dd1674c4",
            "ticker": "KXHIGHDEN-25JAN08-B34.5",
            "count": 1,
            "created_time": "2025-01-08T15:44:50.949079Z",
            "yes_price": 3,
            "no_price": 97,
            "taker_side": "yes"
        },
        {
            "trade_id": "dd7f8704-88e5-48cb-9562-0d5d772b94d7",
            "ticker": "KXHIGHDEN-25JAN08-B34.5",
            "count": 6,
            "created_time": "2025-01-08T15:44:50.949079Z",
            "yes_price": 3,
            "no_price": 97,
            "taker_side": "yes"
        },
        {
            "trade_id": "cec81672-3bc0-4029-b289-4689629aa4d3",
            "ticker": "KXHIGHDEN-25JAN08-B34.5",
            "count": 215,
            "created_time": "2025-01-08T15:44:50.949079Z",
            "yes_price": 4,
            "no_price": 96,
            "taker_side": "yes"
        },
        {
            "trade_id": "ca778dd3-71eb-4943-902c-26675cd10f4a",
            "ticker": "KXHIGHDEN-25JAN08-B34.5",
            "count": 240,
            "created_time": "2025-01-08T15:44:50.949079Z",
            "yes_price": 5,
            "no_price": 95,
            "taker_side": "yes"
        },
        {
            "trade_id": "c95bbd27-733f-48c7-b86c-2d0038dd821c",
            "ticker": "KXHIGHDEN-25JAN08-B34.5",
            "count": 80,
            "created_time": "2025-01-08T15:44:50.949079Z",
            "yes_price": 4,
            "no_price": 96,
            "taker_side": "yes"
        },
        {
            "trade_id": "b9f635cb-2550-44f2-b475-f12dd8c0238f",
            "ticker": "KXHIGHDEN-25JAN08-B34.5",
            "count": 222,
            "created_time": "2025-01-08T15:44:50.949079Z",
            "yes_price": 4,
            "no_price": 96,
            "taker_side": "yes"
        },
        {
            "trade_id": "44a954bb-d972-4924-bc21-235518bc8462",
            "ticker": "KXHIGHDEN-25JAN08-B34.5",
            "count": 189,
            "created_time": "2025-01-08T15:44:50.949079Z",
            "yes_price": 6,
            "no_price": 94,
            "taker_side": "yes"
        },
        {
            "trade_id": "377e2ea4-d9c7-42bd-8342-0aecefc5e77c",
            "ticker": "KXHIGHDEN-25JAN08-B34.5",
            "count": 1,
            "created_time": "2025-01-08T15:44:50.949079Z",
            "yes_price": 5,
            "no_price": 95,
            "taker_side": "yes"
        },
        {
            "trade_id": "0e978543-31c9-4fb4-9217-8f828c1734f6",
            "ticker": "KXHIGHDEN-25JAN08-B34.5",
            "count": 50,
            "created_time": "2025-01-08T15:44:50.949079Z",
            "yes_price": 5,
            "no_price": 95,
            "taker_side": "yes"
        },
        {
            "trade_id": "b76863ea-1374-4a05-83c5-26e856e336cf",
            "ticker": "KXHIGHDEN-25JAN08-B34.5",
            "count": 90,
            "created_time": "2025-01-08T14:46:25.197898Z",
            "yes_price": 2,
            "no_price": 98,
            "taker_side": "no"
        },
        {
            "trade_id": "98ea3c80-99ec-48ae-98d8-c06f168548fd",
            "ticker": "KXHIGHDEN-25JAN08-B34.5",
            "count": 66,
            "created_time": "2025-01-08T14:37:19.631858Z",
            "yes_price": 2,
            "no_price": 98,
            "taker_side": "yes"
        },
        {
            "trade_id": "90d61fb2-4ffd-4e60-a5a3-ecd42d8da7be",
            "ticker": "KXHIGHDEN-25JAN08-B34.5",
            "count": 229,
            "created_time": "2025-01-08T14:37:19.631858Z",
            "yes_price": 4,
            "no_price": 96,
            "taker_side": "yes"
        },
        {
            "trade_id": "5180fd78-b786-4222-9480-2085bb68001b",
            "ticker": "KXHIGHDEN-25JAN08-B34.5",
            "count": 94,
            "created_time": "2025-01-08T14:37:19.631858Z",
            "yes_price": 3,
            "no_price": 97,
            "taker_side": "yes"
        },
        {
            "trade_id": "0a0ecb2a-e02e-4848-9741-4dcfa5fe8b6a",
            "ticker": "KXHIGHDEN-25JAN08-B34.5",
            "count": 1,
            "created_time": "2025-01-08T14:37:19.631858Z",
            "yes_price": 2,
            "no_price": 98,
            "taker_side": "yes"
        },
        {
            "trade_id": "c1b83478-1d43-49bd-8c9a-73b41cc90222",
            "ticker": "KXHIGHDEN-25JAN08-B34.5",
            "count": 112,
            "created_time": "2025-01-08T14:34:38.76647Z",
            "yes_price": 1,
            "no_price": 99,
            "taker_side": "no"
        },
        {
            "trade_id": "1a862cdf-6d01-47a9-a5e2-54fc9064df82",
            "ticker": "KXHIGHDEN-25JAN08-B34.5",
            "count": 156,
            "created_time": "2025-01-08T14:25:48.234782Z",
            "yes_price": 3,
            "no_price": 97,
            "taker_side": "yes"
        },
        {
            "trade_id": "6aea9d20-a305-493e-a0dc-f505a9bce632",
            "ticker": "KXHIGHDEN-25JAN08-B34.5",
            "count": 2,
            "created_time": "2025-01-08T14:21:47.168826Z",
            "yes_price": 2,
            "no_price": 98,
            "taker_side": "no"
        },
        {
            "trade_id": "8e448aaa-76f1-4a8c-81ad-ca232b02ded0",
            "ticker": "KXHIGHDEN-25JAN08-B34.5",
            "count": 2,
            "created_time": "2025-01-08T14:21:38.540379Z",
            "yes_price": 2,
            "no_price": 98,
            "taker_side": "no"
        },
        {
            "trade_id": "6a9ac68f-c7df-4945-a79c-13a39f8dfa3c",
            "ticker": "KXHIGHDEN-25JAN08-B34.5",
            "count": 3,
            "created_time": "2025-01-08T14:21:28.225091Z",
            "yes_price": 2,
            "no_price": 98,
            "taker_side": "no"
        },
        {
            "trade_id": "ac916a41-6c28-4494-b84c-28a266ce10c2",
            "ticker": "KXHIGHDEN-25JAN08-B34.5",
            "count": 5,
            "created_time": "2025-01-08T14:21:19.274941Z",
            "yes_price": 2,
            "no_price": 98,
            "taker_side": "no"
        },
        {
            "trade_id": "5fb5d02a-0083-479d-ba8f-f50bd48c6040",
            "ticker": "KXHIGHDEN-25JAN08-B34.5",
            "count": 6,
            "created_time": "2025-01-08T14:10:58.570674Z",
            "yes_price": 1,
            "no_price": 99,
            "taker_side": "no"
        },
        {
            "trade_id": "95381768-52a4-4f38-a0d1-58bdc10bf70c",
            "ticker": "KXHIGHDEN-25JAN08-B34.5",
            "count": 4,
            "created_time": "2025-01-08T14:10:58.514236Z",
            "yes_price": 1,
            "no_price": 99,
            "taker_side": "no"
        },
        {
            "trade_id": "8012317e-765c-4dc2-879f-bcc0a760cb70",
            "ticker": "KXHIGHDEN-25JAN08-B34.5",
            "count": 2,
            "created_time": "2025-01-08T14:10:57.932717Z",
            "yes_price": 1,
            "no_price": 99,
            "taker_side": "no"
        },
        {
            "trade_id": "cf18049f-00f2-4c01-b2da-c33b923b59bc",
            "ticker": "KXHIGHDEN-25JAN08-B34.5",
            "count": 10,
            "created_time": "2025-01-08T14:10:57.430744Z",
            "yes_price": 1,
            "no_price": 99,
            "taker_side": "no"
        },
        {
            "trade_id": "cf0c39b6-586c-4ff8-b412-b08afa664db4",
            "ticker": "KXHIGHDEN-25JAN08-B34.5",
            "count": 10,
            "created_time": "2025-01-08T14:10:56.906704Z",
            "yes_price": 1,
            "no_price": 99,
            "taker_side": "no"
        },
        {
            "trade_id": "b8f65da7-eb7c-4ca3-975e-865ea4016e63",
            "ticker": "KXHIGHDEN-25JAN08-B34.5",
            "count": 10,
            "created_time": "2025-01-08T14:10:56.411061Z",
            "yes_price": 1,
            "no_price": 99,
            "taker_side": "no"
        },
        {
            "trade_id": "f19c054d-1c0d-4abf-b2d7-1b8de8ef852c",
            "ticker": "KXHIGHDEN-25JAN08-B34.5",
            "count": 10,
            "created_time": "2025-01-08T14:10:55.946773Z",
            "yes_price": 1,
            "no_price": 99,
            "taker_side": "no"
        },
        {
            "trade_id": "8e18fabf-006a-4820-b17d-87a00c3d592a",
            "ticker": "KXHIGHDEN-25JAN08-B34.5",
            "count": 11,
            "created_time": "2025-01-08T14:10:39.721637Z",
            "yes_price": 1,
            "no_price": 99,
            "taker_side": "no"
        },
        {
            "trade_id": "dcd851a9-8fde-4092-9bb9-96c74818af34",
            "ticker": "KXHIGHDEN-25JAN08-B34.5",
            "count": 25,
            "created_time": "2025-01-08T13:55:31.50641Z",
            "yes_price": 2,
            "no_price": 98,
            "taker_side": "no"
        },
        {
            "trade_id": "e55771d4-3b98-4de8-987d-c9cd69b6472a",
            "ticker": "KXHIGHDEN-25JAN08-B34.5",
            "count": 100,
            "created_time": "2025-01-08T13:55:18.876755Z",
            "yes_price": 2,
            "no_price": 98,
            "taker_side": "no"
        },
        {
            "trade_id": "8ac54b45-49a9-471b-b3c1-122f24bf28e6",
            "ticker": "KXHIGHDEN-25JAN08-B34.5",
            "count": 6,
            "created_time": "2025-01-08T13:29:00.671428Z",
            "yes_price": 5,
            "no_price": 95,
            "taker_side": "yes"
        },
        {
            "trade_id": "302dee3c-0492-4725-9a1b-8f215b49c036",
            "ticker": "KXHIGHDEN-25JAN08-B34.5",
            "count": 170,
            "created_time": "2025-01-08T13:29:00.671428Z",
            "yes_price": 4,
            "no_price": 96,
            "taker_side": "yes"
        },
        {
            "trade_id": "15f2bb08-91cc-43a2-84d1-dd9cacf8b270",
            "ticker": "KXHIGHDEN-25JAN08-B34.5",
            "count": 8,
            "created_time": "2025-01-08T13:29:00.671428Z",
            "yes_price": 3,
            "no_price": 97,
            "taker_side": "yes"
        },
        {
            "trade_id": "04c75944-16e0-427d-af09-ccfa725484df",
            "ticker": "KXHIGHDEN-25JAN08-B34.5",
            "count": 50,
            "created_time": "2025-01-08T13:29:00.671428Z",
            "yes_price": 4,
            "no_price": 96,
            "taker_side": "yes"
        },
        {
            "trade_id": "e6aff310-b2f1-4655-b60d-df1b6d443075",
            "ticker": "KXHIGHDEN-25JAN08-B34.5",
            "count": 7,
            "created_time": "2025-01-08T13:27:28.356344Z",
            "yes_price": 1,
            "no_price": 99,
            "taker_side": "no"
        },
        {
            "trade_id": "ebebdc7f-ddab-41cc-8bab-20c885697b64",
            "ticker": "KXHIGHDEN-25JAN08-B34.5",
            "count": 10,
            "created_time": "2025-01-08T13:24:23.04025Z",
            "yes_price": 2,
            "no_price": 98,
            "taker_side": "no"
        },
        {
            "trade_id": "027ee170-a5e6-49b3-9b98-1116a3f7f703",
            "ticker": "KXHIGHDEN-25JAN08-B34.5",
            "count": 46,
            "created_time": "2025-01-08T13:13:41.124962Z",
            "yes_price": 4,
            "no_price": 96,
            "taker_side": "yes"
        },
        {
            "trade_id": "e21f4a7b-3f5d-458b-b0dc-6d8946ae7108",
            "ticker": "KXHIGHDEN-25JAN08-B34.5",
            "count": 84,
            "created_time": "2025-01-08T13:12:22.746827Z",
            "yes_price": 4,
            "no_price": 96,
            "taker_side": "yes"
        },
        {
            "trade_id": "70fb298f-b379-4a2f-a987-e4160cc1593d",
            "ticker": "KXHIGHDEN-25JAN08-B34.5",
            "count": 199,
            "created_time": "2025-01-08T13:12:22.746827Z",
            "yes_price": 3,
            "no_price": 97,
            "taker_side": "yes"
        },
        {
            "trade_id": "d46b65ec-0330-402e-a139-bc9a416e48cf",
            "ticker": "KXHIGHDEN-25JAN08-B34.5",
            "count": 15,
            "created_time": "2025-01-08T13:11:13.288034Z",
            "yes_price": 1,
            "no_price": 99,
            "taker_side": "no"
        },
        {
            "trade_id": "12e7da5e-c100-46cd-9253-f44209e2fcab",
            "ticker": "KXHIGHDEN-25JAN08-B34.5",
            "count": 10,
            "created_time": "2025-01-08T13:11:13.288034Z",
            "yes_price": 1,
            "no_price": 99,
            "taker_side": "no"
        },
        {
            "trade_id": "524f87d3-4f87-4646-8ff8-5c0b0cbb5455",
            "ticker": "KXHIGHDEN-25JAN08-B34.5",
            "count": 40,
            "created_time": "2025-01-08T13:00:39.071104Z",
            "yes_price": 1,
            "no_price": 99,
            "taker_side": "no"
        },
        {
            "trade_id": "4bee7c05-9ef2-4530-9928-bcc0150ee5af",
            "ticker": "KXHIGHDEN-25JAN08-B34.5",
            "count": 71,
            "created_time": "2025-01-08T04:48:31.992684Z",
            "yes_price": 5,
            "no_price": 95,
            "taker_side": "yes"
        },
        {
            "trade_id": "1c439a0d-43ee-4eb7-b252-2887d04fc892",
            "ticker": "KXHIGHDEN-25JAN08-B34.5",
            "count": 100,
            "created_time": "2025-01-08T04:48:31.992684Z",
            "yes_price": 3,
            "no_price": 97,
            "taker_side": "yes"
        },
        {
            "trade_id": "649eea4f-06a9-4ab0-a5da-d9d1b33a6e0f",
            "ticker": "KXHIGHDEN-25JAN08-B34.5",
            "count": 31,
            "created_time": "2025-01-08T00:07:21.675873Z",
            "yes_price": 6,
            "no_price": 94,
            "taker_side": "yes"
        },
        {
            "trade_id": "efe5e2ca-5c89-4875-9eea-9ec781bb25fc",
            "ticker": "KXHIGHDEN-25JAN08-B34.5",
            "count": 100,
            "created_time": "2025-01-07T22:32:13.950393Z",
            "yes_price": 5,
            "no_price": 95,
            "taker_side": "yes"
        },
        {
            "trade_id": "69619f23-9479-47c1-ab2b-136caf01aaca",
            "ticker": "KXHIGHDEN-25JAN08-B34.5",
            "count": 100,
            "created_time": "2025-01-07T22:32:13.950393Z",
            "yes_price": 5,
            "no_price": 95,
            "taker_side": "yes"
        },
        {
            "trade_id": "0bae9345-9fa0-4e81-bf46-73827954dbdf",
            "ticker": "KXHIGHDEN-25JAN08-B34.5",
            "count": 216,
            "created_time": "2025-01-07T22:32:13.950393Z",
            "yes_price": 5,
            "no_price": 95,
            "taker_side": "yes"
        },
        {
            "trade_id": "16bbf0e5-4bec-4c41-b897-602e3cd8c46e",
            "ticker": "KXHIGHDEN-25JAN08-B34.5",
            "count": 20,
            "created_time": "2025-01-07T21:03:40.114458Z",
            "yes_price": 3,
            "no_price": 97,
            "taker_side": "no"
        },
        {
            "trade_id": "a80b3a39-3985-4bfe-8f9e-68d6f8b15233",
            "ticker": "KXHIGHDEN-25JAN08-B34.5",
            "count": 1,
            "created_time": "2025-01-07T20:56:33.458131Z",
            "yes_price": 8,
            "no_price": 92,
            "taker_side": "yes"
        }
    ],
    "KXHIGHDEN-25JAN08-B36.5": [
        {
            "trade_id": "297ea7d7-cdf3-4c6e-9d30-633273034aea",
            "ticker": "KXHIGHDEN-25JAN08-B36.5",
            "count": 2500,
            "created_time": "2025-01-08T22:38:25.835843Z",
            "yes_price": 1,
            "no_price": 99,
            "taker_side": "yes"
        },
        {
            "trade_id": "af3c6277-aff0-4f13-bf8f-212c9cff3446",
            "ticker": "KXHIGHDEN-25JAN08-B36.5",
            "count": 219,
            "created_time": "2025-01-08T22:03:07.150062Z",
            "yes_price": 1,
            "no_price": 99,
            "taker_side": "yes"
        },
        {
            "trade_id": "6823b08f-816a-4993-9f3e-ee5d409e9e93",
            "ticker": "KXHIGHDEN-25JAN08-B36.5",
            "count": 93,
            "created_time": "2025-01-08T20:50:54.395297Z",
            "yes_price": 1,
            "no_price": 99,
            "taker_side": "yes"
        },
        {
            "trade_id": "eeb81086-e299-4759-af67-d5d290c39aa4",
            "ticker": "KXHIGHDEN-25JAN08-B36.5",
            "count": 8,
            "created_time": "2025-01-08T20:42:07.792936Z",
            "yes_price": 1,
            "no_price": 99,
            "taker_side": "no"
        },
        {
            "trade_id": "ea3015a5-c36a-4c84-8c4a-919380f85274",
            "ticker": "KXHIGHDEN-25JAN08-B36.5",
            "count": 40,
            "created_time": "2025-01-08T20:42:07.792936Z",
            "yes_price": 1,
            "no_price": 99,
            "taker_side": "no"
        },
        {
            "trade_id": "e55b51da-d01d-4450-b973-6aa51aeb99bf",
            "ticker": "KXHIGHDEN-25JAN08-B36.5",
            "count": 1205,
            "created_time": "2025-01-08T20:42:07.792936Z",
            "yes_price": 1,
            "no_price": 99,
            "taker_side": "no"
        },
        {
            "trade_id": "ab787255-26b9-496d-8405-1a9371c9319b",
            "ticker": "KXHIGHDEN-25JAN08-B36.5",
            "count": 753,
            "created_time": "2025-01-08T20:42:07.792936Z",
            "yes_price": 2,
            "no_price": 98,
            "taker_side": "no"
        },
        {
            "trade_id": "74bf8cd6-f890-47f7-a2de-2c8ea3956185",
            "ticker": "KXHIGHDEN-25JAN08-B36.5",
            "count": 874,
            "created_time": "2025-01-08T20:42:07.792936Z",
            "yes_price": 1,
            "no_price": 99,
            "taker_side": "no"
        },
        {
            "trade_id": "290e2d21-9de1-4e33-bc99-a9ed46c9961d",
            "ticker": "KXHIGHDEN-25JAN08-B36.5",
            "count": 23,
            "created_time": "2025-01-08T20:42:07.792936Z",
            "yes_price": 1,
            "no_price": 99,
            "taker_side": "no"
        },
        {
            "trade_id": "40c9c067-f6b6-4946-ab66-29475ca1faca",
            "ticker": "KXHIGHDEN-25JAN08-B36.5",
            "count": 1000,
            "created_time": "2025-01-08T20:42:07.717828Z",
            "yes_price": 2,
            "no_price": 98,
            "taker_side": "no"
        },
        {
            "trade_id": "2ef11c09-4208-4033-ad6d-48bd358732a3",
            "ticker": "KXHIGHDEN-25JAN08-B36.5",
            "count": 18,
            "created_time": "2025-01-08T20:42:05.765403Z",
            "yes_price": 2,
            "no_price": 98,
            "taker_side": "no"
        },
        {
            "trade_id": "76914cb1-9451-4909-b955-a6ac124bf80c",
            "ticker": "KXHIGHDEN-25JAN08-B36.5",
            "count": 191,
            "created_time": "2025-01-08T20:32:30.347106Z",
            "yes_price": 4,
            "no_price": 96,
            "taker_side": "yes"
        },
        {
            "trade_id": "5af37cc9-fe87-4b51-9300-a9d9bfc05e62",
            "ticker": "KXHIGHDEN-25JAN08-B36.5",
            "count": 202,
            "created_time": "2025-01-08T20:32:30.347106Z",
            "yes_price": 3,
            "no_price": 97,
            "taker_side": "yes"
        },
        {
            "trade_id": "c9cd0342-8d6c-440c-be86-42b44ea843fb",
            "ticker": "KXHIGHDEN-25JAN08-B36.5",
            "count": 40,
            "created_time": "2025-01-08T20:12:24.89739Z",
            "yes_price": 2,
            "no_price": 98,
            "taker_side": "no"
        },
        {
            "trade_id": "9e584397-8625-41b5-b7fe-e940e221a77f",
            "ticker": "KXHIGHDEN-25JAN08-B36.5",
            "count": 1000,
            "created_time": "2025-01-08T20:08:43.220078Z",
            "yes_price": 2,
            "no_price": 98,
            "taker_side": "no"
        },
        {
            "trade_id": "9944bf9e-6ab1-48ce-8e24-b7b5f4761db9",
            "ticker": "KXHIGHDEN-25JAN08-B36.5",
            "count": 771,
            "created_time": "2025-01-08T20:08:43.220078Z",
            "yes_price": 3,
            "no_price": 97,
            "taker_side": "no"
        },
        {
            "trade_id": "d4ac34fd-4513-44b9-83d9-96c8a3d4066b",
            "ticker": "KXHIGHDEN-25JAN08-B36.5",
            "count": 25,
            "created_time": "2025-01-08T20:06:42.845114Z",
            "yes_price": 3,
            "no_price": 97,
            "taker_side": "no"
        },
        {
            "trade_id": "69841aac-875c-4a77-afbc-c3c345073d72",
            "ticker": "KXHIGHDEN-25JAN08-B36.5",
            "count": 977,
            "created_time": "2025-01-08T20:03:24.103804Z",
            "yes_price": 4,
            "no_price": 96,
            "taker_side": "no"
        },
        {
            "trade_id": "b61bb456-127b-45c2-9e50-cc8cc042d29f",
            "ticker": "KXHIGHDEN-25JAN08-B36.5",
            "count": 23,
            "created_time": "2025-01-08T19:58:59.341899Z",
            "yes_price": 4,
            "no_price": 96,
            "taker_side": "no"
        },
        {
            "trade_id": "5c3b7610-9000-46d2-82ff-4769de795efb",
            "ticker": "KXHIGHDEN-25JAN08-B36.5",
            "count": 819,
            "created_time": "2025-01-08T19:54:50.588894Z",
            "yes_price": 2,
            "no_price": 98,
            "taker_side": "no"
        },
        {
            "trade_id": "fe66f56d-b46a-469b-a3af-dd17d4587e8d",
            "ticker": "KXHIGHDEN-25JAN08-B36.5",
            "count": 50,
            "created_time": "2025-01-08T19:31:49.256446Z",
            "yes_price": 8,
            "no_price": 92,
            "taker_side": "yes"
        },
        {
            "trade_id": "11dd114e-1186-4e39-8f82-e87afdf9d88c",
            "ticker": "KXHIGHDEN-25JAN08-B36.5",
            "count": 7,
            "created_time": "2025-01-08T19:31:49.256446Z",
            "yes_price": 9,
            "no_price": 91,
            "taker_side": "yes"
        },
        {
            "trade_id": "e9d4ce05-386d-4de0-b701-4e7b1c66a1a3",
            "ticker": "KXHIGHDEN-25JAN08-B36.5",
            "count": 204,
            "created_time": "2025-01-08T19:03:16.117066Z",
            "yes_price": 6,
            "no_price": 94,
            "taker_side": "yes"
        },
        {
            "trade_id": "48036fcc-2f81-449c-b67a-53d8ed9c2841",
            "ticker": "KXHIGHDEN-25JAN08-B36.5",
            "count": 100,
            "created_time": "2025-01-08T19:03:16.117066Z",
            "yes_price": 7,
            "no_price": 93,
            "taker_side": "yes"
        },
        {
            "trade_id": "0d1e199f-05e0-443b-9e63-0e62e8835f38",
            "ticker": "KXHIGHDEN-25JAN08-B36.5",
            "count": 100,
            "created_time": "2025-01-08T19:03:16.117066Z",
            "yes_price": 9,
            "no_price": 91,
            "taker_side": "yes"
        },
        {
            "trade_id": "c5e324e3-f150-4393-b7cc-3c984541e50a",
            "ticker": "KXHIGHDEN-25JAN08-B36.5",
            "count": 205,
            "created_time": "2025-01-08T19:01:37.665421Z",
            "yes_price": 5,
            "no_price": 95,
            "taker_side": "no"
        },
        {
            "trade_id": "4ce53732-7e13-4d47-90c9-c10c7c25097b",
            "ticker": "KXHIGHDEN-25JAN08-B36.5",
            "count": 1000,
            "created_time": "2025-01-08T19:01:37.665421Z",
            "yes_price": 4,
            "no_price": 96,
            "taker_side": "no"
        },
        {
            "trade_id": "ecbc0039-5ede-4e67-83dd-8dd6c24115ba",
            "ticker": "KXHIGHDEN-25JAN08-B36.5",
            "count": 104,
            "created_time": "2025-01-08T19:01:09.22387Z",
            "yes_price": 11,
            "no_price": 89,
            "taker_side": "yes"
        },
        {
            "trade_id": "b1000cc2-4ff8-4cc3-9b8b-ac2c3f6e92c8",
            "ticker": "KXHIGHDEN-25JAN08-B36.5",
            "count": 1,
            "created_time": "2025-01-08T19:01:09.22387Z",
            "yes_price": 11,
            "no_price": 89,
            "taker_side": "yes"
        },
        {
            "trade_id": "a40e14e2-f9ad-4ac6-9091-11f810f44b52",
            "ticker": "KXHIGHDEN-25JAN08-B36.5",
            "count": 55,
            "created_time": "2025-01-08T19:01:09.22387Z",
            "yes_price": 7,
            "no_price": 93,
            "taker_side": "yes"
        },
        {
            "trade_id": "78fa56f0-416b-4036-9931-8fe95303fb0c",
            "ticker": "KXHIGHDEN-25JAN08-B36.5",
            "count": 1,
            "created_time": "2025-01-08T19:01:09.22387Z",
            "yes_price": 11,
            "no_price": 89,
            "taker_side": "yes"
        },
        {
            "trade_id": "5c6528d4-db8a-4994-a703-485eb8643b23",
            "ticker": "KXHIGHDEN-25JAN08-B36.5",
            "count": 51,
            "created_time": "2025-01-08T19:01:09.22387Z",
            "yes_price": 6,
            "no_price": 94,
            "taker_side": "yes"
        },
        {
            "trade_id": "50d5f113-b125-4e38-af80-187106dd6df0",
            "ticker": "KXHIGHDEN-25JAN08-B36.5",
            "count": 150,
            "created_time": "2025-01-08T19:01:09.22387Z",
            "yes_price": 6,
            "no_price": 94,
            "taker_side": "yes"
        },
        {
            "trade_id": "072e62ca-b2b5-4055-99a9-71a36c08fa4d",
            "ticker": "KXHIGHDEN-25JAN08-B36.5",
            "count": 55,
            "created_time": "2025-01-08T19:01:09.22387Z",
            "yes_price": 9,
            "no_price": 91,
            "taker_side": "yes"
        },
        {
            "trade_id": "9c1373e8-b94b-4d0c-99f8-90b5896e5dbc",
            "ticker": "KXHIGHDEN-25JAN08-B36.5",
            "count": 3,
            "created_time": "2025-01-08T18:47:48.844911Z",
            "yes_price": 5,
            "no_price": 95,
            "taker_side": "no"
        },
        {
            "trade_id": "e1852f5d-48d2-48de-8d0b-b2b542e5ee0d",
            "ticker": "KXHIGHDEN-25JAN08-B36.5",
            "count": 52,
            "created_time": "2025-01-08T18:45:20.61047Z",
            "yes_price": 8,
            "no_price": 92,
            "taker_side": "yes"
        },
        {
            "trade_id": "b5647e44-9659-4fa2-bdd8-745bd28b6d54",
            "ticker": "KXHIGHDEN-25JAN08-B36.5",
            "count": 66,
            "created_time": "2025-01-08T18:45:20.61047Z",
            "yes_price": 8,
            "no_price": 92,
            "taker_side": "yes"
        },
        {
            "trade_id": "9875957b-c126-44d4-bb91-027fc58fc4c5",
            "ticker": "KXHIGHDEN-25JAN08-B36.5",
            "count": 1,
            "created_time": "2025-01-08T18:45:20.61047Z",
            "yes_price": 7,
            "no_price": 93,
            "taker_side": "yes"
        },
        {
            "trade_id": "2ac86723-9df9-4e7f-bb57-d8c5e8d39c2f",
            "ticker": "KXHIGHDEN-25JAN08-B36.5",
            "count": 39,
            "created_time": "2025-01-08T18:45:20.61047Z",
            "yes_price": 7,
            "no_price": 93,
            "taker_side": "yes"
        },
        {
            "trade_id": "804e345c-f0d6-4b2e-94c0-19d13d513db4",
            "ticker": "KXHIGHDEN-25JAN08-B36.5",
            "count": 1,
            "created_time": "2025-01-08T18:35:14.179099Z",
            "yes_price": 6,
            "no_price": 94,
            "taker_side": "no"
        },
        {
            "trade_id": "9647d5fb-1e43-4073-88d6-e94a6b62b80c",
            "ticker": "KXHIGHDEN-25JAN08-B36.5",
            "count": 8,
            "created_time": "2025-01-08T18:35:11.928398Z",
            "yes_price": 6,
            "no_price": 94,
            "taker_side": "no"
        },
        {
            "trade_id": "50d9c215-bdd2-48b4-a95e-f5033706774b",
            "ticker": "KXHIGHDEN-25JAN08-B36.5",
            "count": 3,
            "created_time": "2025-01-08T18:35:10.149936Z",
            "yes_price": 6,
            "no_price": 94,
            "taker_side": "no"
        },
        {
            "trade_id": "20b69df9-db4a-4fe5-a15c-c1661fbd6267",
            "ticker": "KXHIGHDEN-25JAN08-B36.5",
            "count": 10,
            "created_time": "2025-01-08T18:35:09.081367Z",
            "yes_price": 6,
            "no_price": 94,
            "taker_side": "no"
        },
        {
            "trade_id": "0eedce38-6327-4c43-8056-b1e770e6a902",
            "ticker": "KXHIGHDEN-25JAN08-B36.5",
            "count": 35,
            "created_time": "2025-01-08T18:35:06.264144Z",
            "yes_price": 6,
            "no_price": 94,
            "taker_side": "no"
        },
        {
            "trade_id": "480386a7-a8cd-447f-b1f6-befc7bf4d420",
            "ticker": "KXHIGHDEN-25JAN08-B36.5",
            "count": 35,
            "created_time": "2025-01-08T18:35:04.54892Z",
            "yes_price": 6,
            "no_price": 94,
            "taker_side": "no"
        },
        {
            "trade_id": "2cd59280-1126-493c-880d-65019a6e309c",
            "ticker": "KXHIGHDEN-25JAN08-B36.5",
            "count": 11,
            "created_time": "2025-01-08T18:32:49.650417Z",
            "yes_price": 5,
            "no_price": 95,
            "taker_side": "no"
        },
        {
            "trade_id": "b393f848-c32d-4354-8c6f-a61249b0613d",
            "ticker": "KXHIGHDEN-25JAN08-B36.5",
            "count": 10,
            "created_time": "2025-01-08T18:30:51.467897Z",
            "yes_price": 5,
            "no_price": 95,
            "taker_side": "no"
        },
        {
            "trade_id": "ce886799-a8f7-4ab5-ac74-d85dfe7138c6",
            "ticker": "KXHIGHDEN-25JAN08-B36.5",
            "count": 80,
            "created_time": "2025-01-08T18:27:42.167455Z",
            "yes_price": 7,
            "no_price": 93,
            "taker_side": "yes"
        },
        {
            "trade_id": "065afcfd-1736-4acd-877a-cf2b9cacff05",
            "ticker": "KXHIGHDEN-25JAN08-B36.5",
            "count": 4,
            "created_time": "2025-01-08T18:25:39.69813Z",
            "yes_price": 7,
            "no_price": 93,
            "taker_side": "yes"
        },
        {
            "trade_id": "92bd8dd9-8d8e-461c-ba74-d5cd3ff598a4",
            "ticker": "KXHIGHDEN-25JAN08-B36.5",
            "count": 13,
            "created_time": "2025-01-08T18:23:54.963357Z",
            "yes_price": 6,
            "no_price": 94,
            "taker_side": "yes"
        },
        {
            "trade_id": "ab39591d-a398-4c40-8a0c-1f9f8c1fc71f",
            "ticker": "KXHIGHDEN-25JAN08-B36.5",
            "count": 146,
            "created_time": "2025-01-08T18:22:03.912839Z",
            "yes_price": 6,
            "no_price": 94,
            "taker_side": "no"
        },
        {
            "trade_id": "a43296fe-eba4-4669-a484-0bba3d9be323",
            "ticker": "KXHIGHDEN-25JAN08-B36.5",
            "count": 100,
            "created_time": "2025-01-08T18:22:03.912839Z",
            "yes_price": 6,
            "no_price": 94,
            "taker_side": "no"
        },
        {
            "trade_id": "56521fc4-6369-43c3-947d-2efc8dab864b",
            "ticker": "KXHIGHDEN-25JAN08-B36.5",
            "count": 693,
            "created_time": "2025-01-08T18:22:03.912839Z",
            "yes_price": 5,
            "no_price": 95,
            "taker_side": "no"
        },
        {
            "trade_id": "4a6c7825-99d9-4bf1-81be-f7bdb9c28933",
            "ticker": "KXHIGHDEN-25JAN08-B36.5",
            "count": 264,
            "created_time": "2025-01-08T18:10:17.302852Z",
            "yes_price": 6,
            "no_price": 94,
            "taker_side": "no"
        },
        {
            "trade_id": "e1637bec-6c61-4024-b6c4-cde86321e37b",
            "ticker": "KXHIGHDEN-25JAN08-B36.5",
            "count": 3,
            "created_time": "2025-01-08T18:06:16.44714Z",
            "yes_price": 5,
            "no_price": 95,
            "taker_side": "no"
        },
        {
            "trade_id": "67e180e4-1415-476b-bdb8-45f3ecd9f7f8",
            "ticker": "KXHIGHDEN-25JAN08-B36.5",
            "count": 208,
            "created_time": "2025-01-08T18:06:16.44714Z",
            "yes_price": 6,
            "no_price": 94,
            "taker_side": "no"
        },
        {
            "trade_id": "a8dc6e7e-03a5-4206-8253-66f17cebc5c0",
            "ticker": "KXHIGHDEN-25JAN08-B36.5",
            "count": 100,
            "created_time": "2025-01-08T18:06:06.811667Z",
            "yes_price": 11,
            "no_price": 89,
            "taker_side": "yes"
        },
        {
            "trade_id": "1815b6ab-0338-4ebe-8542-a72bcb6e999f",
            "ticker": "KXHIGHDEN-25JAN08-B36.5",
            "count": 1,
            "created_time": "2025-01-08T18:06:06.811667Z",
            "yes_price": 11,
            "no_price": 89,
            "taker_side": "yes"
        },
        {
            "trade_id": "e5abaf88-ed75-4076-b3dd-3379e1391eaa",
            "ticker": "KXHIGHDEN-25JAN08-B36.5",
            "count": 31,
            "created_time": "2025-01-08T18:06:06.305652Z",
            "yes_price": 7,
            "no_price": 93,
            "taker_side": "no"
        },
        {
            "trade_id": "98c0626e-4a39-4a77-9d90-fcd0bb0f535a",
            "ticker": "KXHIGHDEN-25JAN08-B36.5",
            "count": 78,
            "created_time": "2025-01-08T18:06:06.305652Z",
            "yes_price": 8,
            "no_price": 92,
            "taker_side": "no"
        },
        {
            "trade_id": "87e4c2cd-639e-4cec-a57c-9b42c764d3ab",
            "ticker": "KXHIGHDEN-25JAN08-B36.5",
            "count": 10,
            "created_time": "2025-01-08T18:06:06.305652Z",
            "yes_price": 5,
            "no_price": 95,
            "taker_side": "no"
        },
        {
            "trade_id": "291ee371-53d1-4228-b729-55f874e0501a",
            "ticker": "KXHIGHDEN-25JAN08-B36.5",
            "count": 200,
            "created_time": "2025-01-08T18:06:06.305652Z",
            "yes_price": 6,
            "no_price": 94,
            "taker_side": "no"
        },
        {
            "trade_id": "8a4fd02b-5f6b-49a8-9fd4-e04675e626db",
            "ticker": "KXHIGHDEN-25JAN08-B36.5",
            "count": 111,
            "created_time": "2025-01-08T18:06:05.527687Z",
            "yes_price": 10,
            "no_price": 90,
            "taker_side": "yes"
        },
        {
            "trade_id": "a22deda9-34bf-413d-8277-19e00e468334",
            "ticker": "KXHIGHDEN-25JAN08-B36.5",
            "count": 100,
            "created_time": "2025-01-08T17:54:35.748601Z",
            "yes_price": 12,
            "no_price": 88,
            "taker_side": "no"
        },
        {
            "trade_id": "8d4f99a9-fc21-4f86-a364-777e30bdb8da",
            "ticker": "KXHIGHDEN-25JAN08-B36.5",
            "count": 100,
            "created_time": "2025-01-08T17:49:01.634314Z",
            "yes_price": 12,
            "no_price": 88,
            "taker_side": "yes"
        },
        {
            "trade_id": "82754325-39b5-4385-b5e0-518c3572689c",
            "ticker": "KXHIGHDEN-25JAN08-B36.5",
            "count": 100,
            "created_time": "2025-01-08T17:48:31.183961Z",
            "yes_price": 12,
            "no_price": 88,
            "taker_side": "yes"
        },
        {
            "trade_id": "f246220b-2625-4c7e-a2ef-d6738a2d0507",
            "ticker": "KXHIGHDEN-25JAN08-B36.5",
            "count": 11,
            "created_time": "2025-01-08T17:45:57.061339Z",
            "yes_price": 10,
            "no_price": 90,
            "taker_side": "yes"
        },
        {
            "trade_id": "e6a5e362-ff6b-4124-92fb-72762858096d",
            "ticker": "KXHIGHDEN-25JAN08-B36.5",
            "count": 76,
            "created_time": "2025-01-08T17:45:57.061339Z",
            "yes_price": 11,
            "no_price": 89,
            "taker_side": "yes"
        },
        {
            "trade_id": "cfc4ae70-4297-45b9-ad14-206130ccf002",
            "ticker": "KXHIGHDEN-25JAN08-B36.5",
            "count": 1,
            "created_time": "2025-01-08T17:45:57.061339Z",
            "yes_price": 11,
            "no_price": 89,
            "taker_side": "yes"
        },
        {
            "trade_id": "adb84ddf-3482-4815-af0e-3f285b69882d",
            "ticker": "KXHIGHDEN-25JAN08-B36.5",
            "count": 1,
            "created_time": "2025-01-08T17:45:57.061339Z",
            "yes_price": 11,
            "no_price": 89,
            "taker_side": "yes"
        },
        {
            "trade_id": "ad86ac54-2533-4e93-a8a0-a8321636240f",
            "ticker": "KXHIGHDEN-25JAN08-B36.5",
            "count": 500,
            "created_time": "2025-01-08T17:45:57.061339Z",
            "yes_price": 11,
            "no_price": 89,
            "taker_side": "yes"
        },
        {
            "trade_id": "7fd14a46-602f-4487-be25-3aa7c36c0648",
            "ticker": "KXHIGHDEN-25JAN08-B36.5",
            "count": 111,
            "created_time": "2025-01-08T17:45:57.061339Z",
            "yes_price": 10,
            "no_price": 90,
            "taker_side": "yes"
        },
        {
            "trade_id": "7207752b-1d19-4254-bc8d-1b9f262b68b6",
            "ticker": "KXHIGHDEN-25JAN08-B36.5",
            "count": 500,
            "created_time": "2025-01-08T17:45:57.061339Z",
            "yes_price": 10,
            "no_price": 90,
            "taker_side": "yes"
        },
        {
            "trade_id": "20a1914b-2fe8-49aa-971b-8b185c8320d3",
            "ticker": "KXHIGHDEN-25JAN08-B36.5",
            "count": 112,
            "created_time": "2025-01-08T17:45:57.061339Z",
            "yes_price": 11,
            "no_price": 89,
            "taker_side": "yes"
        },
        {
            "trade_id": "d0116376-089d-40c1-b7f1-0354a7f11308",
            "ticker": "KXHIGHDEN-25JAN08-B36.5",
            "count": 200,
            "created_time": "2025-01-08T17:42:39.109923Z",
            "yes_price": 8,
            "no_price": 92,
            "taker_side": "yes"
        },
        {
            "trade_id": "9ef7ef08-8a89-47c0-b422-528846ca21c4",
            "ticker": "KXHIGHDEN-25JAN08-B36.5",
            "count": 135,
            "created_time": "2025-01-08T17:42:39.109923Z",
            "yes_price": 8,
            "no_price": 92,
            "taker_side": "yes"
        },
        {
            "trade_id": "6d55f1ac-726e-4314-aefa-9796641e135d",
            "ticker": "KXHIGHDEN-25JAN08-B36.5",
            "count": 200,
            "created_time": "2025-01-08T17:42:39.109923Z",
            "yes_price": 7,
            "no_price": 93,
            "taker_side": "yes"
        },
        {
            "trade_id": "623c4831-e814-4c8b-a462-90263e332afd",
            "ticker": "KXHIGHDEN-25JAN08-B36.5",
            "count": 100,
            "created_time": "2025-01-08T17:42:39.109923Z",
            "yes_price": 6,
            "no_price": 94,
            "taker_side": "yes"
        },
        {
            "trade_id": "4f09d186-7ed2-466f-9cac-ea8476dc58e7",
            "ticker": "KXHIGHDEN-25JAN08-B36.5",
            "count": 500,
            "created_time": "2025-01-08T17:42:39.109923Z",
            "yes_price": 9,
            "no_price": 91,
            "taker_side": "yes"
        },
        {
            "trade_id": "42145d4e-2cd4-414e-8ff5-d9bfd3da3c56",
            "ticker": "KXHIGHDEN-25JAN08-B36.5",
            "count": 75,
            "created_time": "2025-01-08T17:42:39.109923Z",
            "yes_price": 8,
            "no_price": 92,
            "taker_side": "yes"
        },
        {
            "trade_id": "7fbb7f1e-078f-47c5-86ec-d9a3686ec3d1",
            "ticker": "KXHIGHDEN-25JAN08-B36.5",
            "count": 19,
            "created_time": "2025-01-08T17:40:36.77145Z",
            "yes_price": 5,
            "no_price": 95,
            "taker_side": "yes"
        },
        {
            "trade_id": "8f1ced59-9a2a-4822-8f8c-57ef4870ca86",
            "ticker": "KXHIGHDEN-25JAN08-B36.5",
            "count": 1,
            "created_time": "2025-01-08T17:08:43.790007Z",
            "yes_price": 4,
            "no_price": 96,
            "taker_side": "no"
        },
        {
            "trade_id": "de762397-0512-428d-8c3e-7dda1855d93e",
            "ticker": "KXHIGHDEN-25JAN08-B36.5",
            "count": 7,
            "created_time": "2025-01-08T16:50:46.756045Z",
            "yes_price": 3,
            "no_price": 97,
            "taker_side": "no"
        },
        {
            "trade_id": "5d361d1c-e4d0-4bd7-9607-91707040c159",
            "ticker": "KXHIGHDEN-25JAN08-B36.5",
            "count": 1,
            "created_time": "2025-01-08T16:50:46.756045Z",
            "yes_price": 3,
            "no_price": 97,
            "taker_side": "no"
        },
        {
            "trade_id": "bd1c3b11-9fea-4ea6-b9ee-db9b8d39a363",
            "ticker": "KXHIGHDEN-25JAN08-B36.5",
            "count": 141,
            "created_time": "2025-01-08T16:32:58.97508Z",
            "yes_price": 7,
            "no_price": 93,
            "taker_side": "yes"
        },
        {
            "trade_id": "1da8f136-608b-44c9-b4f7-3ad857dadba7",
            "ticker": "KXHIGHDEN-25JAN08-B36.5",
            "count": 107,
            "created_time": "2025-01-08T16:32:58.97508Z",
            "yes_price": 6,
            "no_price": 94,
            "taker_side": "yes"
        },
        {
            "trade_id": "0f3d26f2-c445-4b79-911e-30f8fdcc267b",
            "ticker": "KXHIGHDEN-25JAN08-B36.5",
            "count": 119,
            "created_time": "2025-01-08T16:32:58.97508Z",
            "yes_price": 6,
            "no_price": 94,
            "taker_side": "yes"
        },
        {
            "trade_id": "b91e0604-0c5e-4364-a32a-5e4f8db2bc12",
            "ticker": "KXHIGHDEN-25JAN08-B36.5",
            "count": 13,
            "created_time": "2025-01-08T16:14:35.792896Z",
            "yes_price": 5,
            "no_price": 95,
            "taker_side": "yes"
        },
        {
            "trade_id": "24324635-9f36-494e-929e-5322106de7f3",
            "ticker": "KXHIGHDEN-25JAN08-B36.5",
            "count": 4,
            "created_time": "2025-01-08T16:14:35.792896Z",
            "yes_price": 6,
            "no_price": 94,
            "taker_side": "yes"
        },
        {
            "trade_id": "25aab182-4537-4075-863a-c96cd2f22239",
            "ticker": "KXHIGHDEN-25JAN08-B36.5",
            "count": 111,
            "created_time": "2025-01-08T16:04:30.675804Z",
            "yes_price": 5,
            "no_price": 95,
            "taker_side": "yes"
        },
        {
            "trade_id": "b83b7234-1718-4150-8e5a-29708859be68",
            "ticker": "KXHIGHDEN-25JAN08-B36.5",
            "count": 11,
            "created_time": "2025-01-08T15:44:38.677573Z",
            "yes_price": 6,
            "no_price": 94,
            "taker_side": "yes"
        },
        {
            "trade_id": "922d37db-d654-4f8b-add8-9b1ab9e21afc",
            "ticker": "KXHIGHDEN-25JAN08-B36.5",
            "count": 33,
            "created_time": "2025-01-08T15:44:38.677573Z",
            "yes_price": 3,
            "no_price": 97,
            "taker_side": "yes"
        },
        {
            "trade_id": "87a54ad9-95df-47be-aef8-fde0eca302c6",
            "ticker": "KXHIGHDEN-25JAN08-B36.5",
            "count": 5,
            "created_time": "2025-01-08T15:44:38.677573Z",
            "yes_price": 2,
            "no_price": 98,
            "taker_side": "yes"
        },
        {
            "trade_id": "7b735772-9dce-4378-b42b-9c70343e5dd1",
            "ticker": "KXHIGHDEN-25JAN08-B36.5",
            "count": 206,
            "created_time": "2025-01-08T15:44:38.677573Z",
            "yes_price": 4,
            "no_price": 96,
            "taker_side": "yes"
        },
        {
            "trade_id": "6b05cf00-56b1-4297-91df-a7ca3eb1893b",
            "ticker": "KXHIGHDEN-25JAN08-B36.5",
            "count": 191,
            "created_time": "2025-01-08T15:44:38.677573Z",
            "yes_price": 7,
            "no_price": 93,
            "taker_side": "yes"
        },
        {
            "trade_id": "67f1cc15-73b0-4a0f-afc0-eb9ec439642b",
            "ticker": "KXHIGHDEN-25JAN08-B36.5",
            "count": 200,
            "created_time": "2025-01-08T15:44:38.677573Z",
            "yes_price": 6,
            "no_price": 94,
            "taker_side": "yes"
        },
        {
            "trade_id": "56919897-0cd6-4f1a-95ce-99267081e11e",
            "ticker": "KXHIGHDEN-25JAN08-B36.5",
            "count": 111,
            "created_time": "2025-01-08T15:44:38.677573Z",
            "yes_price": 4,
            "no_price": 96,
            "taker_side": "yes"
        },
        {
            "trade_id": "1cb640f6-4e7f-4571-a992-75c298d7379b",
            "ticker": "KXHIGHDEN-25JAN08-B36.5",
            "count": 40,
            "created_time": "2025-01-08T15:44:38.677573Z",
            "yes_price": 6,
            "no_price": 94,
            "taker_side": "yes"
        },
        {
            "trade_id": "0de0472a-98b4-447a-a2d4-55d4d8efaad4",
            "ticker": "KXHIGHDEN-25JAN08-B36.5",
            "count": 55,
            "created_time": "2025-01-08T15:44:38.677573Z",
            "yes_price": 6,
            "no_price": 94,
            "taker_side": "yes"
        },
        {
            "trade_id": "036dab2d-bc26-4d02-bc1f-bb20a44c5052",
            "ticker": "KXHIGHDEN-25JAN08-B36.5",
            "count": 33,
            "created_time": "2025-01-08T15:44:38.677573Z",
            "yes_price": 4,
            "no_price": 96,
            "taker_side": "yes"
        },
        {
            "trade_id": "7f9e57cf-46d7-40ee-af8d-1bd0ac5cfea7",
            "ticker": "KXHIGHDEN-25JAN08-B36.5",
            "count": 1,
            "created_time": "2025-01-08T15:44:05.811202Z",
            "yes_price": 2,
            "no_price": 98,
            "taker_side": "yes"
        },
        {
            "trade_id": "e57cff91-ddff-4914-a13f-9d02297380f8",
            "ticker": "KXHIGHDEN-25JAN08-B36.5",
            "count": 11,
            "created_time": "2025-01-08T14:34:56.258297Z",
            "yes_price": 1,
            "no_price": 99,
            "taker_side": "no"
        },
        {
            "trade_id": "d641101c-b6c0-4fbc-a68e-353bc72d98cd",
            "ticker": "KXHIGHDEN-25JAN08-B36.5",
            "count": 34,
            "created_time": "2025-01-08T14:27:21.29803Z",
            "yes_price": 6,
            "no_price": 94,
            "taker_side": "yes"
        },
        {
            "trade_id": "c97f2540-a3e6-44c7-a9ca-9bddc7c7d443",
            "ticker": "KXHIGHDEN-25JAN08-B36.5",
            "count": 160,
            "created_time": "2025-01-08T14:27:21.29803Z",
            "yes_price": 6,
            "no_price": 94,
            "taker_side": "yes"
        },
        {
            "trade_id": "ba48878f-c92a-4bb0-ab41-f47b47692fd2",
            "ticker": "KXHIGHDEN-25JAN08-B36.5",
            "count": 160,
            "created_time": "2025-01-08T14:27:21.29803Z",
            "yes_price": 8,
            "no_price": 92,
            "taker_side": "yes"
        },
        {
            "trade_id": "a1d31865-a149-46fc-adfe-615eeac0518c",
            "ticker": "KXHIGHDEN-25JAN08-B36.5",
            "count": 36,
            "created_time": "2025-01-08T14:27:21.29803Z",
            "yes_price": 5,
            "no_price": 95,
            "taker_side": "yes"
        },
        {
            "trade_id": "470b682e-89c4-4922-ad6c-e0a4a5f7cc1c",
            "ticker": "KXHIGHDEN-25JAN08-B36.5",
            "count": 160,
            "created_time": "2025-01-08T14:27:21.29803Z",
            "yes_price": 7,
            "no_price": 93,
            "taker_side": "yes"
        },
        {
            "trade_id": "3de837b7-bde4-45b8-b238-dec06fd7c8b0",
            "ticker": "KXHIGHDEN-25JAN08-B36.5",
            "count": 80,
            "created_time": "2025-01-08T14:27:21.29803Z",
            "yes_price": 7,
            "no_price": 93,
            "taker_side": "yes"
        },
        {
            "trade_id": "28bd4c02-8e1c-4cd2-bc07-871554833327",
            "ticker": "KXHIGHDEN-25JAN08-B36.5",
            "count": 80,
            "created_time": "2025-01-08T14:27:21.29803Z",
            "yes_price": 8,
            "no_price": 92,
            "taker_side": "yes"
        },
        {
            "trade_id": "2166e1f3-4ee5-48e4-93c3-bcdce9ac671a",
            "ticker": "KXHIGHDEN-25JAN08-B36.5",
            "count": 46,
            "created_time": "2025-01-08T14:27:21.29803Z",
            "yes_price": 6,
            "no_price": 94,
            "taker_side": "yes"
        },
        {
            "trade_id": "b65e05be-a765-4a0e-8920-bc3b259a7387",
            "ticker": "KXHIGHDEN-25JAN08-B36.5",
            "count": 152,
            "created_time": "2025-01-08T14:25:52.861808Z",
            "yes_price": 3,
            "no_price": 97,
            "taker_side": "yes"
        },
        {
            "trade_id": "0fb78fbc-3ea5-4b06-be11-3f06ed083027",
            "ticker": "KXHIGHDEN-25JAN08-B36.5",
            "count": 6,
            "created_time": "2025-01-08T14:25:52.861808Z",
            "yes_price": 2,
            "no_price": 98,
            "taker_side": "yes"
        },
        {
            "trade_id": "c14fe04d-b14a-4523-b1df-ee2f904e1cec",
            "ticker": "KXHIGHDEN-25JAN08-B36.5",
            "count": 4,
            "created_time": "2025-01-08T14:10:58.458416Z",
            "yes_price": 1,
            "no_price": 99,
            "taker_side": "no"
        },
        {
            "trade_id": "e3482f83-60a7-437e-a870-1319ba8d0737",
            "ticker": "KXHIGHDEN-25JAN08-B36.5",
            "count": 1,
            "created_time": "2025-01-08T14:10:57.947762Z",
            "yes_price": 2,
            "no_price": 98,
            "taker_side": "no"
        },
        {
            "trade_id": "c9d5c86b-4b10-465b-ac2a-f2b96784ccf9",
            "ticker": "KXHIGHDEN-25JAN08-B36.5",
            "count": 1,
            "created_time": "2025-01-08T14:10:57.947762Z",
            "yes_price": 2,
            "no_price": 98,
            "taker_side": "no"
        },
        {
            "trade_id": "f69a1bf6-b593-4312-a218-45486e7ff339",
            "ticker": "KXHIGHDEN-25JAN08-B36.5",
            "count": 10,
            "created_time": "2025-01-08T14:10:57.437035Z",
            "yes_price": 2,
            "no_price": 98,
            "taker_side": "no"
        },
        {
            "trade_id": "50c7d436-ff82-44e1-9afd-b7e4aa690281",
            "ticker": "KXHIGHDEN-25JAN08-B36.5",
            "count": 10,
            "created_time": "2025-01-08T14:10:56.929609Z",
            "yes_price": 2,
            "no_price": 98,
            "taker_side": "no"
        },
        {
            "trade_id": "a996266d-42a6-4a70-ad18-1cc1b92e2854",
            "ticker": "KXHIGHDEN-25JAN08-B36.5",
            "count": 10,
            "created_time": "2025-01-08T14:10:56.42489Z",
            "yes_price": 2,
            "no_price": 98,
            "taker_side": "no"
        },
        {
            "trade_id": "35e780e9-6205-4424-a4fb-7228e5061a3a",
            "ticker": "KXHIGHDEN-25JAN08-B36.5",
            "count": 1,
            "created_time": "2025-01-08T14:10:55.922391Z",
            "yes_price": 2,
            "no_price": 98,
            "taker_side": "no"
        },
        {
            "trade_id": "35c4b10f-e6c4-4976-8fe0-a9a15d394726",
            "ticker": "KXHIGHDEN-25JAN08-B36.5",
            "count": 9,
            "created_time": "2025-01-08T14:10:55.922391Z",
            "yes_price": 2,
            "no_price": 98,
            "taker_side": "no"
        },
        {
            "trade_id": "36a514fa-34a1-463b-be97-d10b440e6df5",
            "ticker": "KXHIGHDEN-25JAN08-B36.5",
            "count": 40,
            "created_time": "2025-01-08T14:02:06.449101Z",
            "yes_price": 2,
            "no_price": 98,
            "taker_side": "no"
        },
        {
            "trade_id": "5f67e1af-ff4f-490d-8fd3-cebd4c32e0a2",
            "ticker": "KXHIGHDEN-25JAN08-B36.5",
            "count": 1,
            "created_time": "2025-01-08T14:01:47.395168Z",
            "yes_price": 3,
            "no_price": 97,
            "taker_side": "no"
        },
        {
            "trade_id": "f9c47153-a05c-49f4-a9ee-a0cdea20c214",
            "ticker": "KXHIGHDEN-25JAN08-B36.5",
            "count": 1,
            "created_time": "2025-01-08T14:01:39.794432Z",
            "yes_price": 3,
            "no_price": 97,
            "taker_side": "no"
        },
        {
            "trade_id": "efa97809-2341-4c06-90b7-7516976050d3",
            "ticker": "KXHIGHDEN-25JAN08-B36.5",
            "count": 1,
            "created_time": "2025-01-08T14:01:31.141163Z",
            "yes_price": 3,
            "no_price": 97,
            "taker_side": "no"
        },
        {
            "trade_id": "a865e0f8-0b89-4bd2-ae81-d13c43607010",
            "ticker": "KXHIGHDEN-25JAN08-B36.5",
            "count": 1,
            "created_time": "2025-01-08T14:01:22.280368Z",
            "yes_price": 3,
            "no_price": 97,
            "taker_side": "no"
        },
        {
            "trade_id": "fab11b25-6307-4c67-b6de-aa77d01a5485",
            "ticker": "KXHIGHDEN-25JAN08-B36.5",
            "count": 1,
            "created_time": "2025-01-08T14:00:45.642659Z",
            "yes_price": 3,
            "no_price": 97,
            "taker_side": "no"
        },
        {
            "trade_id": "e93ba134-98e3-4bce-b469-80a05f1d44b6",
            "ticker": "KXHIGHDEN-25JAN08-B36.5",
            "count": 3,
            "created_time": "2025-01-08T14:00:07.360793Z",
            "yes_price": 3,
            "no_price": 97,
            "taker_side": "no"
        },
        {
            "trade_id": "7a1e866e-b157-4dfd-8f71-441d0ec5fbf5",
            "ticker": "KXHIGHDEN-25JAN08-B36.5",
            "count": 75,
            "created_time": "2025-01-08T13:55:25.77782Z",
            "yes_price": 3,
            "no_price": 97,
            "taker_side": "no"
        },
        {
            "trade_id": "0a0bef19-534a-4018-bc62-5da5ba8501e2",
            "ticker": "KXHIGHDEN-25JAN08-B36.5",
            "count": 67,
            "created_time": "2025-01-08T13:52:45.574833Z",
            "yes_price": 5,
            "no_price": 95,
            "taker_side": "yes"
        },
        {
            "trade_id": "dcaf188c-7ec8-420f-87de-944745ad28e8",
            "ticker": "KXHIGHDEN-25JAN08-B36.5",
            "count": 10,
            "created_time": "2025-01-08T13:34:22.438649Z",
            "yes_price": 3,
            "no_price": 97,
            "taker_side": "no"
        },
        {
            "trade_id": "e9483483-e629-486e-ba14-23d110d2d97d",
            "ticker": "KXHIGHDEN-25JAN08-B36.5",
            "count": 7,
            "created_time": "2025-01-08T13:28:36.938631Z",
            "yes_price": 5,
            "no_price": 95,
            "taker_side": "yes"
        },
        {
            "trade_id": "d46e3b54-e6be-4822-8c46-b3f664174a04",
            "ticker": "KXHIGHDEN-25JAN08-B36.5",
            "count": 126,
            "created_time": "2025-01-08T13:28:36.938631Z",
            "yes_price": 6,
            "no_price": 94,
            "taker_side": "yes"
        },
        {
            "trade_id": "91b0b21e-1679-4711-9dc4-c6f70155803c",
            "ticker": "KXHIGHDEN-25JAN08-B36.5",
            "count": 100,
            "created_time": "2025-01-08T13:28:36.938631Z",
            "yes_price": 6,
            "no_price": 94,
            "taker_side": "yes"
        },
        {
            "trade_id": "8375ff53-8c4c-42e5-9bca-e70cefc82141",
            "ticker": "KXHIGHDEN-25JAN08-B36.5",
            "count": 80,
            "created_time": "2025-01-08T13:28:36.938631Z",
            "yes_price": 6,
            "no_price": 94,
            "taker_side": "yes"
        },
        {
            "trade_id": "1a22344f-e284-4db4-b42e-6388353d777d",
            "ticker": "KXHIGHDEN-25JAN08-B36.5",
            "count": 7,
            "created_time": "2025-01-08T13:27:28.358729Z",
            "yes_price": 3,
            "no_price": 97,
            "taker_side": "no"
        },
        {
            "trade_id": "fadb1cff-8c38-49f6-9f36-f1b19f06bc3b",
            "ticker": "KXHIGHDEN-25JAN08-B36.5",
            "count": 233,
            "created_time": "2025-01-08T13:09:28.36278Z",
            "yes_price": 5,
            "no_price": 95,
            "taker_side": "no"
        },
        {
            "trade_id": "905832f0-d77b-4241-9f80-ed08f5972c08",
            "ticker": "KXHIGHDEN-25JAN08-B36.5",
            "count": 1,
            "created_time": "2025-01-08T13:08:11.291912Z",
            "yes_price": 5,
            "no_price": 95,
            "taker_side": "no"
        },
        {
            "trade_id": "774ea0e5-89f7-4bcf-b360-c05c4749b7d2",
            "ticker": "KXHIGHDEN-25JAN08-B36.5",
            "count": 1,
            "created_time": "2025-01-08T13:08:01.315239Z",
            "yes_price": 5,
            "no_price": 95,
            "taker_side": "no"
        },
        {
            "trade_id": "d6e2d382-c051-413a-a0d1-faa1ceaa1426",
            "ticker": "KXHIGHDEN-25JAN08-B36.5",
            "count": 1,
            "created_time": "2025-01-08T13:07:51.206945Z",
            "yes_price": 5,
            "no_price": 95,
            "taker_side": "no"
        },
        {
            "trade_id": "deea3205-614e-4f41-a247-14c601b866d1",
            "ticker": "KXHIGHDEN-25JAN08-B36.5",
            "count": 1,
            "created_time": "2025-01-08T13:07:41.326565Z",
            "yes_price": 5,
            "no_price": 95,
            "taker_side": "no"
        },
        {
            "trade_id": "35568cc3-bb57-40ce-8bfa-4e2e523e0505",
            "ticker": "KXHIGHDEN-25JAN08-B36.5",
            "count": 1,
            "created_time": "2025-01-08T13:07:31.645438Z",
            "yes_price": 5,
            "no_price": 95,
            "taker_side": "no"
        },
        {
            "trade_id": "aec399db-240a-4ce2-b3de-fbfff0f47b82",
            "ticker": "KXHIGHDEN-25JAN08-B36.5",
            "count": 1,
            "created_time": "2025-01-08T13:07:18.229831Z",
            "yes_price": 5,
            "no_price": 95,
            "taker_side": "no"
        },
        {
            "trade_id": "60d6cce3-f1c3-41eb-8cfb-dd42a5fb7d46",
            "ticker": "KXHIGHDEN-25JAN08-B36.5",
            "count": 300,
            "created_time": "2025-01-08T13:07:16.797623Z",
            "yes_price": 5,
            "no_price": 95,
            "taker_side": "no"
        },
        {
            "trade_id": "f02cc036-8044-4175-a9b6-65d1814be540",
            "ticker": "KXHIGHDEN-25JAN08-B36.5",
            "count": 2,
            "created_time": "2025-01-08T13:06:59.502841Z",
            "yes_price": 5,
            "no_price": 95,
            "taker_side": "no"
        },
        {
            "trade_id": "ddee937e-2289-4829-a3e0-1eceb64944c8",
            "ticker": "KXHIGHDEN-25JAN08-B36.5",
            "count": 20,
            "created_time": "2025-01-08T13:06:20.850885Z",
            "yes_price": 5,
            "no_price": 95,
            "taker_side": "no"
        },
        {
            "trade_id": "48ae30fd-f575-4721-acdf-d287cf505e3e",
            "ticker": "KXHIGHDEN-25JAN08-B36.5",
            "count": 5,
            "created_time": "2025-01-08T13:01:12.005078Z",
            "yes_price": 5,
            "no_price": 95,
            "taker_side": "no"
        },
        {
            "trade_id": "bd432bd6-bfd9-49cb-9e71-6c06ef4a6287",
            "ticker": "KXHIGHDEN-25JAN08-B36.5",
            "count": 10,
            "created_time": "2025-01-08T13:00:52.978417Z",
            "yes_price": 5,
            "no_price": 95,
            "taker_side": "no"
        },
        {
            "trade_id": "b8b42a07-b6e9-4e8c-8c6b-492b6c3833ed",
            "ticker": "KXHIGHDEN-25JAN08-B36.5",
            "count": 40,
            "created_time": "2025-01-08T13:00:39.236419Z",
            "yes_price": 5,
            "no_price": 95,
            "taker_side": "no"
        },
        {
            "trade_id": "6e12874f-27c8-4e1d-8f0a-153d31925a4a",
            "ticker": "KXHIGHDEN-25JAN08-B36.5",
            "count": 98,
            "created_time": "2025-01-08T07:53:43.680799Z",
            "yes_price": 6,
            "no_price": 94,
            "taker_side": "no"
        },
        {
            "trade_id": "35474ca2-7bed-4743-b7f0-94598cb8d9d8",
            "ticker": "KXHIGHDEN-25JAN08-B36.5",
            "count": 8,
            "created_time": "2025-01-08T07:53:43.680799Z",
            "yes_price": 7,
            "no_price": 93,
            "taker_side": "no"
        },
        {
            "trade_id": "9ba4db78-d5ff-4310-b4f5-805bc7a541e2",
            "ticker": "KXHIGHDEN-25JAN08-B36.5",
            "count": 34,
            "created_time": "2025-01-08T07:18:03.471894Z",
            "yes_price": 5,
            "no_price": 95,
            "taker_side": "no"
        },
        {
            "trade_id": "70168088-7c06-45e0-a621-02e4e4fdb64a",
            "ticker": "KXHIGHDEN-25JAN08-B36.5",
            "count": 22,
            "created_time": "2025-01-08T07:18:03.471894Z",
            "yes_price": 7,
            "no_price": 93,
            "taker_side": "no"
        },
        {
            "trade_id": "2e63f0c2-9fed-46f0-b54c-c2dbd630085b",
            "ticker": "KXHIGHDEN-25JAN08-B36.5",
            "count": 7,
            "created_time": "2025-01-08T07:18:03.471894Z",
            "yes_price": 5,
            "no_price": 95,
            "taker_side": "no"
        },
        {
            "trade_id": "6b32954e-c6f3-40e0-8cdb-d5cf7ca4980d",
            "ticker": "KXHIGHDEN-25JAN08-B36.5",
            "count": 10,
            "created_time": "2025-01-08T07:15:43.318987Z",
            "yes_price": 7,
            "no_price": 93,
            "taker_side": "no"
        },
        {
            "trade_id": "d0eda91b-5f8c-4a77-ac0f-fb6de941b997",
            "ticker": "KXHIGHDEN-25JAN08-B36.5",
            "count": 8,
            "created_time": "2025-01-08T07:15:21.290758Z",
            "yes_price": 7,
            "no_price": 93,
            "taker_side": "yes"
        },
        {
            "trade_id": "60402d18-2ab4-46f0-8b72-766fc1d3918a",
            "ticker": "KXHIGHDEN-25JAN08-B36.5",
            "count": 40,
            "created_time": "2025-01-08T07:10:18.640415Z",
            "yes_price": 7,
            "no_price": 93,
            "taker_side": "yes"
        },
        {
            "trade_id": "72a9bb7b-2d2c-45c7-be7d-990e642025fc",
            "ticker": "KXHIGHDEN-25JAN08-B36.5",
            "count": 18,
            "created_time": "2025-01-08T04:58:11.342497Z",
            "yes_price": 6,
            "no_price": 94,
            "taker_side": "yes"
        },
        {
            "trade_id": "41691dc8-20df-4ffb-974c-1163ba8e1181",
            "ticker": "KXHIGHDEN-25JAN08-B36.5",
            "count": 82,
            "created_time": "2025-01-08T04:58:11.342497Z",
            "yes_price": 6,
            "no_price": 94,
            "taker_side": "yes"
        },
        {
            "trade_id": "4f904ccd-ac69-49d6-b436-a7359a616888",
            "ticker": "KXHIGHDEN-25JAN08-B36.5",
            "count": 2,
            "created_time": "2025-01-08T04:48:46.97528Z",
            "yes_price": 5,
            "no_price": 95,
            "taker_side": "no"
        },
        {
            "trade_id": "68f44843-d20f-4d81-bbc2-f88fa72c68e1",
            "ticker": "KXHIGHDEN-25JAN08-B36.5",
            "count": 2,
            "created_time": "2025-01-08T04:14:48.500661Z",
            "yes_price": 5,
            "no_price": 95,
            "taker_side": "no"
        },
        {
            "trade_id": "3a70447a-9971-4ae0-a28e-24370e58e05a",
            "ticker": "KXHIGHDEN-25JAN08-B36.5",
            "count": 78,
            "created_time": "2025-01-08T04:11:47.727057Z",
            "yes_price": 6,
            "no_price": 94,
            "taker_side": "yes"
        },
        {
            "trade_id": "fe786bf9-9b60-481b-963c-7fe2a16c0f6c",
            "ticker": "KXHIGHDEN-25JAN08-B36.5",
            "count": 4,
            "created_time": "2025-01-08T04:10:56.031952Z",
            "yes_price": 6,
            "no_price": 94,
            "taker_side": "yes"
        },
        {
            "trade_id": "0f189c71-1b7b-49e1-8b89-83c320c4c74c",
            "ticker": "KXHIGHDEN-25JAN08-B36.5",
            "count": 2,
            "created_time": "2025-01-08T03:47:07.505934Z",
            "yes_price": 6,
            "no_price": 94,
            "taker_side": "yes"
        },
        {
            "trade_id": "b180fa97-4f35-43fd-8a8b-e416e7661bcf",
            "ticker": "KXHIGHDEN-25JAN08-B36.5",
            "count": 15,
            "created_time": "2025-01-08T03:42:36.181221Z",
            "yes_price": 5,
            "no_price": 95,
            "taker_side": "no"
        },
        {
            "trade_id": "39742048-3de0-457a-946b-4204e51b0dfe",
            "ticker": "KXHIGHDEN-25JAN08-B36.5",
            "count": 89,
            "created_time": "2025-01-08T03:42:36.181221Z",
            "yes_price": 5,
            "no_price": 95,
            "taker_side": "no"
        },
        {
            "trade_id": "63a4129f-4ee1-4647-bec5-adc3bdc39197",
            "ticker": "KXHIGHDEN-25JAN08-B36.5",
            "count": 95,
            "created_time": "2025-01-08T03:28:42.683982Z",
            "yes_price": 6,
            "no_price": 94,
            "taker_side": "no"
        },
        {
            "trade_id": "68952699-023d-49a6-91ee-b7efe76aaeaa",
            "ticker": "KXHIGHDEN-25JAN08-B36.5",
            "count": 2,
            "created_time": "2025-01-08T03:16:27.810397Z",
            "yes_price": 9,
            "no_price": 91,
            "taker_side": "yes"
        },
        {
            "trade_id": "1e9eec2d-c238-440b-a39c-c265931d6276",
            "ticker": "KXHIGHDEN-25JAN08-B36.5",
            "count": 100,
            "created_time": "2025-01-08T03:16:27.810397Z",
            "yes_price": 9,
            "no_price": 91,
            "taker_side": "yes"
        },
        {
            "trade_id": "018bad1a-94c9-41bc-8106-ab9925240074",
            "ticker": "KXHIGHDEN-25JAN08-B36.5",
            "count": 2,
            "created_time": "2025-01-08T03:16:27.810397Z",
            "yes_price": 8,
            "no_price": 92,
            "taker_side": "yes"
        },
        {
            "trade_id": "87384e8a-1939-4dce-b38a-f9b2d14987fa",
            "ticker": "KXHIGHDEN-25JAN08-B36.5",
            "count": 11,
            "created_time": "2025-01-08T03:14:49.783575Z",
            "yes_price": 8,
            "no_price": 92,
            "taker_side": "yes"
        },
        {
            "trade_id": "5ad9189e-a881-4b40-acec-a6e1ade34b04",
            "ticker": "KXHIGHDEN-25JAN08-B36.5",
            "count": 100,
            "created_time": "2025-01-08T03:14:49.783575Z",
            "yes_price": 8,
            "no_price": 92,
            "taker_side": "yes"
        },
        {
            "trade_id": "1dc3a297-40c1-4f5c-aa1b-98e7879599a8",
            "ticker": "KXHIGHDEN-25JAN08-B36.5",
            "count": 7,
            "created_time": "2025-01-08T03:14:49.783575Z",
            "yes_price": 7,
            "no_price": 93,
            "taker_side": "yes"
        },
        {
            "trade_id": "1c2c15d2-dd4c-4aec-bc2a-f8d64377aadf",
            "ticker": "KXHIGHDEN-25JAN08-B36.5",
            "count": 100,
            "created_time": "2025-01-08T00:31:26.202001Z",
            "yes_price": 10,
            "no_price": 90,
            "taker_side": "yes"
        },
        {
            "trade_id": "b441ddad-df32-4d83-a8de-efc495d8e717",
            "ticker": "KXHIGHDEN-25JAN08-B36.5",
            "count": 31,
            "created_time": "2025-01-08T00:07:13.734099Z",
            "yes_price": 12,
            "no_price": 88,
            "taker_side": "yes"
        },
        {
            "trade_id": "f068a639-7240-4ee2-bf5e-972e8ccdf7fb",
            "ticker": "KXHIGHDEN-25JAN08-B36.5",
            "count": 21,
            "created_time": "2025-01-07T23:55:57.786419Z",
            "yes_price": 8,
            "no_price": 92,
            "taker_side": "no"
        },
        {
            "trade_id": "900251ff-92ea-43f9-ae7b-b10327639b50",
            "ticker": "KXHIGHDEN-25JAN08-B36.5",
            "count": 240,
            "created_time": "2025-01-07T23:55:57.786419Z",
            "yes_price": 7,
            "no_price": 93,
            "taker_side": "no"
        },
        {
            "trade_id": "89d91b07-031a-453f-a4e1-43d537a4b02e",
            "ticker": "KXHIGHDEN-25JAN08-B36.5",
            "count": 40,
            "created_time": "2025-01-07T23:55:57.786419Z",
            "yes_price": 8,
            "no_price": 92,
            "taker_side": "no"
        },
        {
            "trade_id": "5caeb20e-60f1-4891-aa1f-b49345442b92",
            "ticker": "KXHIGHDEN-25JAN08-B36.5",
            "count": 179,
            "created_time": "2025-01-07T23:55:57.786419Z",
            "yes_price": 8,
            "no_price": 92,
            "taker_side": "no"
        },
        {
            "trade_id": "5c317c71-523b-444f-823b-fbf05611888a",
            "ticker": "KXHIGHDEN-25JAN08-B36.5",
            "count": 27,
            "created_time": "2025-01-07T23:55:57.786419Z",
            "yes_price": 1,
            "no_price": 99,
            "taker_side": "no"
        },
        {
            "trade_id": "5381d934-f757-4d91-bf29-fb5aabcb35d3",
            "ticker": "KXHIGHDEN-25JAN08-B36.5",
            "count": 240,
            "created_time": "2025-01-07T23:55:57.786419Z",
            "yes_price": 9,
            "no_price": 91,
            "taker_side": "no"
        },
        {
            "trade_id": "7f808bf3-ae82-4055-b8db-6c30fb5df4db",
            "ticker": "KXHIGHDEN-25JAN08-B36.5",
            "count": 21,
            "created_time": "2025-01-07T23:11:49.612985Z",
            "yes_price": 8,
            "no_price": 92,
            "taker_side": "no"
        },
        {
            "trade_id": "0447cb38-f5a2-415f-98cd-d62456f2d651",
            "ticker": "KXHIGHDEN-25JAN08-B36.5",
            "count": 4,
            "created_time": "2025-01-07T22:10:28.051126Z",
            "yes_price": 16,
            "no_price": 84,
            "taker_side": "no"
        },
        {
            "trade_id": "489d9cf1-65c4-41f9-aa35-31475ea80439",
            "ticker": "KXHIGHDEN-25JAN08-B36.5",
            "count": 4,
            "created_time": "2025-01-07T21:55:14.332157Z",
            "yes_price": 18,
            "no_price": 82,
            "taker_side": "no"
        },
        {
            "trade_id": "74a966b8-125e-4ceb-85cc-4cf609bd06f9",
            "ticker": "KXHIGHDEN-25JAN08-B36.5",
            "count": 15,
            "created_time": "2025-01-07T21:50:26.159041Z",
            "yes_price": 19,
            "no_price": 81,
            "taker_side": "no"
        },
        {
            "trade_id": "cc7a1391-90fc-41f8-b08f-7a78fec9822f",
            "ticker": "KXHIGHDEN-25JAN08-B36.5",
            "count": 7,
            "created_time": "2025-01-07T21:17:56.694219Z",
            "yes_price": 28,
            "no_price": 72,
            "taker_side": "yes"
        },
        {
            "trade_id": "afaa3bd5-6936-490d-a991-4c8b69832307",
            "ticker": "KXHIGHDEN-25JAN08-B36.5",
            "count": 100,
            "created_time": "2025-01-07T21:13:50.377699Z",
            "yes_price": 26,
            "no_price": 74,
            "taker_side": "yes"
        },
        {
            "trade_id": "8b260980-df03-485b-82f0-b4ee49db831f",
            "ticker": "KXHIGHDEN-25JAN08-B36.5",
            "count": 40,
            "created_time": "2025-01-07T21:13:50.377699Z",
            "yes_price": 27,
            "no_price": 73,
            "taker_side": "yes"
        },
        {
            "trade_id": "26a5cfc4-e1f0-4608-980e-a420436531d4",
            "ticker": "KXHIGHDEN-25JAN08-B36.5",
            "count": 200,
            "created_time": "2025-01-07T21:13:50.377699Z",
            "yes_price": 25,
            "no_price": 75,
            "taker_side": "yes"
        },
        {
            "trade_id": "d47abb6f-a52f-4e15-92c2-924fcf85fcbe",
            "ticker": "KXHIGHDEN-25JAN08-B36.5",
            "count": 100,
            "created_time": "2025-01-07T21:07:26.940356Z",
            "yes_price": 25,
            "no_price": 75,
            "taker_side": "yes"
        },
        {
            "trade_id": "84da41fb-d242-4cd7-b221-c980a49ebe5b",
            "ticker": "KXHIGHDEN-25JAN08-B36.5",
            "count": 100,
            "created_time": "2025-01-07T21:07:26.940356Z",
            "yes_price": 24,
            "no_price": 76,
            "taker_side": "yes"
        },
        {
            "trade_id": "630c6aeb-456a-4fe0-a155-331a2b52cf6e",
            "ticker": "KXHIGHDEN-25JAN08-B36.5",
            "count": 96,
            "created_time": "2025-01-07T21:07:26.940356Z",
            "yes_price": 23,
            "no_price": 77,
            "taker_side": "yes"
        },
        {
            "trade_id": "518531bb-302e-45ea-9b97-0ecc915fac1b",
            "ticker": "KXHIGHDEN-25JAN08-B36.5",
            "count": 100,
            "created_time": "2025-01-07T21:07:26.940356Z",
            "yes_price": 25,
            "no_price": 75,
            "taker_side": "yes"
        },
        {
            "trade_id": "009db340-2c10-4519-9adc-d2383b8c49f0",
            "ticker": "KXHIGHDEN-25JAN08-B36.5",
            "count": 4,
            "created_time": "2025-01-07T21:07:26.940356Z",
            "yes_price": 23,
            "no_price": 77,
            "taker_side": "yes"
        },
        {
            "trade_id": "8fb9e8f2-8a11-41db-ad4e-f3740c820436",
            "ticker": "KXHIGHDEN-25JAN08-B36.5",
            "count": 4,
            "created_time": "2025-01-07T20:57:46.349123Z",
            "yes_price": 23,
            "no_price": 77,
            "taker_side": "yes"
        },
        {
            "trade_id": "385027a1-f1bd-4d6b-bab2-fd05b63ae2a0",
            "ticker": "KXHIGHDEN-25JAN08-B36.5",
            "count": 99,
            "created_time": "2025-01-07T20:14:08.723508Z",
            "yes_price": 19,
            "no_price": 81,
            "taker_side": "yes"
        },
        {
            "trade_id": "a599520b-9bc0-4994-9b79-732f3cdfed4c",
            "ticker": "KXHIGHDEN-25JAN08-B36.5",
            "count": 100,
            "created_time": "2025-01-07T20:07:02.439607Z",
            "yes_price": 18,
            "no_price": 82,
            "taker_side": "no"
        },
        {
            "trade_id": "a54bb6c0-a446-4e1a-aad8-ceec8eafd967",
            "ticker": "KXHIGHDEN-25JAN08-B36.5",
            "count": 100,
            "created_time": "2025-01-07T20:07:02.301879Z",
            "yes_price": 18,
            "no_price": 82,
            "taker_side": "no"
        },
        {
            "trade_id": "d6d30c23-266a-4526-b1f1-75f119c162db",
            "ticker": "KXHIGHDEN-25JAN08-B36.5",
            "count": 8,
            "created_time": "2025-01-07T19:46:38.449625Z",
            "yes_price": 22,
            "no_price": 78,
            "taker_side": "yes"
        },
        {
            "trade_id": "b7a64cf8-0013-403b-ad03-40e6d35797ec",
            "ticker": "KXHIGHDEN-25JAN08-B36.5",
            "count": 24,
            "created_time": "2025-01-07T19:14:31.337878Z",
            "yes_price": 19,
            "no_price": 81,
            "taker_side": "no"
        },
        {
            "trade_id": "f653100a-f3a0-4037-85ad-067bb66dcbd3",
            "ticker": "KXHIGHDEN-25JAN08-B36.5",
            "count": 100,
            "created_time": "2025-01-07T19:10:34.971629Z",
            "yes_price": 21,
            "no_price": 79,
            "taker_side": "yes"
        },
        {
            "trade_id": "bdeee5b2-2cc8-47fc-a02f-ef1a85068deb",
            "ticker": "KXHIGHDEN-25JAN08-B36.5",
            "count": 100,
            "created_time": "2025-01-07T19:10:34.971629Z",
            "yes_price": 20,
            "no_price": 80,
            "taker_side": "yes"
        },
        {
            "trade_id": "41aafdfc-94ac-4fcf-b90a-0b247f6ce6dd",
            "ticker": "KXHIGHDEN-25JAN08-B36.5",
            "count": 100,
            "created_time": "2025-01-07T19:10:34.971629Z",
            "yes_price": 22,
            "no_price": 78,
            "taker_side": "yes"
        },
        {
            "trade_id": "2409892d-30f0-4925-8dc3-985358d01d4d",
            "ticker": "KXHIGHDEN-25JAN08-B36.5",
            "count": 100,
            "created_time": "2025-01-07T19:10:34.971629Z",
            "yes_price": 20,
            "no_price": 80,
            "taker_side": "yes"
        },
        {
            "trade_id": "00907049-46fc-48ea-9da2-51427579ee1a",
            "ticker": "KXHIGHDEN-25JAN08-B36.5",
            "count": 100,
            "created_time": "2025-01-07T19:10:34.971629Z",
            "yes_price": 21,
            "no_price": 79,
            "taker_side": "yes"
        },
        {
            "trade_id": "451f5c49-5894-4ce0-b0f7-cdd5011aa03a",
            "ticker": "KXHIGHDEN-25JAN08-B36.5",
            "count": 6,
            "created_time": "2025-01-07T15:24:44.766142Z",
            "yes_price": 18,
            "no_price": 82,
            "taker_side": "no"
        }
    ],
    "KXHIGHDEN-25JAN08-B38.5": [
        {
            "trade_id": "1d265b16-2168-44df-8e33-20bb57ccf24c",
            "ticker": "KXHIGHDEN-25JAN08-B38.5",
            "count": 26,
            "created_time": "2025-01-09T00:45:47.534095Z",
            "yes_price": 1,
            "no_price": 99,
            "taker_side": "yes"
        },
        {
            "trade_id": "74d58ef5-d890-43f1-8d72-596ae85e3bf0",
            "ticker": "KXHIGHDEN-25JAN08-B38.5",
            "count": 141,
            "created_time": "2025-01-08T23:47:14.044938Z",
            "yes_price": 1,
            "no_price": 99,
            "taker_side": "yes"
        },
        {
            "trade_id": "4e4a38ee-ecae-4f6b-95e5-eddfade8767d",
            "ticker": "KXHIGHDEN-25JAN08-B38.5",
            "count": 16,
            "created_time": "2025-01-08T23:40:18.351988Z",
            "yes_price": 1,
            "no_price": 99,
            "taker_side": "yes"
        },
        {
            "trade_id": "dbbe5020-3992-4a17-bc77-5b1d3b694df4",
            "ticker": "KXHIGHDEN-25JAN08-B38.5",
            "count": 20,
            "created_time": "2025-01-08T23:35:12.902737Z",
            "yes_price": 1,
            "no_price": 99,
            "taker_side": "yes"
        },
        {
            "trade_id": "ca4eb39c-9383-4b88-a4c7-326864c4432c",
            "ticker": "KXHIGHDEN-25JAN08-B38.5",
            "count": 10,
            "created_time": "2025-01-08T23:34:01.243556Z",
            "yes_price": 1,
            "no_price": 99,
            "taker_side": "yes"
        },
        {
            "trade_id": "5bd547c0-3ee0-477b-b142-b3f1736fde9b",
            "ticker": "KXHIGHDEN-25JAN08-B38.5",
            "count": 100,
            "created_time": "2025-01-08T23:32:22.244338Z",
            "yes_price": 1,
            "no_price": 99,
            "taker_side": "yes"
        },
        {
            "trade_id": "df8794b4-d7ed-41f2-9c75-4db2c1d4a844",
            "ticker": "KXHIGHDEN-25JAN08-B38.5",
            "count": 26,
            "created_time": "2025-01-08T23:30:13.799277Z",
            "yes_price": 1,
            "no_price": 99,
            "taker_side": "yes"
        },
        {
            "trade_id": "124b56c2-28e2-468c-bf1a-ca66b33d6934",
            "ticker": "KXHIGHDEN-25JAN08-B38.5",
            "count": 40,
            "created_time": "2025-01-08T23:25:22.243913Z",
            "yes_price": 1,
            "no_price": 99,
            "taker_side": "yes"
        },
        {
            "trade_id": "168b666e-f749-4ba4-a91c-e95e004361c3",
            "ticker": "KXHIGHDEN-25JAN08-B38.5",
            "count": 13,
            "created_time": "2025-01-08T23:25:21.220247Z",
            "yes_price": 1,
            "no_price": 99,
            "taker_side": "yes"
        },
        {
            "trade_id": "7ae5065a-d321-4cd1-aa86-4997d8442222",
            "ticker": "KXHIGHDEN-25JAN08-B38.5",
            "count": 4064,
            "created_time": "2025-01-08T23:23:19.549693Z",
            "yes_price": 1,
            "no_price": 99,
            "taker_side": "yes"
        },
        {
            "trade_id": "60f45587-b66b-4eba-b6e0-889a5ba09d73",
            "ticker": "KXHIGHDEN-25JAN08-B38.5",
            "count": 100,
