{
    "KXHIGHDEN-25MAR12-T62": [
        {
            "trade_id": "2acb0a59-4e3d-4eae-88ea-955e7386e148",
            "ticker": "KXHIGHDEN-25MAR12-T62",
            "count": 4,
            "created_time": "2025-03-12T03:17:06.933915Z",
            "yes_price": 2,
            "no_price": 98,
            "taker_side": "no"
        },
        {
            "trade_id": "8630a7d9-fb11-4634-a1f1-ff7c31dd0124",
            "ticker": "KXHIGHDEN-25MAR12-T62",
            "count": 200,
            "created_time": "2025-03-12T03:06:37.759354Z",
            "yes_price": 3,
            "no_price": 97,
            "taker_side": "no"
        },
        {
            "trade_id": "62f61802-fe9c-428c-9f8b-1cb82900f561",
            "ticker": "KXHIGHDEN-25MAR12-T62",
            "count": 15,
            "created_time": "2025-03-12T03:06:37.759354Z",
            "yes_price": 2,
            "no_price": 98,
            "taker_side": "no"
        },
        {
            "trade_id": "ef3e5d34-b51f-49a1-b37d-433e6e5ba45d",
            "ticker": "KXHIGHDEN-25MAR12-T62",
            "count": 20,
            "created_time": "2025-03-12T02:20:31.000413Z",
            "yes_price": 2,
            "no_price": 98,
            "taker_side": "no"
        },
        {
            "trade_id": "062f21c8-5c6b-4a97-8e9d-8539a4542c9c",
            "ticker": "KXHIGHDEN-25MAR12-T62",
            "count": 30,
            "created_time": "2025-03-12T02:12:53.05352Z",
            "yes_price": 2,
            "no_price": 98,
            "taker_side": "no"
        },
        {
            "trade_id": "6c7ed4e0-c3a4-4627-a166-1e4665630586",
            "ticker": "KXHIGHDEN-25MAR12-T62",
            "count": 1,
            "created_time": "2025-03-12T02:10:50.58897Z",
            "yes_price": 2,
            "no_price": 98,
            "taker_side": "no"
        },
        {
            "trade_id": "c59c1861-c20a-4cd5-9531-7cc7903dbf3c",
            "ticker": "KXHIGHDEN-25MAR12-T62",
            "count": 66,
            "created_time": "2025-03-12T02:10:35.999553Z",
            "yes_price": 3,
            "no_price": 97,
            "taker_side": "no"
        },
        {
            "trade_id": "6bc86ce7-4b53-459f-bd24-264e78fd7ff3",
            "ticker": "KXHIGHDEN-25MAR12-T62",
            "count": 34,
            "created_time": "2025-03-12T02:10:35.999553Z",
            "yes_price": 2,
            "no_price": 98,
            "taker_side": "no"
        },
        {
            "trade_id": "17eefa36-a896-4ae6-83f9-5af89355f4a2",
            "ticker": "KXHIGHDEN-25MAR12-T62",
            "count": 9,
            "created_time": "2025-03-12T00:41:08.366834Z",
            "yes_price": 3,
            "no_price": 97,
            "taker_side": "no"
        },
        {
            "trade_id": "cb811f30-76d0-44e3-9127-7dafeab1243c",
            "ticker": "KXHIGHDEN-25MAR12-T62",
            "count": 14,
            "created_time": "2025-03-12T00:28:40.361692Z",
            "yes_price": 3,
            "no_price": 97,
            "taker_side": "no"
        },
        {
            "trade_id": "420d902d-64c7-4c48-b1f1-c87d97a663fe",
            "ticker": "KXHIGHDEN-25MAR12-T62",
            "count": 17,
            "created_time": "2025-03-11T22:26:56.168572Z",
            "yes_price": 3,
            "no_price": 97,
            "taker_side": "no"
        },
        {
            "trade_id": "d8e9fd0c-add5-411b-be64-a698c2d0c207",
            "ticker": "KXHIGHDEN-25MAR12-T62",
            "count": 250,
            "created_time": "2025-03-11T21:28:08.070296Z",
            "yes_price": 3,
            "no_price": 97,
            "taker_side": "no"
        },
        {
            "trade_id": "22281fca-fb5f-4674-b3a9-a61dd547e470",
            "ticker": "KXHIGHDEN-25MAR12-T62",
            "count": 39,
            "created_time": "2025-03-11T19:26:52.240369Z",
            "yes_price": 3,
            "no_price": 97,
            "taker_side": "no"
        },
        {
            "trade_id": "2d80a214-b328-40c6-b766-8164972cae62",
            "ticker": "KXHIGHDEN-25MAR12-T62",
            "count": 5,
            "created_time": "2025-03-11T19:26:51.322596Z",
            "yes_price": 3,
            "no_price": 97,
            "taker_side": "no"
        },
        {
            "trade_id": "b9b593de-6c08-41ee-ac73-761038dc1756",
            "ticker": "KXHIGHDEN-25MAR12-T62",
            "count": 100,
            "created_time": "2025-03-11T19:07:04.430501Z",
            "yes_price": 3,
            "no_price": 97,
            "taker_side": "no"
        }
    ],
    "KXHIGHDEN-25MAR12-B62.5": [
        {
            "trade_id": "43df0f39-21da-4a13-a681-728966a355e3",
            "ticker": "KXHIGHDEN-25MAR12-B62.5",
            "count": 81,
            "created_time": "2025-03-12T20:54:27.511369Z",
            "yes_price": 1,
            "no_price": 99,
            "taker_side": "yes"
        },
        {
            "trade_id": "db7589fc-8843-434c-8a6a-5636092477e3",
            "ticker": "KXHIGHDEN-25MAR12-B62.5",
            "count": 1000,
            "created_time": "2025-03-12T20:41:28.255534Z",
            "yes_price": 1,
            "no_price": 99,
            "taker_side": "no"
        },
        {
            "trade_id": "f93ca97e-99ac-42a7-8a9a-26182d7f0058",
            "ticker": "KXHIGHDEN-25MAR12-B62.5",
            "count": 167,
            "created_time": "2025-03-12T20:38:49.410253Z",
            "yes_price": 3,
            "no_price": 97,
            "taker_side": "no"
        },
        {
            "trade_id": "9af2c5ec-c339-4d4d-a2d4-421a65389578",
            "ticker": "KXHIGHDEN-25MAR12-B62.5",
            "count": 125,
            "created_time": "2025-03-12T20:38:49.410253Z",
            "yes_price": 1,
            "no_price": 99,
            "taker_side": "no"
        },
        {
            "trade_id": "0cf23662-fb26-442a-ac35-c39011cf4ed4",
            "ticker": "KXHIGHDEN-25MAR12-B62.5",
            "count": 20,
            "created_time": "2025-03-12T20:38:49.410253Z",
            "yes_price": 4,
            "no_price": 96,
            "taker_side": "no"
        },
        {
            "trade_id": "cd3c58d4-a886-4a04-bf7b-93adb586d12b",
            "ticker": "KXHIGHDEN-25MAR12-B62.5",
            "count": 83,
            "created_time": "2025-03-12T20:12:20.848351Z",
            "yes_price": 2,
            "no_price": 98,
            "taker_side": "no"
        },
        {
            "trade_id": "d493a933-dafd-4f03-a656-e200b5e5d5d3",
            "ticker": "KXHIGHDEN-25MAR12-B62.5",
            "count": 50,
            "created_time": "2025-03-12T20:12:11.237638Z",
            "yes_price": 2,
            "no_price": 98,
            "taker_side": "no"
        },
        {
            "trade_id": "e10dc80d-d972-4439-8d70-b596924944a1",
            "ticker": "KXHIGHDEN-25MAR12-B62.5",
            "count": 50,
            "created_time": "2025-03-12T20:07:05.66437Z",
            "yes_price": 1,
            "no_price": 99,
            "taker_side": "no"
        },
        {
            "trade_id": "8022b8e6-b25b-4a8a-960a-344eb9328689",
            "ticker": "KXHIGHDEN-25MAR12-B62.5",
            "count": 120,
            "created_time": "2025-03-12T20:07:04.815635Z",
            "yes_price": 1,
            "no_price": 99,
            "taker_side": "no"
        },
        {
            "trade_id": "dab5d033-2c6e-43c0-9b4d-0f87a6d7e326",
            "ticker": "KXHIGHDEN-25MAR12-B62.5",
            "count": 40,
            "created_time": "2025-03-12T19:59:48.748478Z",
            "yes_price": 5,
            "no_price": 95,
            "taker_side": "yes"
        },
        {
            "trade_id": "351086f1-735c-422b-bc0f-5c24de10a834",
            "ticker": "KXHIGHDEN-25MAR12-B62.5",
            "count": 20,
            "created_time": "2025-03-12T19:59:48.748478Z",
            "yes_price": 5,
            "no_price": 95,
            "taker_side": "yes"
        },
        {
            "trade_id": "8d78bee3-1f01-4942-a5b8-9d37bed4e15f",
            "ticker": "KXHIGHDEN-25MAR12-B62.5",
            "count": 250,
            "created_time": "2025-03-12T19:52:55.459358Z",
            "yes_price": 3,
            "no_price": 97,
            "taker_side": "no"
        },
        {
            "trade_id": "98084525-256a-47ef-878b-292758a2adbb",
            "ticker": "KXHIGHDEN-25MAR12-B62.5",
            "count": 35,
            "created_time": "2025-03-12T19:46:00.862679Z",
            "yes_price": 3,
            "no_price": 97,
            "taker_side": "no"
        },
        {
            "trade_id": "c69b10c8-2844-4e85-ad4f-99c3f3a2fa8e",
            "ticker": "KXHIGHDEN-25MAR12-B62.5",
            "count": 25,
            "created_time": "2025-03-12T19:43:15.116008Z",
            "yes_price": 3,
            "no_price": 97,
            "taker_side": "no"
        },
        {
            "trade_id": "212d8c78-b05f-49f7-93b7-e59f135a23a9",
            "ticker": "KXHIGHDEN-25MAR12-B62.5",
            "count": 6,
            "created_time": "2025-03-12T19:42:34.368144Z",
            "yes_price": 2,
            "no_price": 98,
            "taker_side": "no"
        },
        {
            "trade_id": "04b22b4d-dc94-418c-bd20-7360f90ae86d",
            "ticker": "KXHIGHDEN-25MAR12-B62.5",
            "count": 25,
            "created_time": "2025-03-12T19:33:09.03455Z",
            "yes_price": 7,
            "no_price": 93,
            "taker_side": "no"
        },
        {
            "trade_id": "cf0f3357-aa27-4f6e-b4fd-8015bb7cf3a9",
            "ticker": "KXHIGHDEN-25MAR12-B62.5",
            "count": 20,
            "created_time": "2025-03-12T19:33:08.980211Z",
            "yes_price": 8,
            "no_price": 92,
            "taker_side": "no"
        },
        {
            "trade_id": "753406be-3804-45e5-918a-03a6d01d83ba",
            "ticker": "KXHIGHDEN-25MAR12-B62.5",
            "count": 16,
            "created_time": "2025-03-12T19:33:08.980211Z",
            "yes_price": 7,
            "no_price": 93,
            "taker_side": "no"
        },
        {
            "trade_id": "52cef6d7-e5ca-444d-b85c-18a2e8e0ae05",
            "ticker": "KXHIGHDEN-25MAR12-B62.5",
            "count": 20,
            "created_time": "2025-03-12T19:32:46.592667Z",
            "yes_price": 7,
            "no_price": 93,
            "taker_side": "no"
        },
        {
            "trade_id": "e56c216a-7d9b-4919-8427-0cdac2b972af",
            "ticker": "KXHIGHDEN-25MAR12-B62.5",
            "count": 20,
            "created_time": "2025-03-12T19:32:19.122293Z",
            "yes_price": 7,
            "no_price": 93,
            "taker_side": "no"
        },
        {
            "trade_id": "427b3a0f-bdc8-4b19-add0-8e17ddbb4644",
            "ticker": "KXHIGHDEN-25MAR12-B62.5",
            "count": 16,
            "created_time": "2025-03-12T19:32:03.285017Z",
            "yes_price": 7,
            "no_price": 93,
            "taker_side": "no"
        },
        {
            "trade_id": "d261e2cc-171f-4ec3-9542-f2e7c2add4b4",
            "ticker": "KXHIGHDEN-25MAR12-B62.5",
            "count": 13,
            "created_time": "2025-03-12T19:26:26.722369Z",
            "yes_price": 1,
            "no_price": 99,
            "taker_side": "no"
        },
        {
            "trade_id": "eddac16b-88cf-455c-93b8-427e6dc5e120",
            "ticker": "KXHIGHDEN-25MAR12-B62.5",
            "count": 275,
            "created_time": "2025-03-12T19:22:45.181932Z",
            "yes_price": 1,
            "no_price": 99,
            "taker_side": "yes"
        },
        {
            "trade_id": "ecc0917f-5cea-4b57-97df-ac8a14740264",
            "ticker": "KXHIGHDEN-25MAR12-B62.5",
            "count": 18,
            "created_time": "2025-03-12T19:22:45.181932Z",
            "yes_price": 5,
            "no_price": 95,
            "taker_side": "yes"
        },
        {
            "trade_id": "bb93cbf7-4985-4ef7-8192-0105e96c21e1",
            "ticker": "KXHIGHDEN-25MAR12-B62.5",
            "count": 100,
            "created_time": "2025-03-12T19:22:45.181932Z",
            "yes_price": 2,
            "no_price": 98,
            "taker_side": "yes"
        },
        {
            "trade_id": "46e4077d-0727-48e5-aaa4-46e60e147ae6",
            "ticker": "KXHIGHDEN-25MAR12-B62.5",
            "count": 100,
            "created_time": "2025-03-12T19:22:45.181932Z",
            "yes_price": 2,
            "no_price": 98,
            "taker_side": "yes"
        },
        {
            "trade_id": "28c15594-97af-4fe6-9c89-5336f29db07e",
            "ticker": "KXHIGHDEN-25MAR12-B62.5",
            "count": 100,
            "created_time": "2025-03-12T19:22:45.181932Z",
            "yes_price": 2,
            "no_price": 98,
            "taker_side": "yes"
        },
        {
            "trade_id": "3d896b65-42e2-490e-9e5d-3b7950a75b41",
            "ticker": "KXHIGHDEN-25MAR12-B62.5",
            "count": 19,
            "created_time": "2025-03-12T19:22:23.675077Z",
            "yes_price": 1,
            "no_price": 99,
            "taker_side": "yes"
        },
        {
            "trade_id": "efa6033e-7726-4632-9ed2-8f0fae9cac2d",
            "ticker": "KXHIGHDEN-25MAR12-B62.5",
            "count": 300,
            "created_time": "2025-03-12T19:11:21.453972Z",
            "yes_price": 1,
            "no_price": 99,
            "taker_side": "yes"
        },
        {
            "trade_id": "6fa5f520-9e17-409f-8d63-433eafb97f65",
            "ticker": "KXHIGHDEN-25MAR12-B62.5",
            "count": 458,
            "created_time": "2025-03-12T19:11:21.453972Z",
            "yes_price": 1,
            "no_price": 99,
            "taker_side": "yes"
        },
        {
            "trade_id": "1a40e30c-9b02-4b31-b1e0-0642c0bd8feb",
            "ticker": "KXHIGHDEN-25MAR12-B62.5",
            "count": 206,
            "created_time": "2025-03-12T19:11:21.453972Z",
            "yes_price": 1,
            "no_price": 99,
            "taker_side": "yes"
        },
        {
            "trade_id": "17dffcae-9eaf-498a-b67d-77227cf4d51f",
            "ticker": "KXHIGHDEN-25MAR12-B62.5",
            "count": 300,
            "created_time": "2025-03-12T18:31:25.179613Z",
            "yes_price": 1,
            "no_price": 99,
            "taker_side": "yes"
        },
        {
            "trade_id": "9a0d2cf5-c1af-4065-a3ae-636da8889e0b",
            "ticker": "KXHIGHDEN-25MAR12-B62.5",
            "count": 300,
            "created_time": "2025-03-12T18:09:41.732783Z",
            "yes_price": 5,
            "no_price": 95,
            "taker_side": "yes"
        },
        {
            "trade_id": "cab773d2-e579-446f-bc35-f16cf933a85a",
            "ticker": "KXHIGHDEN-25MAR12-B62.5",
            "count": 17,
            "created_time": "2025-03-12T18:08:26.036154Z",
            "yes_price": 3,
            "no_price": 97,
            "taker_side": "no"
        },
        {
            "trade_id": "75ec5068-55a9-4b67-8bd5-19167f4d683c",
            "ticker": "KXHIGHDEN-25MAR12-B62.5",
            "count": 64,
            "created_time": "2025-03-12T18:07:58.003918Z",
            "yes_price": 3,
            "no_price": 97,
            "taker_side": "no"
        },
        {
            "trade_id": "ebfe39d6-a13b-444b-b6f7-10edfcbe2a1d",
            "ticker": "KXHIGHDEN-25MAR12-B62.5",
            "count": 30,
            "created_time": "2025-03-12T18:07:35.058998Z",
            "yes_price": 3,
            "no_price": 97,
            "taker_side": "no"
        },
        {
            "trade_id": "dd4673df-0ca2-4410-babb-860f1b76b897",
            "ticker": "KXHIGHDEN-25MAR12-B62.5",
            "count": 100,
            "created_time": "2025-03-12T18:01:56.297855Z",
            "yes_price": 1,
            "no_price": 99,
            "taker_side": "yes"
        },
        {
            "trade_id": "67f846a8-773b-4874-a286-ce13c8dae9ee",
            "ticker": "KXHIGHDEN-25MAR12-B62.5",
            "count": 100,
            "created_time": "2025-03-12T18:01:56.297855Z",
            "yes_price": 1,
            "no_price": 99,
            "taker_side": "yes"
        },
        {
            "trade_id": "3c4e0cc1-a33f-4361-8a44-caceccf35501",
            "ticker": "KXHIGHDEN-25MAR12-B62.5",
            "count": 200,
            "created_time": "2025-03-12T18:01:56.297855Z",
            "yes_price": 1,
            "no_price": 99,
            "taker_side": "yes"
        },
        {
            "trade_id": "6aac5534-65fb-4b0b-ab10-203e3be4dcd0",
            "ticker": "KXHIGHDEN-25MAR12-B62.5",
            "count": 100,
            "created_time": "2025-03-12T18:01:38.609863Z",
            "yes_price": 1,
            "no_price": 99,
            "taker_side": "yes"
        },
        {
            "trade_id": "0193edd7-7acf-4157-ae80-e39c941d0681",
            "ticker": "KXHIGHDEN-25MAR12-B62.5",
            "count": 120,
            "created_time": "2025-03-12T17:45:04.948427Z",
            "yes_price": 4,
            "no_price": 96,
            "taker_side": "yes"
        },
        {
            "trade_id": "0d309910-009c-470c-971c-76d9ce1906df",
            "ticker": "KXHIGHDEN-25MAR12-B62.5",
            "count": 1,
            "created_time": "2025-03-12T13:07:36.040424Z",
            "yes_price": 2,
            "no_price": 98,
            "taker_side": "no"
        },
        {
            "trade_id": "91eed4be-0594-43a8-941d-092bd953adbc",
            "ticker": "KXHIGHDEN-25MAR12-B62.5",
            "count": 4,
            "created_time": "2025-03-12T13:01:17.247892Z",
            "yes_price": 2,
            "no_price": 98,
            "taker_side": "no"
        },
        {
            "trade_id": "19afbad4-12c8-4593-9386-bc76938199e7",
            "ticker": "KXHIGHDEN-25MAR12-B62.5",
            "count": 47,
            "created_time": "2025-03-12T12:59:25.536452Z",
            "yes_price": 3,
            "no_price": 97,
            "taker_side": "no"
        },
        {
            "trade_id": "6dfcb709-dec7-4ae6-bced-395d42efb534",
            "ticker": "KXHIGHDEN-25MAR12-B62.5",
            "count": 250,
            "created_time": "2025-03-12T12:31:10.192077Z",
            "yes_price": 2,
            "no_price": 98,
            "taker_side": "no"
        },
        {
            "trade_id": "6575749f-f027-4c2e-89ae-c7de0d2c7f1c",
            "ticker": "KXHIGHDEN-25MAR12-B62.5",
            "count": 45,
            "created_time": "2025-03-12T12:20:09.068502Z",
            "yes_price": 2,
            "no_price": 98,
            "taker_side": "no"
        },
        {
            "trade_id": "c45c3cb2-c0dd-451b-abcb-baa6dcdc6c02",
            "ticker": "KXHIGHDEN-25MAR12-B62.5",
            "count": 8,
            "created_time": "2025-03-12T12:19:50.215884Z",
            "yes_price": 3,
            "no_price": 97,
            "taker_side": "no"
        },
        {
            "trade_id": "b03295ba-9bbb-4d30-a76a-54b1214704ad",
            "ticker": "KXHIGHDEN-25MAR12-B62.5",
            "count": 7,
            "created_time": "2025-03-12T06:02:37.521081Z",
            "yes_price": 4,
            "no_price": 96,
            "taker_side": "no"
        },
        {
            "trade_id": "613b3391-7efd-4a82-84ca-808b1ec40ba4",
            "ticker": "KXHIGHDEN-25MAR12-B62.5",
            "count": 162,
            "created_time": "2025-03-12T06:02:37.521081Z",
            "yes_price": 4,
            "no_price": 96,
            "taker_side": "no"
        },
        {
            "trade_id": "6094a99f-c518-4b51-96cc-a56e8156d405",
            "ticker": "KXHIGHDEN-25MAR12-B62.5",
            "count": 35,
            "created_time": "2025-03-12T06:02:37.521081Z",
            "yes_price": 4,
            "no_price": 96,
            "taker_side": "no"
        },
        {
            "trade_id": "51bd81f5-f79e-4ff6-9800-926698936ff9",
            "ticker": "KXHIGHDEN-25MAR12-B62.5",
            "count": 3,
            "created_time": "2025-03-12T05:42:59.536141Z",
            "yes_price": 4,
            "no_price": 96,
            "taker_side": "no"
        },
        {
            "trade_id": "75fd7173-d2b7-4828-b5bc-a556649b0c7a",
            "ticker": "KXHIGHDEN-25MAR12-B62.5",
            "count": 240,
            "created_time": "2025-03-12T04:35:02.044451Z",
            "yes_price": 6,
            "no_price": 94,
            "taker_side": "yes"
        },
        {
            "trade_id": "73f1ebe9-e72f-485a-964b-2ee59097f1a1",
            "ticker": "KXHIGHDEN-25MAR12-B62.5",
            "count": 2,
            "created_time": "2025-03-12T04:35:02.044451Z",
            "yes_price": 6,
            "no_price": 94,
            "taker_side": "yes"
        },
        {
            "trade_id": "ee68f0d9-3cb0-4f5d-afae-1523f92d9574",
            "ticker": "KXHIGHDEN-25MAR12-B62.5",
            "count": 8,
            "created_time": "2025-03-12T04:19:12.215334Z",
            "yes_price": 4,
            "no_price": 96,
            "taker_side": "no"
        },
        {
            "trade_id": "2f454ac5-4e1d-49aa-b17f-6da29dd9f8bc",
            "ticker": "KXHIGHDEN-25MAR12-B62.5",
            "count": 1,
            "created_time": "2025-03-12T04:13:04.446137Z",
            "yes_price": 4,
            "no_price": 96,
            "taker_side": "no"
        },
        {
            "trade_id": "da4413cc-cdd9-4b36-8eb4-38fd07de7650",
            "ticker": "KXHIGHDEN-25MAR12-B62.5",
            "count": 1,
            "created_time": "2025-03-12T04:10:13.485057Z",
            "yes_price": 4,
            "no_price": 96,
            "taker_side": "no"
        },
        {
            "trade_id": "c2c6461a-3133-4616-9200-f9cb1ed53980",
            "ticker": "KXHIGHDEN-25MAR12-B62.5",
            "count": 13,
            "created_time": "2025-03-12T04:07:12.536717Z",
            "yes_price": 4,
            "no_price": 96,
            "taker_side": "no"
        },
        {
            "trade_id": "cf76b5d2-5553-4a32-a0b7-4e9e5771b4b6",
            "ticker": "KXHIGHDEN-25MAR12-B62.5",
            "count": 36,
            "created_time": "2025-03-12T03:17:25.594763Z",
            "yes_price": 5,
            "no_price": 95,
            "taker_side": "yes"
        },
        {
            "trade_id": "9d2bc5f6-1cd9-4969-b286-d3844355ce1b",
            "ticker": "KXHIGHDEN-25MAR12-B62.5",
            "count": 4,
            "created_time": "2025-03-12T03:17:06.933621Z",
            "yes_price": 4,
            "no_price": 96,
            "taker_side": "no"
        },
        {
            "trade_id": "95d02459-6a3e-42ea-ac75-9a335c8f8d46",
            "ticker": "KXHIGHDEN-25MAR12-B62.5",
            "count": 207,
            "created_time": "2025-03-12T03:06:37.709893Z",
            "yes_price": 4,
            "no_price": 96,
            "taker_side": "no"
        },
        {
            "trade_id": "7e4581bf-d20c-4246-a519-7295a6a4855a",
            "ticker": "KXHIGHDEN-25MAR12-B62.5",
            "count": 8,
            "created_time": "2025-03-12T03:06:37.709893Z",
            "yes_price": 4,
            "no_price": 96,
            "taker_side": "no"
        },
        {
            "trade_id": "6490da42-aee9-4886-8567-35b736d515a6",
            "ticker": "KXHIGHDEN-25MAR12-B62.5",
            "count": 20,
            "created_time": "2025-03-12T02:20:30.999682Z",
            "yes_price": 4,
            "no_price": 96,
            "taker_side": "no"
        },
        {
            "trade_id": "4f50e3d3-ae01-40e2-9012-896681846348",
            "ticker": "KXHIGHDEN-25MAR12-B62.5",
            "count": 250,
            "created_time": "2025-03-12T02:11:53.8228Z",
            "yes_price": 5,
            "no_price": 95,
            "taker_side": "no"
        },
        {
            "trade_id": "007bb681-253d-4cec-823a-0ab2a3b87904",
            "ticker": "KXHIGHDEN-25MAR12-B62.5",
            "count": 50,
            "created_time": "2025-03-12T01:23:10.561424Z",
            "yes_price": 5,
            "no_price": 95,
            "taker_side": "yes"
        },
        {
            "trade_id": "1931a5f6-6db3-4c9f-829c-33bba42ca82e",
            "ticker": "KXHIGHDEN-25MAR12-B62.5",
            "count": 9,
            "created_time": "2025-03-12T00:41:08.327414Z",
            "yes_price": 4,
            "no_price": 96,
            "taker_side": "no"
        },
        {
            "trade_id": "9bcb4535-f611-47ad-ba78-c44190810e10",
            "ticker": "KXHIGHDEN-25MAR12-B62.5",
            "count": 14,
            "created_time": "2025-03-12T00:28:40.36133Z",
            "yes_price": 4,
            "no_price": 96,
            "taker_side": "no"
        },
        {
            "trade_id": "7c741d5d-ec77-4b61-9099-a12a8f9197fa",
            "ticker": "KXHIGHDEN-25MAR12-B62.5",
            "count": 250,
            "created_time": "2025-03-11T21:28:08.077195Z",
            "yes_price": 6,
            "no_price": 94,
            "taker_side": "no"
        },
        {
            "trade_id": "cc3a34d5-6d3e-40bb-886c-2d460bf3af74",
            "ticker": "KXHIGHDEN-25MAR12-B62.5",
            "count": 28,
            "created_time": "2025-03-11T20:04:51.21595Z",
            "yes_price": 8,
            "no_price": 92,
            "taker_side": "no"
        },
        {
            "trade_id": "8e3a483f-8f62-46d6-a127-0a15e3d7c638",
            "ticker": "KXHIGHDEN-25MAR12-B62.5",
            "count": 1,
            "created_time": "2025-03-11T19:29:07.525174Z",
            "yes_price": 8,
            "no_price": 92,
            "taker_side": "no"
        },
        {
            "trade_id": "547ebf9c-d2a2-4205-a8af-e29cdcd90ee9",
            "ticker": "KXHIGHDEN-25MAR12-B62.5",
            "count": 39,
            "created_time": "2025-03-11T19:26:52.210092Z",
            "yes_price": 8,
            "no_price": 92,
            "taker_side": "no"
        },
        {
            "trade_id": "45dd03e5-ad8e-4fd2-b0f4-60f81764779a",
            "ticker": "KXHIGHDEN-25MAR12-B62.5",
            "count": 5,
            "created_time": "2025-03-11T19:26:51.322263Z",
            "yes_price": 8,
            "no_price": 92,
            "taker_side": "no"
        },
        {
            "trade_id": "9f27bd25-3dca-4a6a-9d3e-ee1a78f844cf",
            "ticker": "KXHIGHDEN-25MAR12-B62.5",
            "count": 49,
            "created_time": "2025-03-11T18:49:36.725307Z",
            "yes_price": 8,
            "no_price": 92,
            "taker_side": "no"
        },
        {
            "trade_id": "86460ed4-d5dd-46d7-a171-2c61c51dfabf",
            "ticker": "KXHIGHDEN-25MAR12-B62.5",
            "count": 83,
            "created_time": "2025-03-11T18:40:25.558204Z",
            "yes_price": 8,
            "no_price": 92,
            "taker_side": "no"
        },
        {
            "trade_id": "cef3951a-a782-417d-8052-956e4020f6af",
            "ticker": "KXHIGHDEN-25MAR12-B62.5",
            "count": 240,
            "created_time": "2025-03-11T14:13:50.327142Z",
            "yes_price": 12,
            "no_price": 88,
            "taker_side": "yes"
        },
        {
            "trade_id": "9bbb3879-6f62-4434-af5f-d31b9201af8c",
            "ticker": "KXHIGHDEN-25MAR12-B62.5",
            "count": 55,
            "created_time": "2025-03-11T14:13:50.327142Z",
            "yes_price": 10,
            "no_price": 90,
            "taker_side": "yes"
        }
    ],
    "KXHIGHDEN-25MAR12-B64.5": [
        {
            "trade_id": "e3fc6bd6-6c8c-4854-9d2f-ad3adec86489",
            "ticker": "KXHIGHDEN-25MAR12-B64.5",
            "count": 31,
            "created_time": "2025-03-12T23:46:02.666847Z",
            "yes_price": 1,
            "no_price": 99,
            "taker_side": "yes"
        },
        {
            "trade_id": "eae6339c-d44e-4aa0-832b-1d3ed5c51a24",
            "ticker": "KXHIGHDEN-25MAR12-B64.5",
            "count": 43,
            "created_time": "2025-03-12T21:59:28.173276Z",
            "yes_price": 1,
            "no_price": 99,
            "taker_side": "yes"
        },
        {
            "trade_id": "d8f1a2bc-9ab0-4812-bf44-04efae60919b",
            "ticker": "KXHIGHDEN-25MAR12-B64.5",
            "count": 25,
            "created_time": "2025-03-12T21:59:28.173276Z",
            "yes_price": 1,
            "no_price": 99,
            "taker_side": "yes"
        },
        {
            "trade_id": "a256f732-fe2b-43ab-8b69-3ea60b578a28",
            "ticker": "KXHIGHDEN-25MAR12-B64.5",
            "count": 2170,
            "created_time": "2025-03-12T21:59:28.173276Z",
            "yes_price": 1,
            "no_price": 99,
            "taker_side": "yes"
        },
        {
            "trade_id": "6c8260f6-cd41-43a5-ac91-68c042e451ec",
            "ticker": "KXHIGHDEN-25MAR12-B64.5",
            "count": 112,
            "created_time": "2025-03-12T21:59:28.173276Z",
            "yes_price": 1,
            "no_price": 99,
            "taker_side": "yes"
        },
        {
            "trade_id": "0567ec0b-2a5f-43be-be9b-4345c42bbe5e",
            "ticker": "KXHIGHDEN-25MAR12-B64.5",
            "count": 2350,
            "created_time": "2025-03-12T21:56:31.08399Z",
            "yes_price": 1,
            "no_price": 99,
            "taker_side": "yes"
        },
        {
            "trade_id": "c790f106-903c-4fc6-82a1-4034b900f814",
            "ticker": "KXHIGHDEN-25MAR12-B64.5",
            "count": 20,
            "created_time": "2025-03-12T21:52:34.17313Z",
            "yes_price": 1,
            "no_price": 99,
            "taker_side": "yes"
        },
        {
            "trade_id": "17a127e5-4c6d-4d32-a20b-1cd8ca40cc49",
            "ticker": "KXHIGHDEN-25MAR12-B64.5",
            "count": 129,
            "created_time": "2025-03-12T21:49:07.197637Z",
            "yes_price": 1,
            "no_price": 99,
            "taker_side": "yes"
        },
        {
            "trade_id": "fe9294d5-c786-459e-bc08-086bd3b285ed",
            "ticker": "KXHIGHDEN-25MAR12-B64.5",
            "count": 900,
            "created_time": "2025-03-12T21:47:44.059705Z",
            "yes_price": 1,
            "no_price": 99,
            "taker_side": "yes"
        },
        {
            "trade_id": "589a9c16-e910-4c20-9c47-e2dc938f790f",
            "ticker": "KXHIGHDEN-25MAR12-B64.5",
            "count": 3000,
            "created_time": "2025-03-12T21:46:56.249634Z",
            "yes_price": 1,
            "no_price": 99,
            "taker_side": "yes"
        },
        {
            "trade_id": "f3aae1e2-b264-41d5-aa14-39d1708dc900",
            "ticker": "KXHIGHDEN-25MAR12-B64.5",
            "count": 150,
            "created_time": "2025-03-12T21:45:32.0978Z",
            "yes_price": 1,
            "no_price": 99,
            "taker_side": "yes"
        },
        {
            "trade_id": "0807ceda-67d3-4edd-b3a3-82c5a4e4dee3",
            "ticker": "KXHIGHDEN-25MAR12-B64.5",
            "count": 1,
            "created_time": "2025-03-12T21:39:20.850106Z",
            "yes_price": 1,
            "no_price": 99,
            "taker_side": "yes"
        },
        {
            "trade_id": "6306dd29-7568-47b0-ae7e-24cadc6c55d1",
            "ticker": "KXHIGHDEN-25MAR12-B64.5",
            "count": 10,
            "created_time": "2025-03-12T21:37:26.925331Z",
            "yes_price": 1,
            "no_price": 99,
            "taker_side": "yes"
        },
        {
            "trade_id": "fdd5f298-76e1-4c83-bbfe-6679a4b7d2c8",
            "ticker": "KXHIGHDEN-25MAR12-B64.5",
            "count": 125,
            "created_time": "2025-03-12T21:37:09.132346Z",
            "yes_price": 1,
            "no_price": 99,
            "taker_side": "yes"
        },
        {
            "trade_id": "fa3ee41a-c36f-49d6-bba7-bfdf972998c1",
            "ticker": "KXHIGHDEN-25MAR12-B64.5",
            "count": 2,
            "created_time": "2025-03-12T21:37:08.943731Z",
            "yes_price": 1,
            "no_price": 99,
            "taker_side": "yes"
        },
        {
            "trade_id": "b04f502d-c508-4d90-9191-893a1e08b53a",
            "ticker": "KXHIGHDEN-25MAR12-B64.5",
            "count": 200,
            "created_time": "2025-03-12T21:37:08.716817Z",
            "yes_price": 2,
            "no_price": 98,
            "taker_side": "no"
        },
        {
            "trade_id": "6a36e50c-cf40-4d94-8c01-a8faf7e262a6",
            "ticker": "KXHIGHDEN-25MAR12-B64.5",
            "count": 93,
            "created_time": "2025-03-12T21:37:08.716817Z",
            "yes_price": 1,
            "no_price": 99,
            "taker_side": "no"
        },
        {
            "trade_id": "4f8d93c1-0073-41c0-a7e9-5e18ffb91e2f",
            "ticker": "KXHIGHDEN-25MAR12-B64.5",
            "count": 2408,
            "created_time": "2025-03-12T21:37:08.716817Z",
            "yes_price": 5,
            "no_price": 95,
            "taker_side": "no"
        },
        {
            "trade_id": "83fe1551-b915-42e8-b9ad-55ec5ea708ee",
            "ticker": "KXHIGHDEN-25MAR12-B64.5",
            "count": 50,
            "created_time": "2025-03-12T21:37:08.586849Z",
            "yes_price": 5,
            "no_price": 95,
            "taker_side": "no"
        },
        {
            "trade_id": "ff74142b-720b-4375-b32a-357f66a7887d",
            "ticker": "KXHIGHDEN-25MAR12-B64.5",
            "count": 42,
            "created_time": "2025-03-12T21:37:08.579053Z",
            "yes_price": 5,
            "no_price": 95,
            "taker_side": "no"
        },
        {
            "trade_id": "f46a9418-d85d-4738-ad0b-aed47dbb0a3b",
            "ticker": "KXHIGHDEN-25MAR12-B64.5",
            "count": 20,
            "created_time": "2025-03-12T21:37:08.579053Z",
            "yes_price": 71,
            "no_price": 29,
            "taker_side": "no"
        },
        {
            "trade_id": "b5231196-3777-4124-9bb2-46307da46a7e",
            "ticker": "KXHIGHDEN-25MAR12-B64.5",
            "count": 40,
            "created_time": "2025-03-12T21:37:08.579053Z",
            "yes_price": 70,
            "no_price": 30,
            "taker_side": "no"
        },
        {
            "trade_id": "afeaae11-2241-4b02-abb7-68644bbc8525",
            "ticker": "KXHIGHDEN-25MAR12-B64.5",
            "count": 19,
            "created_time": "2025-03-12T21:37:08.579053Z",
            "yes_price": 44,
            "no_price": 56,
            "taker_side": "no"
        },
        {
            "trade_id": "82e85913-e070-4035-bd87-a79a02e2acce",
            "ticker": "KXHIGHDEN-25MAR12-B64.5",
            "count": 600,
            "created_time": "2025-03-12T21:37:08.579053Z",
            "yes_price": 43,
            "no_price": 57,
            "taker_side": "no"
        },
        {
            "trade_id": "81c6ae39-5afe-4c30-a66e-882d53e520d8",
            "ticker": "KXHIGHDEN-25MAR12-B64.5",
            "count": 19,
            "created_time": "2025-03-12T21:37:08.579053Z",
            "yes_price": 36,
            "no_price": 64,
            "taker_side": "no"
        },
        {
            "trade_id": "8104aa80-93e8-482b-adf7-2cc71557878b",
            "ticker": "KXHIGHDEN-25MAR12-B64.5",
            "count": 600,
            "created_time": "2025-03-12T21:37:08.579053Z",
            "yes_price": 35,
            "no_price": 65,
            "taker_side": "no"
        },
        {
            "trade_id": "7dc54496-010e-49d4-b389-28487a2ffbe0",
            "ticker": "KXHIGHDEN-25MAR12-B64.5",
            "count": 40,
            "created_time": "2025-03-12T21:37:08.579053Z",
            "yes_price": 31,
            "no_price": 69,
            "taker_side": "no"
        },
        {
            "trade_id": "79ff154e-94e4-4659-8342-5e4283d3aa0d",
            "ticker": "KXHIGHDEN-25MAR12-B64.5",
            "count": 125,
            "created_time": "2025-03-12T21:37:08.579053Z",
            "yes_price": 44,
            "no_price": 56,
            "taker_side": "no"
        },
        {
            "trade_id": "70760e3e-1df4-4787-9e2f-04e1bfde300f",
            "ticker": "KXHIGHDEN-25MAR12-B64.5",
            "count": 214,
            "created_time": "2025-03-12T21:37:08.579053Z",
            "yes_price": 7,
            "no_price": 93,
            "taker_side": "no"
        },
        {
            "trade_id": "70091e54-1725-461a-a819-cb11c1d4d82e",
            "ticker": "KXHIGHDEN-25MAR12-B64.5",
            "count": 8,
            "created_time": "2025-03-12T21:37:08.579053Z",
            "yes_price": 45,
            "no_price": 55,
            "taker_side": "no"
        },
        {
            "trade_id": "46aa3b9e-e847-4d95-9a8a-41d9d437bb33",
            "ticker": "KXHIGHDEN-25MAR12-B64.5",
            "count": 30,
            "created_time": "2025-03-12T21:37:08.579053Z",
            "yes_price": 45,
            "no_price": 55,
            "taker_side": "no"
        },
        {
            "trade_id": "399c8679-1a3b-4dcc-aea6-898685be8c3f",
            "ticker": "KXHIGHDEN-25MAR12-B64.5",
            "count": 40,
            "created_time": "2025-03-12T21:37:08.579053Z",
            "yes_price": 16,
            "no_price": 84,
            "taker_side": "no"
        },
        {
            "trade_id": "08559aaf-6c92-4108-bab6-4c35ee877e7f",
            "ticker": "KXHIGHDEN-25MAR12-B64.5",
            "count": 3,
            "created_time": "2025-03-12T21:37:08.579053Z",
            "yes_price": 44,
            "no_price": 56,
            "taker_side": "no"
        },
        {
            "trade_id": "05d9fbc8-4830-4bdd-905f-6ba7ea5cca50",
            "ticker": "KXHIGHDEN-25MAR12-B64.5",
            "count": 300,
            "created_time": "2025-03-12T21:37:08.579053Z",
            "yes_price": 6,
            "no_price": 94,
            "taker_side": "no"
        },
        {
            "trade_id": "2797d24d-837a-4044-9700-d531c34af7e8",
            "ticker": "KXHIGHDEN-25MAR12-B64.5",
            "count": 20,
            "created_time": "2025-03-12T21:35:11.76315Z",
            "yes_price": 90,
            "no_price": 10,
            "taker_side": "yes"
        },
        {
            "trade_id": "2040d4cc-7b46-49b2-9578-93a0c346cf65",
            "ticker": "KXHIGHDEN-25MAR12-B64.5",
            "count": 100,
            "created_time": "2025-03-12T21:34:12.079079Z",
            "yes_price": 85,
            "no_price": 15,
            "taker_side": "yes"
        },
        {
            "trade_id": "f6a79990-3eb0-4de2-9f21-3731d56b0d83",
            "ticker": "KXHIGHDEN-25MAR12-B64.5",
            "count": 30,
            "created_time": "2025-03-12T21:33:13.874648Z",
            "yes_price": 84,
            "no_price": 16,
            "taker_side": "yes"
        },
        {
            "trade_id": "bb836fe3-92a8-4954-80c6-dceee66fcc42",
            "ticker": "KXHIGHDEN-25MAR12-B64.5",
            "count": 3,
            "created_time": "2025-03-12T21:32:16.138026Z",
            "yes_price": 84,
            "no_price": 16,
            "taker_side": "yes"
        },
        {
            "trade_id": "45a39343-16e9-4824-a50a-ea033cfa6a94",
            "ticker": "KXHIGHDEN-25MAR12-B64.5",
            "count": 22,
            "created_time": "2025-03-12T21:31:20.805656Z",
            "yes_price": 79,
            "no_price": 21,
            "taker_side": "yes"
        },
        {
            "trade_id": "0dfcf7f7-5bc8-4180-8073-91563c214480",
            "ticker": "KXHIGHDEN-25MAR12-B64.5",
            "count": 20,
            "created_time": "2025-03-12T21:30:22.852087Z",
            "yes_price": 78,
            "no_price": 22,
            "taker_side": "yes"
        },
        {
            "trade_id": "59187b21-4109-4339-b834-47a7788cf72f",
            "ticker": "KXHIGHDEN-25MAR12-B64.5",
            "count": 21,
            "created_time": "2025-03-12T21:22:50.474115Z",
            "yes_price": 80,
            "no_price": 20,
            "taker_side": "no"
        },
        {
            "trade_id": "51631346-0d49-4c82-8d44-47e9235005a8",
            "ticker": "KXHIGHDEN-25MAR12-B64.5",
            "count": 13,
            "created_time": "2025-03-12T21:21:57.999573Z",
            "yes_price": 81,
            "no_price": 19,
            "taker_side": "no"
        },
        {
            "trade_id": "de63d3e8-eb87-4730-b674-efe18a967f14",
            "ticker": "KXHIGHDEN-25MAR12-B64.5",
            "count": 100,
            "created_time": "2025-03-12T21:12:08.142739Z",
            "yes_price": 81,
            "no_price": 19,
            "taker_side": "no"
        },
        {
            "trade_id": "2a676679-b583-46e4-9895-a606e7afd29c",
            "ticker": "KXHIGHDEN-25MAR12-B64.5",
            "count": 1,
            "created_time": "2025-03-12T21:08:48.404433Z",
            "yes_price": 82,
            "no_price": 18,
            "taker_side": "no"
        },
        {
            "trade_id": "9ed64ede-688f-4ba2-a049-78e5c8c7b2d9",
            "ticker": "KXHIGHDEN-25MAR12-B64.5",
            "count": 40,
            "created_time": "2025-03-12T21:06:14.654949Z",
            "yes_price": 78,
            "no_price": 22,
            "taker_side": "no"
        },
        {
            "trade_id": "1f09b59d-6eb1-456a-8943-b63aa9159f62",
            "ticker": "KXHIGHDEN-25MAR12-B64.5",
            "count": 179,
            "created_time": "2025-03-12T21:06:14.654949Z",
            "yes_price": 77,
            "no_price": 23,
            "taker_side": "no"
        },
        {
            "trade_id": "cf51dae9-a28f-450f-8f2c-5708bb05b3a6",
            "ticker": "KXHIGHDEN-25MAR12-B64.5",
            "count": 21,
            "created_time": "2025-03-12T21:01:04.089859Z",
            "yes_price": 75,
            "no_price": 25,
            "taker_side": "yes"
        },
        {
            "trade_id": "b24413e7-5139-4598-b51e-b9bd199063e7",
            "ticker": "KXHIGHDEN-25MAR12-B64.5",
            "count": 50,
            "created_time": "2025-03-12T21:01:04.089859Z",
            "yes_price": 76,
            "no_price": 24,
            "taker_side": "yes"
        },
        {
            "trade_id": "65cb8eaa-8b2f-46d9-83f9-092ffab3dfb5",
            "ticker": "KXHIGHDEN-25MAR12-B64.5",
            "count": 23,
            "created_time": "2025-03-12T21:01:04.089859Z",
            "yes_price": 75,
            "no_price": 25,
            "taker_side": "yes"
        },
        {
            "trade_id": "11c0666a-945a-4536-b775-933ca8606fe4",
            "ticker": "KXHIGHDEN-25MAR12-B64.5",
            "count": 125,
            "created_time": "2025-03-12T21:01:04.089859Z",
            "yes_price": 76,
            "no_price": 24,
            "taker_side": "yes"
        },
        {
            "trade_id": "517895cb-2dd7-4f32-b588-0c1d5daf4a5a",
            "ticker": "KXHIGHDEN-25MAR12-B64.5",
            "count": 20,
            "created_time": "2025-03-12T21:01:00.19853Z",
            "yes_price": 74,
            "no_price": 26,
            "taker_side": "no"
        },
        {
            "trade_id": "9a75a61c-b28b-4ecc-a01f-dd989da9b51c",
            "ticker": "KXHIGHDEN-25MAR12-B64.5",
            "count": 20,
            "created_time": "2025-03-12T21:00:38.551395Z",
            "yes_price": 74,
            "no_price": 26,
            "taker_side": "yes"
        },
        {
            "trade_id": "a4da18f1-888d-439a-940e-239cdedd3136",
            "ticker": "KXHIGHDEN-25MAR12-B64.5",
            "count": 22,
            "created_time": "2025-03-12T21:00:16.22194Z",
            "yes_price": 74,
            "no_price": 26,
            "taker_side": "yes"
        },
        {
            "trade_id": "667dbc78-9728-481d-a486-5cd59ad97293",
            "ticker": "KXHIGHDEN-25MAR12-B64.5",
            "count": 20,
            "created_time": "2025-03-12T20:58:45.132662Z",
            "yes_price": 74,
            "no_price": 26,
            "taker_side": "yes"
        },
        {
            "trade_id": "5df4b270-ee49-408c-ae93-53b60de6a2bb",
            "ticker": "KXHIGHDEN-25MAR12-B64.5",
            "count": 23,
            "created_time": "2025-03-12T20:58:35.801082Z",
            "yes_price": 74,
            "no_price": 26,
            "taker_side": "yes"
        },
        {
            "trade_id": "c8f5bc40-c2cd-44fe-8d14-704047e47a6c",
            "ticker": "KXHIGHDEN-25MAR12-B64.5",
            "count": 9,
            "created_time": "2025-03-12T20:57:51.142528Z",
            "yes_price": 74,
            "no_price": 26,
            "taker_side": "yes"
        },
        {
            "trade_id": "8308ba4f-a87f-47c0-8ed0-f1da3f397e9c",
            "ticker": "KXHIGHDEN-25MAR12-B64.5",
            "count": 14,
            "created_time": "2025-03-12T20:52:25.307683Z",
            "yes_price": 74,
            "no_price": 26,
            "taker_side": "yes"
        },
        {
            "trade_id": "64047435-fd90-4d9d-956a-38a611baf3b1",
            "ticker": "KXHIGHDEN-25MAR12-B64.5",
            "count": 50,
            "created_time": "2025-03-12T20:44:31.699493Z",
            "yes_price": 60,
            "no_price": 40,
            "taker_side": "no"
        },
        {
            "trade_id": "2a3ff3ce-e833-4714-8cfc-2caf5673d7b7",
            "ticker": "KXHIGHDEN-25MAR12-B64.5",
            "count": 196,
            "created_time": "2025-03-12T20:44:28.326991Z",
            "yes_price": 60,
            "no_price": 40,
            "taker_side": "no"
        },
        {
            "trade_id": "1cefb932-b4d1-4777-aa1d-4a2f8f0128d3",
            "ticker": "KXHIGHDEN-25MAR12-B64.5",
            "count": 30,
            "created_time": "2025-03-12T20:43:14.114585Z",
            "yes_price": 65,
            "no_price": 35,
            "taker_side": "yes"
        },
        {
            "trade_id": "b3c2006e-5c08-447a-957f-b463be4ebbe0",
            "ticker": "KXHIGHDEN-25MAR12-B64.5",
            "count": 30,
            "created_time": "2025-03-12T20:43:13.80623Z",
            "yes_price": 66,
            "no_price": 34,
            "taker_side": "no"
        },
        {
            "trade_id": "96b6f17b-cba1-47a6-b083-7bd751b91982",
            "ticker": "KXHIGHDEN-25MAR12-B64.5",
            "count": 23,
            "created_time": "2025-03-12T20:43:13.80623Z",
            "yes_price": 66,
            "no_price": 34,
            "taker_side": "no"
        },
        {
            "trade_id": "694dfe86-10c8-43bb-8b05-aaeac8d8a73c",
            "ticker": "KXHIGHDEN-25MAR12-B64.5",
            "count": 125,
            "created_time": "2025-03-12T20:43:13.80623Z",
            "yes_price": 65,
            "no_price": 35,
            "taker_side": "no"
        },
        {
            "trade_id": "346ba307-34bc-4551-b640-fc59ccefe928",
            "ticker": "KXHIGHDEN-25MAR12-B64.5",
            "count": 20,
            "created_time": "2025-03-12T20:43:13.80623Z",
            "yes_price": 66,
            "no_price": 34,
            "taker_side": "no"
        },
        {
            "trade_id": "5f59fc9f-8591-4a22-ab61-a7d658937c62",
            "ticker": "KXHIGHDEN-25MAR12-B64.5",
            "count": 2,
            "created_time": "2025-03-12T20:40:24.085583Z",
            "yes_price": 75,
            "no_price": 25,
            "taker_side": "yes"
        },
        {
            "trade_id": "b65b86f9-b3c2-4f64-803b-bff923131e90",
            "ticker": "KXHIGHDEN-25MAR12-B64.5",
            "count": 7,
            "created_time": "2025-03-12T20:39:49.064114Z",
            "yes_price": 73,
            "no_price": 27,
            "taker_side": "yes"
        },
        {
            "trade_id": "84b8f749-72ae-4f92-88d3-d6e030f93fd2",
            "ticker": "KXHIGHDEN-25MAR12-B64.5",
            "count": 1,
            "created_time": "2025-03-12T20:39:49.064114Z",
            "yes_price": 75,
            "no_price": 25,
            "taker_side": "yes"
        },
        {
            "trade_id": "53b8e1fa-2c72-4ba5-b37f-d9fdb8a3e40f",
            "ticker": "KXHIGHDEN-25MAR12-B64.5",
            "count": 20,
            "created_time": "2025-03-12T20:39:13.737677Z",
            "yes_price": 73,
            "no_price": 27,
            "taker_side": "yes"
        },
        {
            "trade_id": "47d40db8-dfc7-42d2-ba73-93d2949f8e2a",
            "ticker": "KXHIGHDEN-25MAR12-B64.5",
            "count": 20,
            "created_time": "2025-03-12T20:39:13.737677Z",
            "yes_price": 73,
            "no_price": 27,
            "taker_side": "yes"
        },
        {
            "trade_id": "9f53ff51-12df-4449-9fed-e34903fdde72",
            "ticker": "KXHIGHDEN-25MAR12-B64.5",
            "count": 2,
            "created_time": "2025-03-12T20:38:22.008328Z",
            "yes_price": 73,
            "no_price": 27,
            "taker_side": "yes"
        },
        {
            "trade_id": "97b2cc89-6f52-4b42-9d7f-7966e5cc4178",
            "ticker": "KXHIGHDEN-25MAR12-B64.5",
            "count": 13,
            "created_time": "2025-03-12T20:38:22.008328Z",
            "yes_price": 72,
            "no_price": 28,
            "taker_side": "yes"
        },
        {
            "trade_id": "fbecaf94-1632-4d11-96bf-2515400f1ea5",
            "ticker": "KXHIGHDEN-25MAR12-B64.5",
            "count": 27,
            "created_time": "2025-03-12T20:35:14.882315Z",
            "yes_price": 72,
            "no_price": 28,
            "taker_side": "yes"
        },
        {
            "trade_id": "40554c71-7acb-47ac-bece-3b4804f3d57f",
            "ticker": "KXHIGHDEN-25MAR12-B64.5",
            "count": 25,
            "created_time": "2025-03-12T20:20:43.026687Z",
            "yes_price": 74,
            "no_price": 26,
            "taker_side": "yes"
        },
        {
            "trade_id": "66119728-7999-47f3-94d2-375abbdc9f20",
            "ticker": "KXHIGHDEN-25MAR12-B64.5",
            "count": 39,
            "created_time": "2025-03-12T20:13:13.020642Z",
            "yes_price": 75,
            "no_price": 25,
            "taker_side": "yes"
        },
        {
            "trade_id": "2c0af5d3-9296-40a6-aa25-42d4d85fceb3",
            "ticker": "KXHIGHDEN-25MAR12-B64.5",
            "count": 83,
            "created_time": "2025-03-12T20:12:20.849489Z",
            "yes_price": 74,
            "no_price": 26,
            "taker_side": "no"
        },
        {
            "trade_id": "ab2ceec3-a904-4c03-91bb-090e4b44f69e",
            "ticker": "KXHIGHDEN-25MAR12-B64.5",
            "count": 17,
            "created_time": "2025-03-12T20:12:16.649077Z",
            "yes_price": 72,
            "no_price": 28,
            "taker_side": "yes"
        },
        {
            "trade_id": "71ed7af5-3154-4157-a6fe-ef5939628ef7",
            "ticker": "KXHIGHDEN-25MAR12-B64.5",
            "count": 50,
            "created_time": "2025-03-12T20:12:11.239793Z",
            "yes_price": 70,
            "no_price": 30,
            "taker_side": "no"
        },
        {
            "trade_id": "d253a7f5-34e8-4b03-b0ba-2d9c2751ce95",
            "ticker": "KXHIGHDEN-25MAR12-B64.5",
            "count": 8,
            "created_time": "2025-03-12T20:11:25.392203Z",
            "yes_price": 72,
            "no_price": 28,
            "taker_side": "yes"
        },
        {
            "trade_id": "6f65b1e9-1b0a-45b7-94af-7a397b452396",
            "ticker": "KXHIGHDEN-25MAR12-B64.5",
            "count": 2,
            "created_time": "2025-03-12T20:11:25.392203Z",
            "yes_price": 71,
            "no_price": 29,
            "taker_side": "yes"
        },
        {
            "trade_id": "6a4b8d7c-11ae-44e0-96c1-f715f96d2d1c",
            "ticker": "KXHIGHDEN-25MAR12-B64.5",
            "count": 120,
            "created_time": "2025-03-12T20:07:04.814961Z",
            "yes_price": 76,
            "no_price": 24,
            "taker_side": "no"
        },
        {
            "trade_id": "f63accf0-a795-4f76-b37b-2b1dd24b3325",
            "ticker": "KXHIGHDEN-25MAR12-B64.5",
            "count": 2,
            "created_time": "2025-03-12T20:07:04.741173Z",
            "yes_price": 75,
            "no_price": 25,
            "taker_side": "yes"
        },
        {
            "trade_id": "878fe562-ef8a-4cc5-98f1-aae4261c7636",
            "ticker": "KXHIGHDEN-25MAR12-B64.5",
            "count": 38,
            "created_time": "2025-03-12T20:07:04.741173Z",
            "yes_price": 74,
            "no_price": 26,
            "taker_side": "yes"
        },
        {
            "trade_id": "33d7b115-8d68-48dc-82c6-01b05a2ba80d",
            "ticker": "KXHIGHDEN-25MAR12-B64.5",
            "count": 24,
            "created_time": "2025-03-12T20:05:15.217657Z",
            "yes_price": 74,
            "no_price": 26,
            "taker_side": "no"
        },
        {
            "trade_id": "10178a46-c29d-404b-9947-159fe2bde7cc",
            "ticker": "KXHIGHDEN-25MAR12-B64.5",
            "count": 42,
            "created_time": "2025-03-12T20:05:14.399383Z",
            "yes_price": 74,
            "no_price": 26,
            "taker_side": "yes"
        },
        {
            "trade_id": "c5afc6ed-7428-4a05-b3e2-535f25d6f709",
            "ticker": "KXHIGHDEN-25MAR12-B64.5",
            "count": 24,
            "created_time": "2025-03-12T20:05:03.198334Z",
            "yes_price": 67,
            "no_price": 33,
            "taker_side": "yes"
        },
        {
            "trade_id": "89ac42ba-26a1-4d8d-ab87-aeb93e365fa5",
            "ticker": "KXHIGHDEN-25MAR12-B64.5",
            "count": 1,
            "created_time": "2025-03-12T19:59:49.337409Z",
            "yes_price": 52,
            "no_price": 48,
            "taker_side": "no"
        },
        {
            "trade_id": "7c56a39c-3e34-46d4-b4cc-0158ffddca4c",
            "ticker": "KXHIGHDEN-25MAR12-B64.5",
            "count": 1,
            "created_time": "2025-03-12T19:59:49.337409Z",
            "yes_price": 51,
            "no_price": 49,
            "taker_side": "no"
        },
        {
            "trade_id": "f7c8f7f6-dffa-46f6-84ac-c6be69c1a91e",
            "ticker": "KXHIGHDEN-25MAR12-B64.5",
            "count": 24,
            "created_time": "2025-03-12T19:59:21.653073Z",
            "yes_price": 64,
            "no_price": 36,
            "taker_side": "yes"
        },
        {
            "trade_id": "9def4ab5-7443-4197-88f0-ac14821c64ae",
            "ticker": "KXHIGHDEN-25MAR12-B64.5",
            "count": 30,
            "created_time": "2025-03-12T19:59:21.653073Z",
            "yes_price": 64,
            "no_price": 36,
            "taker_side": "yes"
        },
        {
            "trade_id": "8cb39d77-743b-4cdb-89a9-30a7b908d421",
            "ticker": "KXHIGHDEN-25MAR12-B64.5",
            "count": 22,
            "created_time": "2025-03-12T19:59:21.653073Z",
            "yes_price": 65,
            "no_price": 35,
            "taker_side": "yes"
        },
        {
            "trade_id": "2d0084bc-1024-4263-a9f4-c0a87b2ff3f9",
            "ticker": "KXHIGHDEN-25MAR12-B64.5",
            "count": 20,
            "created_time": "2025-03-12T19:57:10.607506Z",
            "yes_price": 63,
            "no_price": 37,
            "taker_side": "yes"
        },
        {
            "trade_id": "1f832408-33ed-4ab1-82d5-66b92e51b3b7",
            "ticker": "KXHIGHDEN-25MAR12-B64.5",
            "count": 2,
            "created_time": "2025-03-12T19:57:10.607506Z",
            "yes_price": 63,
            "no_price": 37,
            "taker_side": "yes"
        },
        {
            "trade_id": "c5d7919f-0cd3-416b-b341-7efea78c844d",
            "ticker": "KXHIGHDEN-25MAR12-B64.5",
            "count": 2,
            "created_time": "2025-03-12T19:55:39.30955Z",
            "yes_price": 63,
            "no_price": 37,
            "taker_side": "yes"
        },
        {
            "trade_id": "1d68de66-5c50-4289-aabc-d9bb1617a1b5",
            "ticker": "KXHIGHDEN-25MAR12-B64.5",
            "count": 8,
            "created_time": "2025-03-12T19:53:27.942148Z",
            "yes_price": 65,
            "no_price": 35,
            "taker_side": "yes"
        },
        {
            "trade_id": "02d06b49-0798-436a-9fce-87712a8694b5",
            "ticker": "KXHIGHDEN-25MAR12-B64.5",
            "count": 3,
            "created_time": "2025-03-12T19:53:27.942148Z",
            "yes_price": 64,
            "no_price": 36,
            "taker_side": "yes"
        },
        {
            "trade_id": "af733ed3-4472-414d-a9d5-7d8212c4e11b",
            "ticker": "KXHIGHDEN-25MAR12-B64.5",
            "count": 19,
            "created_time": "2025-03-12T19:52:55.028053Z",
            "yes_price": 63,
            "no_price": 37,
            "taker_side": "yes"
        },
        {
            "trade_id": "af67d1fe-1b2a-4659-a017-fce3988c2b3f",
            "ticker": "KXHIGHDEN-25MAR12-B64.5",
            "count": 250,
            "created_time": "2025-03-12T19:52:55.028053Z",
            "yes_price": 64,
            "no_price": 36,
            "taker_side": "yes"
        },
        {
            "trade_id": "a8e818ab-cd79-48b1-a488-28631c0e8384",
            "ticker": "KXHIGHDEN-25MAR12-B64.5",
            "count": 50,
            "created_time": "2025-03-12T19:52:55.028053Z",
            "yes_price": 63,
            "no_price": 37,
            "taker_side": "yes"
        },
        {
            "trade_id": "89effa4c-b002-4892-be9d-641c57c570b5",
            "ticker": "KXHIGHDEN-25MAR12-B64.5",
            "count": 10,
            "created_time": "2025-03-12T19:52:55.028053Z",
            "yes_price": 65,
            "no_price": 35,
            "taker_side": "yes"
        },
        {
            "trade_id": "80974a5d-4a94-4471-92bb-bc15cf02ba57",
            "ticker": "KXHIGHDEN-25MAR12-B64.5",
            "count": 2,
            "created_time": "2025-03-12T19:52:55.028053Z",
            "yes_price": 61,
            "no_price": 39,
            "taker_side": "yes"
        },
        {
            "trade_id": "5f666617-c783-43c8-ab62-f3b4c92db2b6",
            "ticker": "KXHIGHDEN-25MAR12-B64.5",
            "count": 57,
            "created_time": "2025-03-12T19:52:55.028053Z",
            "yes_price": 62,
            "no_price": 38,
            "taker_side": "yes"
        },
        {
            "trade_id": "f3e39a48-bbfe-467d-be7b-89731b2136bb",
            "ticker": "KXHIGHDEN-25MAR12-B64.5",
            "count": 94,
            "created_time": "2025-03-12T19:52:36.2067Z",
            "yes_price": 60,
            "no_price": 40,
            "taker_side": "yes"
        },
        {
            "trade_id": "ec93bf96-c39c-47fb-a533-aa4d095668ee",
            "ticker": "KXHIGHDEN-25MAR12-B64.5",
            "count": 20,
            "created_time": "2025-03-12T19:52:36.2067Z",
            "yes_price": 61,
            "no_price": 39,
            "taker_side": "yes"
        },
        {
            "trade_id": "f5a77e54-3062-4228-9b24-974b32759cb7",
            "ticker": "KXHIGHDEN-25MAR12-B64.5",
            "count": 35,
            "created_time": "2025-03-12T19:51:43.699521Z",
            "yes_price": 57,
            "no_price": 43,
            "taker_side": "no"
        },
        {
            "trade_id": "695766ca-2a15-4ebf-96b3-f40fbb387add",
            "ticker": "KXHIGHDEN-25MAR12-B64.5",
            "count": 35,
            "created_time": "2025-03-12T19:46:00.85529Z",
            "yes_price": 59,
            "no_price": 41,
            "taker_side": "no"
        },
        {
            "trade_id": "b6f2c40a-26b3-4325-8394-081242508e51",
            "ticker": "KXHIGHDEN-25MAR12-B64.5",
            "count": 35,
            "created_time": "2025-03-12T19:45:58.431928Z",
            "yes_price": 59,
            "no_price": 41,
            "taker_side": "yes"
        },
        {
            "trade_id": "b0c4ce2d-a641-4687-a93f-e7f5fe12465c",
            "ticker": "KXHIGHDEN-25MAR12-B64.5",
            "count": 174,
            "created_time": "2025-03-12T19:45:58.431928Z",
            "yes_price": 59,
            "no_price": 41,
            "taker_side": "yes"
        },
        {
            "trade_id": "16789f5b-d682-4bfe-bf49-1fa0625c23ce",
            "ticker": "KXHIGHDEN-25MAR12-B64.5",
            "count": 25,
            "created_time": "2025-03-12T19:44:47.009061Z",
            "yes_price": 56,
            "no_price": 44,
            "taker_side": "no"
        },
        {
            "trade_id": "71473a81-bde6-4b11-bf14-8b8b3f942b10",
            "ticker": "KXHIGHDEN-25MAR12-B64.5",
            "count": 47,
            "created_time": "2025-03-12T19:43:28.871776Z",
            "yes_price": 50,
            "no_price": 50,
            "taker_side": "yes"
        },
        {
            "trade_id": "befc98de-35d9-47d2-b115-25e998d1b02a",
            "ticker": "KXHIGHDEN-25MAR12-B64.5",
            "count": 25,
            "created_time": "2025-03-12T19:43:15.11826Z",
            "yes_price": 49,
            "no_price": 51,
            "taker_side": "no"
        },
        {
            "trade_id": "e3954313-c118-4b68-89b4-5fbf4fff6fe8",
            "ticker": "KXHIGHDEN-25MAR12-B64.5",
            "count": 6,
            "created_time": "2025-03-12T19:42:34.287283Z",
            "yes_price": 52,
            "no_price": 48,
            "taker_side": "yes"
        },
        {
            "trade_id": "e0ccefdd-526e-4387-b4f9-e77f3db4cc06",
            "ticker": "KXHIGHDEN-25MAR12-B64.5",
            "count": 10,
            "created_time": "2025-03-12T19:42:00.079006Z",
            "yes_price": 65,
            "no_price": 35,
            "taker_side": "yes"
        },
        {
            "trade_id": "bf045dff-a9b5-404f-a61d-9a1af5011d79",
            "ticker": "KXHIGHDEN-25MAR12-B64.5",
            "count": 33,
            "created_time": "2025-03-12T19:42:00.079006Z",
            "yes_price": 58,
            "no_price": 42,
            "taker_side": "yes"
        },
        {
            "trade_id": "b1b73a53-fe04-4940-97c8-aef9cfe9c891",
            "ticker": "KXHIGHDEN-25MAR12-B64.5",
            "count": 8,
            "created_time": "2025-03-12T19:42:00.079006Z",
            "yes_price": 54,
            "no_price": 46,
            "taker_side": "yes"
        },
        {
            "trade_id": "a0fd4dfc-22e2-4438-bf39-f91d251cf023",
            "ticker": "KXHIGHDEN-25MAR12-B64.5",
            "count": 8,
            "created_time": "2025-03-12T19:42:00.079006Z",
            "yes_price": 54,
            "no_price": 46,
            "taker_side": "yes"
        },
        {
            "trade_id": "8ae6efa0-7139-4d7f-b854-fa3418d30618",
            "ticker": "KXHIGHDEN-25MAR12-B64.5",
            "count": 20,
            "created_time": "2025-03-12T19:42:00.079006Z",
            "yes_price": 59,
            "no_price": 41,
            "taker_side": "yes"
        },
        {
            "trade_id": "8a08fb31-c7de-4f98-aa17-7a472182409e",
            "ticker": "KXHIGHDEN-25MAR12-B64.5",
            "count": 32,
            "created_time": "2025-03-12T19:42:00.079006Z",
            "yes_price": 50,
            "no_price": 50,
            "taker_side": "yes"
        },
        {
            "trade_id": "81b615c1-4704-41c4-b789-66289011db9c",
            "ticker": "KXHIGHDEN-25MAR12-B64.5",
            "count": 17,
            "created_time": "2025-03-12T19:42:00.079006Z",
            "yes_price": 59,
            "no_price": 41,
            "taker_side": "yes"
        },
        {
            "trade_id": "7f02ddf8-1173-4a48-a1d2-e6c67a684c88",
            "ticker": "KXHIGHDEN-25MAR12-B64.5",
            "count": 16,
            "created_time": "2025-03-12T19:40:34.075627Z",
            "yes_price": 41,
            "no_price": 59,
            "taker_side": "yes"
        },
        {
            "trade_id": "bd79df97-3402-4715-9555-cc8fe31acb67",
            "ticker": "KXHIGHDEN-25MAR12-B64.5",
            "count": 10,
            "created_time": "2025-03-12T19:40:33.016204Z",
            "yes_price": 35,
            "no_price": 65,
            "taker_side": "no"
        },
        {
            "trade_id": "f497c74f-0180-48cc-8768-4c5420833cae",
            "ticker": "KXHIGHDEN-25MAR12-B64.5",
            "count": 15,
            "created_time": "2025-03-12T19:40:11.278928Z",
            "yes_price": 55,
            "no_price": 45,
            "taker_side": "yes"
        },
        {
            "trade_id": "ec19d620-01e7-4290-b60b-e0638916909f",
            "ticker": "KXHIGHDEN-25MAR12-B64.5",
            "count": 19,
            "created_time": "2025-03-12T19:40:11.278928Z",
            "yes_price": 55,
            "no_price": 45,
            "taker_side": "yes"
        },
        {
            "trade_id": "ebc6b046-2ee1-453b-83cd-d2b329a6f726",
            "ticker": "KXHIGHDEN-25MAR12-B64.5",
            "count": 32,
            "created_time": "2025-03-12T19:40:11.278928Z",
            "yes_price": 50,
            "no_price": 50,
            "taker_side": "yes"
        },
        {
            "trade_id": "967427a7-2c90-4b32-a6cf-5f65df0a4d3e",
            "ticker": "KXHIGHDEN-25MAR12-B64.5",
            "count": 3,
            "created_time": "2025-03-12T19:40:11.278928Z",
            "yes_price": 49,
            "no_price": 51,
            "taker_side": "yes"
        },
        {
            "trade_id": "3065952e-5466-4929-b1a0-7ac1fe9ac73f",
            "ticker": "KXHIGHDEN-25MAR12-B64.5",
            "count": 16,
            "created_time": "2025-03-12T19:40:11.278928Z",
            "yes_price": 41,
            "no_price": 59,
            "taker_side": "yes"
        },
        {
            "trade_id": "01d1c342-966b-448f-90fd-e80e243f14d9",
            "ticker": "KXHIGHDEN-25MAR12-B64.5",
            "count": 9,
            "created_time": "2025-03-12T19:40:11.278928Z",
            "yes_price": 54,
            "no_price": 46,
            "taker_side": "yes"
        },
        {
            "trade_id": "3d0a4c06-2cec-48ba-aefb-afcd09203afb",
            "ticker": "KXHIGHDEN-25MAR12-B64.5",
            "count": 300,
            "created_time": "2025-03-12T19:34:26.264069Z",
            "yes_price": 37,
            "no_price": 63,
            "taker_side": "no"
        },
        {
            "trade_id": "bd2af041-e773-4904-b353-018423711254",
            "ticker": "KXHIGHDEN-25MAR12-B64.5",
            "count": 20,
            "created_time": "2025-03-12T19:32:46.681329Z",
            "yes_price": 40,
            "no_price": 60,
            "taker_side": "no"
        },
        {
            "trade_id": "9c0cb729-4842-4cfd-9add-d2574bad6839",
            "ticker": "KXHIGHDEN-25MAR12-B64.5",
            "count": 20,
            "created_time": "2025-03-12T19:32:19.122091Z",
            "yes_price": 40,
            "no_price": 60,
            "taker_side": "no"
        },
        {
            "trade_id": "bc61dc38-af10-484d-a4d2-58369700cf32",
            "ticker": "KXHIGHDEN-25MAR12-B64.5",
            "count": 16,
            "created_time": "2025-03-12T19:32:03.284883Z",
            "yes_price": 39,
            "no_price": 61,
            "taker_side": "no"
        },
        {
            "trade_id": "9e277073-dbb4-4a48-9c41-cdf9acfe4004",
            "ticker": "KXHIGHDEN-25MAR12-B64.5",
            "count": 16,
            "created_time": "2025-03-12T19:32:03.210703Z",
            "yes_price": 39,
            "no_price": 61,
            "taker_side": "yes"
        },
        {
            "trade_id": "19fcb987-6918-4616-b1f6-3360fb9f49ad",
            "ticker": "KXHIGHDEN-25MAR12-B64.5",
            "count": 13,
            "created_time": "2025-03-12T19:26:26.719217Z",
            "yes_price": 33,
            "no_price": 67,
            "taker_side": "no"
        },
        {
            "trade_id": "823b4122-cd96-4a9a-889d-8445b095d0e1",
            "ticker": "KXHIGHDEN-25MAR12-B64.5",
            "count": 13,
            "created_time": "2025-03-12T19:25:58.883056Z",
            "yes_price": 37,
            "no_price": 63,
            "taker_side": "yes"
        },
        {
            "trade_id": "025c697c-a0c7-4717-a426-0c7086099238",
            "ticker": "KXHIGHDEN-25MAR12-B64.5",
            "count": 13,
            "created_time": "2025-03-12T19:25:58.883056Z",
            "yes_price": 37,
            "no_price": 63,
            "taker_side": "yes"
        },
        {
            "trade_id": "af76f013-70f0-421d-8e31-0b31eab59f2e",
            "ticker": "KXHIGHDEN-25MAR12-B64.5",
            "count": 4,
            "created_time": "2025-03-12T19:22:14.665948Z",
            "yes_price": 34,
            "no_price": 66,
            "taker_side": "yes"
        },
        {
            "trade_id": "7903752d-e075-435c-9e08-8e9840d8368e",
            "ticker": "KXHIGHDEN-25MAR12-B64.5",
            "count": 15,
            "created_time": "2025-03-12T19:22:14.665948Z",
            "yes_price": 35,
            "no_price": 65,
            "taker_side": "yes"
        },
        {
            "trade_id": "c20c318b-53fb-4973-a9ae-f842546d50bb",
            "ticker": "KXHIGHDEN-25MAR12-B64.5",
            "count": 27,
            "created_time": "2025-03-12T19:15:25.536429Z",
            "yes_price": 22,
            "no_price": 78,
            "taker_side": "no"
        },
        {
            "trade_id": "a9ea6540-e703-4a72-ab5c-c7d7bae7ce81",
            "ticker": "KXHIGHDEN-25MAR12-B64.5",
            "count": 37,
            "created_time": "2025-03-12T19:15:25.536429Z",
            "yes_price": 17,
            "no_price": 83,
            "taker_side": "no"
        },
        {
            "trade_id": "8ad8d1e6-a31f-421e-aae0-7c3c907dc654",
            "ticker": "KXHIGHDEN-25MAR12-B64.5",
            "count": 20,
            "created_time": "2025-03-12T19:15:25.536429Z",
            "yes_price": 22,
            "no_price": 78,
            "taker_side": "no"
        },
        {
            "trade_id": "8375b78a-483d-41fe-812a-842c71b9c4a8",
            "ticker": "KXHIGHDEN-25MAR12-B64.5",
            "count": 12,
            "created_time": "2025-03-12T19:15:25.536429Z",
            "yes_price": 21,
            "no_price": 79,
            "taker_side": "no"
        },
        {
            "trade_id": "51baaff9-2027-44d0-88a8-150959f8982f",
            "ticker": "KXHIGHDEN-25MAR12-B64.5",
            "count": 13,
            "created_time": "2025-03-12T19:15:25.536429Z",
            "yes_price": 18,
            "no_price": 82,
            "taker_side": "no"
        },
        {
            "trade_id": "0ac6827d-3657-4c31-875e-b6b4c325117a",
            "ticker": "KXHIGHDEN-25MAR12-B64.5",
            "count": 2,
            "created_time": "2025-03-12T19:15:25.536429Z",
            "yes_price": 18,
            "no_price": 82,
            "taker_side": "no"
        },
        {
            "trade_id": "c5468885-530a-49f7-b8df-6fde94137ab9",
            "ticker": "KXHIGHDEN-25MAR12-B64.5",
            "count": 1,
            "created_time": "2025-03-12T18:57:23.889317Z",
            "yes_price": 25,
            "no_price": 75,
            "taker_side": "no"
        },
        {
            "trade_id": "ab4049f2-3f6e-48d8-b810-a983328da1d3",
            "ticker": "KXHIGHDEN-25MAR12-B64.5",
            "count": 2,
            "created_time": "2025-03-12T18:57:23.889317Z",
            "yes_price": 25,
            "no_price": 75,
            "taker_side": "no"
        },
        {
            "trade_id": "545f7e4c-aed8-43d2-a802-5457c3b7fcb5",
            "ticker": "KXHIGHDEN-25MAR12-B64.5",
            "count": 20,
            "created_time": "2025-03-12T18:57:23.889317Z",
            "yes_price": 24,
            "no_price": 76,
            "taker_side": "no"
        },
        {
            "trade_id": "33f18565-43d2-4398-908b-f88c9f0de510",
            "ticker": "KXHIGHDEN-25MAR12-B64.5",
            "count": 106,
            "created_time": "2025-03-12T18:57:23.889317Z",
            "yes_price": 23,
            "no_price": 77,
            "taker_side": "no"
        },
        {
            "trade_id": "ad57c055-2038-4847-8ccf-7a8035aa52be",
            "ticker": "KXHIGHDEN-25MAR12-B64.5",
            "count": 55,
            "created_time": "2025-03-12T18:51:22.723606Z",
            "yes_price": 36,
            "no_price": 64,
            "taker_side": "yes"
        },
        {
            "trade_id": "ecbd0059-d145-4a62-b355-116f4548ca51",
            "ticker": "KXHIGHDEN-25MAR12-B64.5",
            "count": 30,
            "created_time": "2025-03-12T18:50:20.254552Z",
            "yes_price": 36,
            "no_price": 64,
            "taker_side": "yes"
        },
        {
            "trade_id": "5a091590-2434-4390-868b-c6d25af9e8d7",
            "ticker": "KXHIGHDEN-25MAR12-B64.5",
            "count": 44,
            "created_time": "2025-03-12T18:50:20.254552Z",
            "yes_price": 36,
            "no_price": 64,
            "taker_side": "yes"
        },
        {
            "trade_id": "7f8f056b-bbec-4ef9-825f-f99e9fc42438",
            "ticker": "KXHIGHDEN-25MAR12-B64.5",
            "count": 14,
            "created_time": "2025-03-12T18:49:26.085543Z",
            "yes_price": 33,
            "no_price": 67,
            "taker_side": "yes"
        },
        {
            "trade_id": "7bcd1d44-190e-4b3e-af34-2a17e8896f64",
            "ticker": "KXHIGHDEN-25MAR12-B64.5",
            "count": 2,
            "created_time": "2025-03-12T18:49:26.085543Z",
            "yes_price": 36,
            "no_price": 64,
            "taker_side": "yes"
        },
        {
            "trade_id": "616c1b81-a7b5-4f03-82ed-b63cf70ddfa9",
            "ticker": "KXHIGHDEN-25MAR12-B64.5",
            "count": 20,
            "created_time": "2025-03-12T18:49:26.085543Z",
            "yes_price": 36,
            "no_price": 64,
            "taker_side": "yes"
        },
        {
            "trade_id": "301b84be-fbc9-462e-85bf-22c614986278",
            "ticker": "KXHIGHDEN-25MAR12-B64.5",
            "count": 12,
            "created_time": "2025-03-12T18:49:26.085543Z",
            "yes_price": 37,
            "no_price": 63,
            "taker_side": "yes"
        },
        {
            "trade_id": "874d37fb-cb81-4b23-8efe-942408ef8f19",
            "ticker": "KXHIGHDEN-25MAR12-B64.5",
            "count": 20,
            "created_time": "2025-03-12T18:42:06.891823Z",
            "yes_price": 28,
            "no_price": 72,
            "taker_side": "yes"
        },
        {
            "trade_id": "2077566a-7d9c-41dd-a2cb-d934ec31c8c8",
            "ticker": "KXHIGHDEN-25MAR12-B64.5",
            "count": 208,
            "created_time": "2025-03-12T18:42:06.891823Z",
            "yes_price": 29,
            "no_price": 71,
            "taker_side": "yes"
        },
        {
            "trade_id": "7c650a21-d028-462b-9a21-12b7566dcb7e",
            "ticker": "KXHIGHDEN-25MAR12-B64.5",
            "count": 40,
            "created_time": "2025-03-12T18:35:40.698205Z",
            "yes_price": 27,
            "no_price": 73,
            "taker_side": "no"
        },
        {
            "trade_id": "7c1185a1-2b21-41e2-85de-8af8365cd8fb",
            "ticker": "KXHIGHDEN-25MAR12-B64.5",
            "count": 200,
            "created_time": "2025-03-12T18:25:09.221612Z",
            "yes_price": 27,
            "no_price": 73,
            "taker_side": "no"
        },
        {
            "trade_id": "b66c0952-006d-4e17-b054-b6ef52ebd8d1",
            "ticker": "KXHIGHDEN-25MAR12-B64.5",
            "count": 69,
            "created_time": "2025-03-12T18:16:07.998299Z",
            "yes_price": 28,
            "no_price": 72,
            "taker_side": "yes"
        },
        {
            "trade_id": "afbbb316-9504-4820-9eb0-6eba77f19c74",
            "ticker": "KXHIGHDEN-25MAR12-B64.5",
            "count": 109,
            "created_time": "2025-03-12T18:13:50.857648Z",
            "yes_price": 28,
            "no_price": 72,
            "taker_side": "yes"
        },
        {
            "trade_id": "d45f4212-6f27-4d08-8512-ca4b2afa68c8",
            "ticker": "KXHIGHDEN-25MAR12-B64.5",
            "count": 48,
            "created_time": "2025-03-12T18:12:37.953856Z",
            "yes_price": 27,
            "no_price": 73,
            "taker_side": "no"
        },
        {
            "trade_id": "ec9c0223-e6e4-407b-b7a6-31e7cfc4d160",
            "ticker": "KXHIGHDEN-25MAR12-B64.5",
            "count": 1,
            "created_time": "2025-03-12T18:11:16.718357Z",
            "yes_price": 28,
            "no_price": 72,
            "taker_side": "yes"
        },
        {
            "trade_id": "aa239a43-7872-4294-bac3-6391a758f286",
            "ticker": "KXHIGHDEN-25MAR12-B64.5",
            "count": 38,
            "created_time": "2025-03-12T18:11:16.718357Z",
            "yes_price": 28,
            "no_price": 72,
            "taker_side": "yes"
        },
        {
            "trade_id": "e4effdcc-ee50-498a-8362-e0b688c2f1db",
            "ticker": "KXHIGHDEN-25MAR12-B64.5",
            "count": 83,
            "created_time": "2025-03-12T18:08:55.196039Z",
            "yes_price": 27,
            "no_price": 73,
            "taker_side": "yes"
        },
        {
            "trade_id": "d0e2e13c-9ea7-496e-8cd6-7b40c1c8f5e9",
            "ticker": "KXHIGHDEN-25MAR12-B64.5",
            "count": 7,
            "created_time": "2025-03-12T18:08:51.847251Z",
            "yes_price": 26,
            "no_price": 74,
            "taker_side": "yes"
        },
        {
            "trade_id": "44203380-5549-4c77-93e0-28b1577961b4",
            "ticker": "KXHIGHDEN-25MAR12-B64.5",
            "count": 24,
            "created_time": "2025-03-12T18:08:51.847251Z",
            "yes_price": 26,
            "no_price": 74,
            "taker_side": "yes"
        },
        {
            "trade_id": "387651b4-443a-46b7-a453-82a91687d116",
            "ticker": "KXHIGHDEN-25MAR12-B64.5",
            "count": 2,
            "created_time": "2025-03-12T18:08:51.847251Z",
            "yes_price": 26,
            "no_price": 74,
            "taker_side": "yes"
        },
        {
            "trade_id": "4a848708-1558-4805-931f-d02d34055493",
            "ticker": "KXHIGHDEN-25MAR12-B64.5",
            "count": 50,
            "created_time": "2025-03-12T18:08:48.718549Z",
            "yes_price": 25,
            "no_price": 75,
            "taker_side": "yes"
        },
        {
            "trade_id": "eb94d057-d41a-4021-9fb8-fcf19c76350f",
            "ticker": "KXHIGHDEN-25MAR12-B64.5",
            "count": 40,
            "created_time": "2025-03-12T18:08:45.699043Z",
            "yes_price": 24,
            "no_price": 76,
            "taker_side": "yes"
        },
        {
            "trade_id": "3db8e662-0ca6-4742-8832-03e8184c52f7",
            "ticker": "KXHIGHDEN-25MAR12-B64.5",
            "count": 144,
            "created_time": "2025-03-12T18:08:45.699043Z",
            "yes_price": 24,
            "no_price": 76,
            "taker_side": "yes"
        },
        {
            "trade_id": "f25b1f9e-30f7-448e-b589-85086963c049",
            "ticker": "KXHIGHDEN-25MAR12-B64.5",
            "count": 17,
            "created_time": "2025-03-12T18:08:26.034177Z",
            "yes_price": 23,
            "no_price": 77,
            "taker_side": "no"
        },
        {
            "trade_id": "ad514700-e267-4442-9396-a2b92a281344",
            "ticker": "KXHIGHDEN-25MAR12-B64.5",
            "count": 134,
            "created_time": "2025-03-12T18:08:05.579445Z",
            "yes_price": 20,
            "no_price": 80,
            "taker_side": "yes"
        },
        {
            "trade_id": "8d61f9c3-4401-4603-90bb-2802605bbc94",
            "ticker": "KXHIGHDEN-25MAR12-B64.5",
            "count": 210,
            "created_time": "2025-03-12T18:08:05.579445Z",
            "yes_price": 20,
            "no_price": 80,
            "taker_side": "yes"
        },
        {
            "trade_id": "b2fdd2d6-728f-48d1-926a-2dd00e19ccd5",
            "ticker": "KXHIGHDEN-25MAR12-B64.5",
            "count": 64,
            "created_time": "2025-03-12T18:07:57.998403Z",
            "yes_price": 19,
            "no_price": 81,
            "taker_side": "no"
        },
        {
            "trade_id": "f926f631-8e78-4eaa-a13a-864815462792",
            "ticker": "KXHIGHDEN-25MAR12-B64.5",
            "count": 30,
            "created_time": "2025-03-12T18:07:35.062931Z",
            "yes_price": 17,
            "no_price": 83,
            "taker_side": "no"
        },
        {
            "trade_id": "4e09aad6-f103-48a7-88a6-ce05c5697d15",
            "ticker": "KXHIGHDEN-25MAR12-B64.5",
            "count": 41,
            "created_time": "2025-03-12T18:03:53.270802Z",
            "yes_price": 19,
            "no_price": 81,
            "taker_side": "yes"
        },
        {
            "trade_id": "235ea543-5c5e-4cd2-ad58-3f3418b5912c",
            "ticker": "KXHIGHDEN-25MAR12-B64.5",
            "count": 42,
            "created_time": "2025-03-12T18:03:38.199041Z",
            "yes_price": 19,
            "no_price": 81,
            "taker_side": "yes"
        },
        {
            "trade_id": "492c02d5-ca09-4f84-bc9b-4ac8210a3c7d",
            "ticker": "KXHIGHDEN-25MAR12-B64.5",
            "count": 47,
            "created_time": "2025-03-12T18:03:20.009399Z",
            "yes_price": 19,
            "no_price": 81,
            "taker_side": "yes"
        },
        {
            "trade_id": "e02acb4e-17bc-44a0-a923-f4d17cc6261d",
            "ticker": "KXHIGHDEN-25MAR12-B64.5",
            "count": 37,
            "created_time": "2025-03-12T18:02:59.937792Z",
            "yes_price": 19,
            "no_price": 81,
            "taker_side": "yes"
        },
        {
            "trade_id": "3336ca57-eee1-485d-a386-665a54d109e9",
            "ticker": "KXHIGHDEN-25MAR12-B64.5",
            "count": 1,
            "created_time": "2025-03-12T18:02:59.937792Z",
            "yes_price": 19,
            "no_price": 81,
            "taker_side": "yes"
        },
        {
            "trade_id": "05f13bd5-36fb-471c-bef6-fdcb7903ccd6",
            "ticker": "KXHIGHDEN-25MAR12-B64.5",
            "count": 165,
            "created_time": "2025-03-12T18:02:59.937792Z",
            "yes_price": 19,
            "no_price": 81,
            "taker_side": "yes"
        },
        {
            "trade_id": "3a93b999-1523-4715-9cf8-931b05c843d1",
            "ticker": "KXHIGHDEN-25MAR12-B64.5",
            "count": 37,
            "created_time": "2025-03-12T18:02:40.831209Z",
            "yes_price": 18,
            "no_price": 82,
            "taker_side": "yes"
        },
        {
            "trade_id": "3a2d217e-2cd8-4cff-8bff-c4a2d4778482",
            "ticker": "KXHIGHDEN-25MAR12-B64.5",
            "count": 260,
            "created_time": "2025-03-12T18:02:40.831209Z",
            "yes_price": 18,
            "no_price": 82,
            "taker_side": "yes"
        },
        {
            "trade_id": "e4cf63c5-f272-4cd7-812f-f5d5e880ae84",
            "ticker": "KXHIGHDEN-25MAR12-B64.5",
            "count": 50,
            "created_time": "2025-03-12T17:54:39.476511Z",
            "yes_price": 18,
            "no_price": 82,
            "taker_side": "yes"
        },
        {
            "trade_id": "49f407bf-f4d4-4706-927d-112e69c0d17c",
            "ticker": "KXHIGHDEN-25MAR12-B64.5",
            "count": 50,
            "created_time": "2025-03-12T17:54:39.476511Z",
            "yes_price": 18,
            "no_price": 82,
            "taker_side": "yes"
        },
        {
            "trade_id": "37d67223-9a51-46a1-bbcb-4de41eaae24a",
            "ticker": "KXHIGHDEN-25MAR12-B64.5",
            "count": 49,
            "created_time": "2025-03-12T17:54:14.671118Z",
            "yes_price": 19,
            "no_price": 81,
            "taker_side": "yes"
        },
        {
            "trade_id": "12189783-3886-4d79-a455-9a0375323fd7",
            "ticker": "KXHIGHDEN-25MAR12-B64.5",
            "count": 1,
            "created_time": "2025-03-12T17:54:01.149687Z",
            "yes_price": 18,
            "no_price": 82,
            "taker_side": "yes"
        },
        {
            "trade_id": "b87465f5-ebe7-4a9b-9e65-9f79301ce9ca",
            "ticker": "KXHIGHDEN-25MAR12-B64.5",
            "count": 100,
            "created_time": "2025-03-12T17:52:20.165096Z",
            "yes_price": 16,
            "no_price": 84,
            "taker_side": "no"
        },
        {
            "trade_id": "765bc184-f8ae-4f4e-ba3c-79d2a526e54f",
            "ticker": "KXHIGHDEN-25MAR12-B64.5",
            "count": 100,
            "created_time": "2025-03-12T17:44:27.078543Z",
            "yes_price": 12,
            "no_price": 88,
            "taker_side": "no"
        },
        {
            "trade_id": "e0c321d5-56f1-4106-8fb0-2cf7f3f04d82",
            "ticker": "KXHIGHDEN-25MAR12-B64.5",
            "count": 1,
            "created_time": "2025-03-12T17:43:03.091Z",
            "yes_price": 12,
            "no_price": 88,
            "taker_side": "no"
        },
        {
            "trade_id": "bb5dab40-76d1-49da-a6ed-b78706534664",
            "ticker": "KXHIGHDEN-25MAR12-B64.5",
            "count": 99,
            "created_time": "2025-03-12T17:43:03.091Z",
            "yes_price": 12,
            "no_price": 88,
            "taker_side": "no"
        },
        {
            "trade_id": "9013f77b-8dd6-4106-a3d5-c5428e9e5f26",
            "ticker": "KXHIGHDEN-25MAR12-B64.5",
            "count": 100,
            "created_time": "2025-03-12T17:42:48.007355Z",
            "yes_price": 14,
            "no_price": 86,
            "taker_side": "no"
        },
        {
            "trade_id": "cfe565ef-6490-4929-a9e9-6a29598d283c",
            "ticker": "KXHIGHDEN-25MAR12-B64.5",
            "count": 100,
            "created_time": "2025-03-12T17:41:24.516474Z",
            "yes_price": 15,
            "no_price": 85,
            "taker_side": "no"
        },
        {
            "trade_id": "787501b1-da18-4636-ad4a-111c1d6404ec",
            "ticker": "KXHIGHDEN-25MAR12-B64.5",
            "count": 100,
            "created_time": "2025-03-12T17:41:24.516474Z",
            "yes_price": 14,
            "no_price": 86,
            "taker_side": "no"
        },
        {
            "trade_id": "57cd7211-8347-4ff1-ae58-3e20fd0cd348",
            "ticker": "KXHIGHDEN-25MAR12-B64.5",
            "count": 16,
            "created_time": "2025-03-12T17:41:24.516474Z",
            "yes_price": 13,
            "no_price": 87,
            "taker_side": "no"
        },
        {
            "trade_id": "583bdb96-232c-44c9-b5b8-2ab0b27ca7fc",
            "ticker": "KXHIGHDEN-25MAR12-B64.5",
            "count": 18,
            "created_time": "2025-03-12T17:37:51.396838Z",
            "yes_price": 19,
            "no_price": 81,
            "taker_side": "no"
        },
        {
            "trade_id": "f408e473-cc5b-470a-a324-76a49596f436",
            "ticker": "KXHIGHDEN-25MAR12-B64.5",
            "count": 42,
            "created_time": "2025-03-12T17:37:51.327533Z",
            "yes_price": 19,
            "no_price": 81,
            "taker_side": "yes"
        },
        {
            "trade_id": "20862f49-83de-49de-bb91-37c2b9d0f255",
            "ticker": "KXHIGHDEN-25MAR12-B64.5",
            "count": 40,
            "created_time": "2025-03-12T17:37:51.327533Z",
            "yes_price": 18,
            "no_price": 82,
            "taker_side": "yes"
        },
        {
            "trade_id": "69933cdf-41dc-42be-9317-9d2d213433e9",
            "ticker": "KXHIGHDEN-25MAR12-B64.5",
            "count": 8,
            "created_time": "2025-03-12T17:30:24.254727Z",
            "yes_price": 16,
            "no_price": 84,
            "taker_side": "yes"
        },
        {
            "trade_id": "39cd6952-04bf-49ba-af5f-24c51c9bba12",
            "ticker": "KXHIGHDEN-25MAR12-B64.5",
            "count": 19,
            "created_time": "2025-03-12T17:08:40.641876Z",
            "yes_price": 10,
            "no_price": 90,
            "taker_side": "no"
        },
        {
            "trade_id": "6da0458d-0d32-4743-9183-5e1c9ea66ed6",
            "ticker": "KXHIGHDEN-25MAR12-B64.5",
            "count": 10,
            "created_time": "2025-03-12T16:51:46.713403Z",
            "yes_price": 18,
            "no_price": 82,
            "taker_side": "yes"
        },
        {
            "trade_id": "420155fe-e1e6-4056-bf6d-5ed16d76e61a",
            "ticker": "KXHIGHDEN-25MAR12-B64.5",
            "count": 26,
            "created_time": "2025-03-12T16:44:32.63209Z",
            "yes_price": 19,
            "no_price": 81,
            "taker_side": "yes"
        },
        {
            "trade_id": "c42e5d4c-7faf-4643-9017-9c50cd6b88d3",
            "ticker": "KXHIGHDEN-25MAR12-B64.5",
            "count": 59,
            "created_time": "2025-03-12T16:36:43.457392Z",
            "yes_price": 18,
            "no_price": 82,
            "taker_side": "yes"
        },
        {
            "trade_id": "ba50559a-81e1-4108-8d97-28c73d5b0a22",
            "ticker": "KXHIGHDEN-25MAR12-B64.5",
            "count": 125,
            "created_time": "2025-03-12T16:36:43.457392Z",
            "yes_price": 18,
            "no_price": 82,
            "taker_side": "yes"
        },
        {
            "trade_id": "a1e0a954-3457-4a7a-a1d2-c73e6b6da41c",
            "ticker": "KXHIGHDEN-25MAR12-B64.5",
            "count": 16,
            "created_time": "2025-03-12T16:36:43.457392Z",
            "yes_price": 20,
            "no_price": 80,
            "taker_side": "yes"
        },
        {
            "trade_id": "7a565fb4-f4ff-4894-af6a-478c08d1deac",
            "ticker": "KXHIGHDEN-25MAR12-B64.5",
            "count": 15,
            "created_time": "2025-03-12T16:36:43.457392Z",
            "yes_price": 18,
            "no_price": 82,
            "taker_side": "yes"
        },
        {
            "trade_id": "0b89e63d-114d-4a5c-bc18-e5c596212541",
            "ticker": "KXHIGHDEN-25MAR12-B64.5",
            "count": 1,
            "created_time": "2025-03-12T16:36:43.457392Z",
            "yes_price": 19,
            "no_price": 81,
            "taker_side": "yes"
        },
        {
            "trade_id": "f2b875bb-984f-44d3-ad57-fb204543e20d",
            "ticker": "KXHIGHDEN-25MAR12-B64.5",
            "count": 125,
            "created_time": "2025-03-12T16:17:31.610333Z",
            "yes_price": 15,
            "no_price": 85,
            "taker_side": "yes"
        },
        {
            "trade_id": "9bbb4cee-c66f-4a2f-b501-9ff45321b541",
            "ticker": "KXHIGHDEN-25MAR12-B64.5",
            "count": 83,
            "created_time": "2025-03-12T16:17:31.610333Z",
            "yes_price": 14,
            "no_price": 86,
            "taker_side": "yes"
        },
        {
            "trade_id": "fa8bff6d-7f45-4890-92fd-30d017c42481",
            "ticker": "KXHIGHDEN-25MAR12-B64.5",
            "count": 60,
            "created_time": "2025-03-12T16:02:25.023153Z",
            "yes_price": 9,
            "no_price": 91,
            "taker_side": "no"
        },
        {
            "trade_id": "fded97f5-1473-4650-9ad6-14c16150a871",
            "ticker": "KXHIGHDEN-25MAR12-B64.5",
            "count": 10,
            "created_time": "2025-03-12T15:55:34.202003Z",
            "yes_price": 10,
            "no_price": 90,
            "taker_side": "yes"
        },
        {
            "trade_id": "bfcfd8ba-9d43-4ff0-a6ca-572a3b963422",
            "ticker": "KXHIGHDEN-25MAR12-B64.5",
            "count": 58,
            "created_time": "2025-03-12T15:55:34.202003Z",
            "yes_price": 12,
            "no_price": 88,
            "taker_side": "yes"
        },
        {
            "trade_id": "9841bfb8-60c6-4481-bc5c-8f508c225a30",
            "ticker": "KXHIGHDEN-25MAR12-B64.5",
            "count": 39,
            "created_time": "2025-03-12T15:55:34.202003Z",
            "yes_price": 11,
            "no_price": 89,
            "taker_side": "yes"
        },
        {
            "trade_id": "4271283c-6a08-4745-ad76-61b2b71fd0cc",
            "ticker": "KXHIGHDEN-25MAR12-B64.5",
            "count": 64,
            "created_time": "2025-03-12T15:55:34.202003Z",
            "yes_price": 11,
            "no_price": 89,
            "taker_side": "yes"
        },
        {
            "trade_id": "b818db9d-1ffa-4794-87f8-c834d5074808",
            "ticker": "KXHIGHDEN-25MAR12-B64.5",
            "count": 4,
            "created_time": "2025-03-12T15:30:40.073825Z",
            "yes_price": 9,
            "no_price": 91,
            "taker_side": "no"
        },
        {
            "trade_id": "edc527c8-0bb6-4db3-88d3-f9661febb7ad",
            "ticker": "KXHIGHDEN-25MAR12-B64.5",
            "count": 50,
            "created_time": "2025-03-12T15:25:42.622151Z",
            "yes_price": 10,
            "no_price": 90,
            "taker_side": "no"
        },
        {
            "trade_id": "1ea26370-1692-4987-999e-f607569deb14",
            "ticker": "KXHIGHDEN-25MAR12-B64.5",
            "count": 50,
            "created_time": "2025-03-12T15:25:34.09105Z",
            "yes_price": 9,
            "no_price": 91,
            "taker_side": "no"
        },
        {
            "trade_id": "03e90485-b80e-4da1-8cfa-2850df9876ac",
            "ticker": "KXHIGHDEN-25MAR12-B64.5",
            "count": 11,
            "created_time": "2025-03-12T15:25:13.928309Z",
            "yes_price": 11,
            "no_price": 89,
            "taker_side": "no"
        },
        {
            "trade_id": "535bff43-2763-46ad-b563-83e49dc60f59",
            "ticker": "KXHIGHDEN-25MAR12-B64.5",
            "count": 50,
            "created_time": "2025-03-12T15:25:05.108891Z",
            "yes_price": 11,
            "no_price": 89,
            "taker_side": "no"
        },
        {
            "trade_id": "cd5d0231-118e-4954-94b1-6fa968e31153",
            "ticker": "KXHIGHDEN-25MAR12-B64.5",
            "count": 50,
            "created_time": "2025-03-12T15:17:38.007054Z",
            "yes_price": 13,
            "no_price": 87,
            "taker_side": "yes"
        },
        {
            "trade_id": "37fec4a4-efbc-438f-92db-dd2716831fa4",
            "ticker": "KXHIGHDEN-25MAR12-B64.5",
            "count": 119,
            "created_time": "2025-03-12T15:17:38.007054Z",
            "yes_price": 14,
            "no_price": 86,
            "taker_side": "yes"
        },
        {
            "trade_id": "742dbc2a-adf6-455f-aacd-7d9de7f55438",
            "ticker": "KXHIGHDEN-25MAR12-B64.5",
            "count": 50,
            "created_time": "2025-03-12T15:16:30.898833Z",
            "yes_price": 12,
            "no_price": 88,
            "taker_side": "yes"
        },
        {
            "trade_id": "78a0076c-a149-4031-9783-4d4ae2b7e080",
            "ticker": "KXHIGHDEN-25MAR12-B64.5",
            "count": 48,
            "created_time": "2025-03-12T15:10:47.717291Z",
            "yes_price": 11,
            "no_price": 89,
            "taker_side": "yes"
        },
        {
            "trade_id": "2e54bab9-148b-4587-bce8-058fbbf38ac1",
            "ticker": "KXHIGHDEN-25MAR12-B64.5",
            "count": 8,
            "created_time": "2025-03-12T15:10:47.717291Z",
            "yes_price": 11,
            "no_price": 89,
            "taker_side": "yes"
        },
        {
            "trade_id": "e2ad0bc6-8ffb-491a-905a-4728a6fc56dd",
            "ticker": "KXHIGHDEN-25MAR12-B64.5",
            "count": 20,
            "created_time": "2025-03-12T15:10:34.265292Z",
            "yes_price": 10,
            "no_price": 90,
            "taker_side": "no"
        },
        {
            "trade_id": "4caf05be-cf75-42c9-a2a0-9da70a12bd00",
            "ticker": "KXHIGHDEN-25MAR12-B64.5",
            "count": 118,
            "created_time": "2025-03-12T15:10:34.265292Z",
            "yes_price": 10,
            "no_price": 90,
            "taker_side": "no"
        },
        {
            "trade_id": "010d2f57-689b-47dd-8586-f171eddad114",
            "ticker": "KXHIGHDEN-25MAR12-B64.5",
            "count": 52,
            "created_time": "2025-03-12T15:09:49.146114Z",
            "yes_price": 11,
            "no_price": 89,
            "taker_side": "no"
        },
        {
            "trade_id": "4ea22b83-30f9-4945-9085-ff98f3ee7061",
            "ticker": "KXHIGHDEN-25MAR12-B64.5",
            "count": 41,
            "created_time": "2025-03-12T14:52:23.567081Z",
            "yes_price": 11,
            "no_price": 89,
            "taker_side": "no"
        },
        {
            "trade_id": "8953ea53-893a-4311-9fe9-57704401574d",
            "ticker": "KXHIGHDEN-25MAR12-B64.5",
            "count": 1,
            "created_time": "2025-03-12T14:50:17.003796Z",
            "yes_price": 11,
            "no_price": 89,
            "taker_side": "no"
        },
        {
            "trade_id": "d948aa62-f290-48e3-a349-d31f67429f41",
            "ticker": "KXHIGHDEN-25MAR12-B64.5",
            "count": 3,
            "created_time": "2025-03-12T14:38:38.401223Z",
            "yes_price": 17,
            "no_price": 83,
            "taker_side": "yes"
        },
        {
            "trade_id": "e4e1e46d-7588-4417-bc25-4b07f042786b",
            "ticker": "KXHIGHDEN-25MAR12-B64.5",
            "count": 27,
            "created_time": "2025-03-12T14:38:25.484021Z",
            "yes_price": 17,
            "no_price": 83,
            "taker_side": "yes"
        },
        {
            "trade_id": "d9bed138-59bb-473e-b33e-1a44d34aa3dd",
            "ticker": "KXHIGHDEN-25MAR12-B64.5",
            "count": 1,
            "created_time": "2025-03-12T14:38:25.484021Z",
            "yes_price": 17,
            "no_price": 83,
            "taker_side": "yes"
        },
        {
            "trade_id": "41e6d7f7-4ea9-4742-b9a3-80245e1eb303",
            "ticker": "KXHIGHDEN-25MAR12-B64.5",
            "count": 7,
            "created_time": "2025-03-12T14:38:25.484021Z",
            "yes_price": 16,
            "no_price": 84,
            "taker_side": "yes"
        },
        {
            "trade_id": "09be1610-c26a-425e-9525-e55900476274",
            "ticker": "KXHIGHDEN-25MAR12-B64.5",
            "count": 4,
            "created_time": "2025-03-12T14:38:25.484021Z",
            "yes_price": 16,
            "no_price": 84,
            "taker_side": "yes"
        },
        {
            "trade_id": "bf995d6f-4e20-4fe2-8ebc-4bdf32eba3a4",
            "ticker": "KXHIGHDEN-25MAR12-B64.5",
            "count": 58,
            "created_time": "2025-03-12T14:19:12.194228Z",
            "yes_price": 15,
            "no_price": 85,
            "taker_side": "no"
        },
        {
            "trade_id": "868f7529-a6d1-4401-a2e9-8c078108a3b2",
            "ticker": "KXHIGHDEN-25MAR12-B64.5",
            "count": 50,
            "created_time": "2025-03-12T14:19:12.194228Z",
            "yes_price": 15,
            "no_price": 85,
            "taker_side": "no"
        },
        {
            "trade_id": "70db3f10-f8c4-40f3-aaae-edeca9087e4f",
            "ticker": "KXHIGHDEN-25MAR12-B64.5",
            "count": 25,
            "created_time": "2025-03-12T14:19:12.194228Z",
            "yes_price": 14,
            "no_price": 86,
            "taker_side": "no"
        },
        {
            "trade_id": "4d6f495e-b0f1-4a50-93ea-589d7aa48770",
            "ticker": "KXHIGHDEN-25MAR12-B64.5",
