{
    "KXHIGHDEN-25FEB19-T21": [
        {
            "trade_id": "8b59a23d-de84-4840-b160-5f7b6e3e71d4",
            "ticker": "KXHIGHDEN-25FEB19-T21",
            "count": 467,
            "created_time": "2025-02-20T06:19:07.318222Z",
            "yes_price": 1,
            "no_price": 99,
            "taker_side": "yes"
        },
        {
            "trade_id": "9bb1ad99-0898-45a4-bdd1-0f7d9c33b893",
            "ticker": "KXHIGHDEN-25FEB19-T21",
            "count": 1870,
            "created_time": "2025-02-20T00:10:28.058915Z",
            "yes_price": 1,
            "no_price": 99,
            "taker_side": "yes"
        },
        {
            "trade_id": "e7d94ff8-5e48-4a03-8810-c30497c4e39b",
            "ticker": "KXHIGHDEN-25FEB19-T21",
            "count": 600,
            "created_time": "2025-02-20T00:04:49.151396Z",
            "yes_price": 1,
            "no_price": 99,
            "taker_side": "yes"
        },
        {
            "trade_id": "7620e2ab-c42e-4ef7-8c13-438406400b4c",
            "ticker": "KXHIGHDEN-25FEB19-T21",
            "count": 333,
            "created_time": "2025-02-20T00:04:49.151396Z",
            "yes_price": 1,
            "no_price": 99,
            "taker_side": "yes"
        },
        {
            "trade_id": "5ba23101-7c02-425a-84d4-d7626e68a2b3",
            "ticker": "KXHIGHDEN-25FEB19-T21",
            "count": 50,
            "created_time": "2025-02-20T00:02:49.742498Z",
            "yes_price": 1,
            "no_price": 99,
            "taker_side": "yes"
        },
        {
            "trade_id": "817dcbd5-4c34-4129-b3ac-a59e074673ef",
            "ticker": "KXHIGHDEN-25FEB19-T21",
            "count": 48,
            "created_time": "2025-02-19T23:56:47.450651Z",
            "yes_price": 1,
            "no_price": 99,
            "taker_side": "yes"
        },
        {
            "trade_id": "f6e10986-52c8-4c9f-a396-d8eb7b806a1b",
            "ticker": "KXHIGHDEN-25FEB19-T21",
            "count": 935,
            "created_time": "2025-02-19T23:24:09.060158Z",
            "yes_price": 1,
            "no_price": 99,
            "taker_side": "yes"
        },
        {
            "trade_id": "ec358390-0a3a-4778-bddc-d62f3dcea7ab",
            "ticker": "KXHIGHDEN-25FEB19-T21",
            "count": 165,
            "created_time": "2025-02-19T23:01:29.35058Z",
            "yes_price": 1,
            "no_price": 99,
            "taker_side": "yes"
        },
        {
            "trade_id": "ec0a11a8-cf02-4797-b22e-ef65175d3d5b",
            "ticker": "KXHIGHDEN-25FEB19-T21",
            "count": 19,
            "created_time": "2025-02-19T22:59:44.356612Z",
            "yes_price": 1,
            "no_price": 99,
            "taker_side": "yes"
        },
        {
            "trade_id": "12108746-04be-4588-8932-f99f38591be7",
            "ticker": "KXHIGHDEN-25FEB19-T21",
            "count": 979,
            "created_time": "2025-02-19T22:02:05.609484Z",
            "yes_price": 1,
            "no_price": 99,
            "taker_side": "yes"
        },
        {
            "trade_id": "d324b76b-598d-4238-85f5-fcbb58c4dd5d",
            "ticker": "KXHIGHDEN-25FEB19-T21",
            "count": 19,
            "created_time": "2025-02-19T21:43:48.556757Z",
            "yes_price": 1,
            "no_price": 99,
            "taker_side": "yes"
        },
        {
            "trade_id": "3414b2e9-3939-4d8a-bd9a-476ee3dfc0e2",
            "ticker": "KXHIGHDEN-25FEB19-T21",
            "count": 748,
            "created_time": "2025-02-19T21:31:20.157751Z",
            "yes_price": 1,
            "no_price": 99,
            "taker_side": "yes"
        },
        {
            "trade_id": "d185a133-f04a-4649-997e-db2599674756",
            "ticker": "KXHIGHDEN-25FEB19-T21",
            "count": 4675,
            "created_time": "2025-02-19T20:23:45.949223Z",
            "yes_price": 1,
            "no_price": 99,
            "taker_side": "yes"
        },
        {
            "trade_id": "1a822be4-6314-4352-8e08-1c6dc5ef6e85",
            "ticker": "KXHIGHDEN-25FEB19-T21",
            "count": 1,
            "created_time": "2025-02-19T20:03:14.458829Z",
            "yes_price": 1,
            "no_price": 99,
            "taker_side": "yes"
        },
        {
            "trade_id": "52bbce06-376f-4b8e-b4e4-abe95da671f2",
            "ticker": "KXHIGHDEN-25FEB19-T21",
            "count": 28,
            "created_time": "2025-02-19T20:02:08.243356Z",
            "yes_price": 1,
            "no_price": 99,
            "taker_side": "no"
        },
        {
            "trade_id": "df8dd9ac-7c32-4f5c-ad96-09e7eec469f6",
            "ticker": "KXHIGHDEN-25FEB19-T21",
            "count": 2,
            "created_time": "2025-02-19T20:01:46.948749Z",
            "yes_price": 4,
            "no_price": 96,
            "taker_side": "yes"
        },
        {
            "trade_id": "0f9fd2e6-77fc-4236-900f-d2ff8ad1d231",
            "ticker": "KXHIGHDEN-25FEB19-T21",
            "count": 804,
            "created_time": "2025-02-19T20:01:46.948749Z",
            "yes_price": 5,
            "no_price": 95,
            "taker_side": "yes"
        },
        {
            "trade_id": "8bdaa39c-2d45-4fc3-9e80-95baf3a90569",
            "ticker": "KXHIGHDEN-25FEB19-T21",
            "count": 500,
            "created_time": "2025-02-19T20:00:56.38655Z",
            "yes_price": 5,
            "no_price": 95,
            "taker_side": "yes"
        },
        {
            "trade_id": "9286474d-e10a-4578-ba1b-66b5c01b0c53",
            "ticker": "KXHIGHDEN-25FEB19-T21",
            "count": 600,
            "created_time": "2025-02-19T20:00:51.366251Z",
            "yes_price": 5,
            "no_price": 95,
            "taker_side": "yes"
        },
        {
            "trade_id": "ecec4f1d-f7e9-42bc-8f4d-c1ad04968da0",
            "ticker": "KXHIGHDEN-25FEB19-T21",
            "count": 50,
            "created_time": "2025-02-19T20:00:48.029954Z",
            "yes_price": 4,
            "no_price": 96,
            "taker_side": "yes"
        },
        {
            "trade_id": "7a71696b-5deb-48a6-a7cb-bacd3cb7e008",
            "ticker": "KXHIGHDEN-25FEB19-T21",
            "count": 626,
            "created_time": "2025-02-19T20:00:48.029954Z",
            "yes_price": 5,
            "no_price": 95,
            "taker_side": "yes"
        },
        {
            "trade_id": "da03f0c2-d643-4dcb-b7ac-2c6f5f4b591d",
            "ticker": "KXHIGHDEN-25FEB19-T21",
            "count": 87,
            "created_time": "2025-02-19T19:58:56.611291Z",
            "yes_price": 5,
            "no_price": 95,
            "taker_side": "no"
        },
        {
            "trade_id": "848d26ef-9673-425d-95e5-e444126957dc",
            "ticker": "KXHIGHDEN-25FEB19-T21",
            "count": 10,
            "created_time": "2025-02-19T19:58:56.611291Z",
            "yes_price": 1,
            "no_price": 99,
            "taker_side": "no"
        },
        {
            "trade_id": "754fe759-2254-4e77-9cb9-3f3ae385d2ae",
            "ticker": "KXHIGHDEN-25FEB19-T21",
            "count": 18,
            "created_time": "2025-02-19T19:58:56.611291Z",
            "yes_price": 1,
            "no_price": 99,
            "taker_side": "no"
        },
        {
            "trade_id": "6c4c4abd-ef24-4e80-b4ba-ed03acb177ed",
            "ticker": "KXHIGHDEN-25FEB19-T21",
            "count": 300,
            "created_time": "2025-02-19T19:58:56.611291Z",
            "yes_price": 1,
            "no_price": 99,
            "taker_side": "no"
        },
        {
            "trade_id": "6af3031d-7b02-4f0d-957f-94e6b0c7f838",
            "ticker": "KXHIGHDEN-25FEB19-T21",
            "count": 224,
            "created_time": "2025-02-19T19:58:56.611291Z",
            "yes_price": 1,
            "no_price": 99,
            "taker_side": "no"
        },
        {
            "trade_id": "5d7f4489-ad6d-4984-88fb-c55e01efe3f1",
            "ticker": "KXHIGHDEN-25FEB19-T21",
            "count": 50,
            "created_time": "2025-02-19T19:58:56.611291Z",
            "yes_price": 3,
            "no_price": 97,
            "taker_side": "no"
        },
        {
            "trade_id": "5cd8e197-5c58-4551-9264-e216f752e1cd",
            "ticker": "KXHIGHDEN-25FEB19-T21",
            "count": 100,
            "created_time": "2025-02-19T19:58:56.611291Z",
            "yes_price": 4,
            "no_price": 96,
            "taker_side": "no"
        },
        {
            "trade_id": "4ea517ba-7b50-4fd9-9eeb-e4a4887c8d29",
            "ticker": "KXHIGHDEN-25FEB19-T21",
            "count": 200,
            "created_time": "2025-02-19T19:58:56.611291Z",
            "yes_price": 1,
            "no_price": 99,
            "taker_side": "no"
        },
        {
            "trade_id": "34acbec5-3ea7-4ffb-88a1-0d568e8c8d02",
            "ticker": "KXHIGHDEN-25FEB19-T21",
            "count": 1,
            "created_time": "2025-02-19T19:58:56.611291Z",
            "yes_price": 5,
            "no_price": 95,
            "taker_side": "no"
        },
        {
            "trade_id": "290ad7fd-2428-42a4-8fde-163891d56e71",
            "ticker": "KXHIGHDEN-25FEB19-T21",
            "count": 13,
            "created_time": "2025-02-19T19:56:35.790293Z",
            "yes_price": 5,
            "no_price": 95,
            "taker_side": "no"
        },
        {
            "trade_id": "dbe3e035-d88c-4e1b-aef8-9595da8b1848",
            "ticker": "KXHIGHDEN-25FEB19-T21",
            "count": 100,
            "created_time": "2025-02-19T19:56:11.723048Z",
            "yes_price": 6,
            "no_price": 94,
            "taker_side": "no"
        },
        {
            "trade_id": "5d0ac6dd-c0ec-4f9c-90a1-9df732161ab3",
            "ticker": "KXHIGHDEN-25FEB19-T21",
            "count": 7,
            "created_time": "2025-02-19T19:56:11.723048Z",
            "yes_price": 6,
            "no_price": 94,
            "taker_side": "no"
        },
        {
            "trade_id": "e09fb53c-03ee-470e-b0c8-9ab0597ae0fd",
            "ticker": "KXHIGHDEN-25FEB19-T21",
            "count": 94,
            "created_time": "2025-02-19T19:54:07.960901Z",
            "yes_price": 7,
            "no_price": 93,
            "taker_side": "no"
        },
        {
            "trade_id": "b186a0e7-0982-4d9e-9f4c-165beff795d9",
            "ticker": "KXHIGHDEN-25FEB19-T21",
            "count": 6,
            "created_time": "2025-02-19T19:53:54.622277Z",
            "yes_price": 7,
            "no_price": 93,
            "taker_side": "no"
        },
        {
            "trade_id": "4aa85655-8aa1-493d-803a-713063421998",
            "ticker": "KXHIGHDEN-25FEB19-T21",
            "count": 21,
            "created_time": "2025-02-19T19:53:35.708407Z",
            "yes_price": 12,
            "no_price": 88,
            "taker_side": "yes"
        },
        {
            "trade_id": "f8c7ecc2-b408-45d4-aaa2-61f953f111fd",
            "ticker": "KXHIGHDEN-25FEB19-T21",
            "count": 50,
            "created_time": "2025-02-19T19:51:00.380058Z",
            "yes_price": 7,
            "no_price": 93,
            "taker_side": "no"
        },
        {
            "trade_id": "ac5c3db5-7a95-44cb-90b1-1cc39a4f916a",
            "ticker": "KXHIGHDEN-25FEB19-T21",
            "count": 50,
            "created_time": "2025-02-19T19:51:00.380058Z",
            "yes_price": 6,
            "no_price": 94,
            "taker_side": "no"
        },
        {
            "trade_id": "81d0048a-9028-4096-bfdb-924886e55602",
            "ticker": "KXHIGHDEN-25FEB19-T21",
            "count": 165,
            "created_time": "2025-02-19T19:51:00.380058Z",
            "yes_price": 6,
            "no_price": 94,
            "taker_side": "no"
        },
        {
            "trade_id": "75c4f02f-d022-4860-9696-352901af280b",
            "ticker": "KXHIGHDEN-25FEB19-T21",
            "count": 100,
            "created_time": "2025-02-19T19:50:16.24134Z",
            "yes_price": 11,
            "no_price": 89,
            "taker_side": "yes"
        },
        {
            "trade_id": "2bdba03e-7739-4a31-bde6-057e72517e8b",
            "ticker": "KXHIGHDEN-25FEB19-T21",
            "count": 50,
            "created_time": "2025-02-19T19:49:14.522233Z",
            "yes_price": 10,
            "no_price": 90,
            "taker_side": "yes"
        },
        {
            "trade_id": "2b833fe8-9d91-4acf-9990-6da087b50a92",
            "ticker": "KXHIGHDEN-25FEB19-T21",
            "count": 44,
            "created_time": "2025-02-19T19:49:14.522233Z",
            "yes_price": 10,
            "no_price": 90,
            "taker_side": "yes"
        },
        {
            "trade_id": "8e8b773f-8c51-48bd-a093-a3ae69c198a0",
            "ticker": "KXHIGHDEN-25FEB19-T21",
            "count": 1,
            "created_time": "2025-02-19T19:47:24.343625Z",
            "yes_price": 3,
            "no_price": 97,
            "taker_side": "no"
        },
        {
            "trade_id": "10fa2137-1ac3-4085-a46f-05ecc51828d2",
            "ticker": "KXHIGHDEN-25FEB19-T21",
            "count": 339,
            "created_time": "2025-02-19T19:47:24.343625Z",
            "yes_price": 3,
            "no_price": 97,
            "taker_side": "no"
        },
        {
            "trade_id": "83874d32-7625-4feb-867a-4001b3c384e2",
            "ticker": "KXHIGHDEN-25FEB19-T21",
            "count": 1,
            "created_time": "2025-02-19T19:40:52.833746Z",
            "yes_price": 9,
            "no_price": 91,
            "taker_side": "no"
        },
        {
            "trade_id": "514b7c70-ece0-4693-aad2-fa78fa085b1b",
            "ticker": "KXHIGHDEN-25FEB19-T21",
            "count": 51,
            "created_time": "2025-02-19T19:40:52.833746Z",
            "yes_price": 7,
            "no_price": 93,
            "taker_side": "no"
        },
        {
            "trade_id": "7306aad3-60ac-45ea-ac8c-39a36d3d2a48",
            "ticker": "KXHIGHDEN-25FEB19-T21",
            "count": 300,
            "created_time": "2025-02-19T19:38:54.722241Z",
            "yes_price": 10,
            "no_price": 90,
            "taker_side": "yes"
        },
        {
            "trade_id": "483183f7-9156-44c8-9a0e-d54eea2e0d34",
            "ticker": "KXHIGHDEN-25FEB19-T21",
            "count": 50,
            "created_time": "2025-02-19T19:38:54.722241Z",
            "yes_price": 10,
            "no_price": 90,
            "taker_side": "yes"
        },
        {
            "trade_id": "fdfcd6fd-8e42-4cf6-bd05-3546c517298a",
            "ticker": "KXHIGHDEN-25FEB19-T21",
            "count": 200,
            "created_time": "2025-02-19T19:34:56.258232Z",
            "yes_price": 10,
            "no_price": 90,
            "taker_side": "yes"
        },
        {
            "trade_id": "0021dec4-dead-4899-a34c-cbd417e41d5f",
            "ticker": "KXHIGHDEN-25FEB19-T21",
            "count": 615,
            "created_time": "2025-02-19T19:34:56.258232Z",
            "yes_price": 10,
            "no_price": 90,
            "taker_side": "yes"
        },
        {
            "trade_id": "d9316f36-e629-4b4b-853a-4f5949f8e3e0",
            "ticker": "KXHIGHDEN-25FEB19-T21",
            "count": 50,
            "created_time": "2025-02-19T19:34:46.749701Z",
            "yes_price": 9,
            "no_price": 91,
            "taker_side": "yes"
        },
        {
            "trade_id": "6cd9e08b-1733-4c0f-b848-d7b2581bbcf4",
            "ticker": "KXHIGHDEN-25FEB19-T21",
            "count": 2,
            "created_time": "2025-02-19T19:34:46.749701Z",
            "yes_price": 9,
            "no_price": 91,
            "taker_side": "yes"
        },
        {
            "trade_id": "76785b93-0f65-4617-b780-c5a390df932d",
            "ticker": "KXHIGHDEN-25FEB19-T21",
            "count": 10,
            "created_time": "2025-02-19T19:28:38.181188Z",
            "yes_price": 10,
            "no_price": 90,
            "taker_side": "yes"
        },
        {
            "trade_id": "583e25ac-d977-4d1b-b2d7-c56571a357f5",
            "ticker": "KXHIGHDEN-25FEB19-T21",
            "count": 50,
            "created_time": "2025-02-19T19:28:38.181188Z",
            "yes_price": 9,
            "no_price": 91,
            "taker_side": "yes"
        },
        {
            "trade_id": "04608bbe-aa30-4062-93a4-cd3e5447a9ac",
            "ticker": "KXHIGHDEN-25FEB19-T21",
            "count": 555,
            "created_time": "2025-02-19T19:28:38.181188Z",
            "yes_price": 10,
            "no_price": 90,
            "taker_side": "yes"
        },
        {
            "trade_id": "a5766719-c06b-400e-a4d0-08097d3cbeeb",
            "ticker": "KXHIGHDEN-25FEB19-T21",
            "count": 30,
            "created_time": "2025-02-19T19:28:27.637143Z",
            "yes_price": 10,
            "no_price": 90,
            "taker_side": "yes"
        },
        {
            "trade_id": "7b6516c0-380f-4e99-8301-6d52321e3748",
            "ticker": "KXHIGHDEN-25FEB19-T21",
            "count": 10,
            "created_time": "2025-02-19T19:28:11.762724Z",
            "yes_price": 9,
            "no_price": 91,
            "taker_side": "yes"
        },
        {
            "trade_id": "aa00c0d3-287e-4481-933a-d6cd306dd2c9",
            "ticker": "KXHIGHDEN-25FEB19-T21",
            "count": 3415,
            "created_time": "2025-02-19T19:27:58.95519Z",
            "yes_price": 10,
            "no_price": 90,
            "taker_side": "no"
        },
        {
            "trade_id": "fb2d4ee7-9c09-480f-9f9c-f84848529e9a",
            "ticker": "KXHIGHDEN-25FEB19-T21",
            "count": 250,
            "created_time": "2025-02-19T19:27:26.17605Z",
            "yes_price": 10,
            "no_price": 90,
            "taker_side": "no"
        },
        {
            "trade_id": "e304e8f9-a8cb-4880-aaef-e22091d05ae8",
            "ticker": "KXHIGHDEN-25FEB19-T21",
            "count": 300,
            "created_time": "2025-02-19T19:27:26.17605Z",
            "yes_price": 11,
            "no_price": 89,
            "taker_side": "no"
        },
        {
            "trade_id": "27a29041-dd10-4f95-934f-905c8d1cdba7",
            "ticker": "KXHIGHDEN-25FEB19-T21",
            "count": 50,
            "created_time": "2025-02-19T19:27:26.17605Z",
            "yes_price": 11,
            "no_price": 89,
            "taker_side": "no"
        },
        {
            "trade_id": "ec409ec0-5294-4cca-b2c9-29258618acf8",
            "ticker": "KXHIGHDEN-25FEB19-T21",
            "count": 60,
            "created_time": "2025-02-19T19:26:50.155648Z",
            "yes_price": 10,
            "no_price": 90,
            "taker_side": "no"
        },
        {
            "trade_id": "baa233ac-328a-40c1-b88f-c1715350405a",
            "ticker": "KXHIGHDEN-25FEB19-T21",
            "count": 3,
            "created_time": "2025-02-19T19:26:10.217897Z",
            "yes_price": 15,
            "no_price": 85,
            "taker_side": "yes"
        },
        {
            "trade_id": "fe05fa46-07b9-4292-a178-e74e742a7060",
            "ticker": "KXHIGHDEN-25FEB19-T21",
            "count": 50,
            "created_time": "2025-02-19T19:24:26.291159Z",
            "yes_price": 14,
            "no_price": 86,
            "taker_side": "yes"
        },
        {
            "trade_id": "88b63ba0-b7e8-46f9-be6f-48f912c49655",
            "ticker": "KXHIGHDEN-25FEB19-T21",
            "count": 73,
            "created_time": "2025-02-19T19:24:26.291159Z",
            "yes_price": 15,
            "no_price": 85,
            "taker_side": "yes"
        },
        {
            "trade_id": "50f83902-9e6c-446a-95f0-f101b67d43ee",
            "ticker": "KXHIGHDEN-25FEB19-T21",
            "count": 1000,
            "created_time": "2025-02-19T19:19:45.897856Z",
            "yes_price": 10,
            "no_price": 90,
            "taker_side": "no"
        },
        {
            "trade_id": "fb67607e-a506-45a5-935f-ed6fa3539e0c",
            "ticker": "KXHIGHDEN-25FEB19-T21",
            "count": 40,
            "created_time": "2025-02-19T19:19:37.528342Z",
            "yes_price": 12,
            "no_price": 88,
            "taker_side": "yes"
        },
        {
            "trade_id": "718f5ffb-8d83-47e3-bd95-507fde6ee992",
            "ticker": "KXHIGHDEN-25FEB19-T21",
            "count": 9,
            "created_time": "2025-02-19T19:19:37.528342Z",
            "yes_price": 12,
            "no_price": 88,
            "taker_side": "yes"
        },
        {
            "trade_id": "0335e406-79ec-43ae-a0f3-e474b1926978",
            "ticker": "KXHIGHDEN-25FEB19-T21",
            "count": 20,
            "created_time": "2025-02-19T19:19:37.528342Z",
            "yes_price": 12,
            "no_price": 88,
            "taker_side": "yes"
        },
        {
            "trade_id": "0aef5224-b871-44af-a701-a966409521cd",
            "ticker": "KXHIGHDEN-25FEB19-T21",
            "count": 2,
            "created_time": "2025-02-19T19:19:29.643521Z",
            "yes_price": 13,
            "no_price": 87,
            "taker_side": "yes"
        },
        {
            "trade_id": "34975463-9b49-4d5c-b389-53ddfad8d1cc",
            "ticker": "KXHIGHDEN-25FEB19-T21",
            "count": 50,
            "created_time": "2025-02-19T19:18:07.340587Z",
            "yes_price": 13,
            "no_price": 87,
            "taker_side": "no"
        },
        {
            "trade_id": "15dc42cf-49ee-43ba-b762-669ebfa1504d",
            "ticker": "KXHIGHDEN-25FEB19-T21",
            "count": 50,
            "created_time": "2025-02-19T19:16:38.369411Z",
            "yes_price": 13,
            "no_price": 87,
            "taker_side": "no"
        },
        {
            "trade_id": "b298a68a-c8bd-426d-af9b-b55538367a2f",
            "ticker": "KXHIGHDEN-25FEB19-T21",
            "count": 1,
            "created_time": "2025-02-19T19:16:07.273393Z",
            "yes_price": 26,
            "no_price": 74,
            "taker_side": "yes"
        },
        {
            "trade_id": "db0e0029-7f91-4f0f-850e-64d9423c55c6",
            "ticker": "KXHIGHDEN-25FEB19-T21",
            "count": 33,
            "created_time": "2025-02-19T19:15:07.332359Z",
            "yes_price": 14,
            "no_price": 86,
            "taker_side": "no"
        },
        {
            "trade_id": "77f37d06-e959-47f8-91de-d9df4232b3a2",
            "ticker": "KXHIGHDEN-25FEB19-T21",
            "count": 10,
            "created_time": "2025-02-19T19:15:07.332359Z",
            "yes_price": 17,
            "no_price": 83,
            "taker_side": "no"
        },
        {
            "trade_id": "723129f8-2089-4d28-889c-6c2e147cb860",
            "ticker": "KXHIGHDEN-25FEB19-T21",
            "count": 15,
            "created_time": "2025-02-19T19:15:07.332359Z",
            "yes_price": 16,
            "no_price": 84,
            "taker_side": "no"
        },
        {
            "trade_id": "32046a1a-78f7-4202-946f-513cab215dd0",
            "ticker": "KXHIGHDEN-25FEB19-T21",
            "count": 40,
            "created_time": "2025-02-19T19:15:07.332359Z",
            "yes_price": 15,
            "no_price": 85,
            "taker_side": "no"
        },
        {
            "trade_id": "23ad0f4f-ec41-4d95-9c97-367c3f87897b",
            "ticker": "KXHIGHDEN-25FEB19-T21",
            "count": 20,
            "created_time": "2025-02-19T19:15:07.332359Z",
            "yes_price": 17,
            "no_price": 83,
            "taker_side": "no"
        },
        {
            "trade_id": "785b0b98-7cf0-4713-9a85-074afc88f21b",
            "ticker": "KXHIGHDEN-25FEB19-T21",
            "count": 275,
            "created_time": "2025-02-19T19:14:17.454609Z",
            "yes_price": 10,
            "no_price": 90,
            "taker_side": "no"
        },
        {
            "trade_id": "7f8b326d-6dd4-4185-a004-86fb75f11f42",
            "ticker": "KXHIGHDEN-25FEB19-T21",
            "count": 23,
            "created_time": "2025-02-19T19:14:16.204655Z",
            "yes_price": 11,
            "no_price": 89,
            "taker_side": "no"
        },
        {
            "trade_id": "7a49c6f2-2a79-4b24-886f-e91ed966d973",
            "ticker": "KXHIGHDEN-25FEB19-T21",
            "count": 50,
            "created_time": "2025-02-19T19:14:16.204655Z",
            "yes_price": 22,
            "no_price": 78,
            "taker_side": "no"
        },
        {
            "trade_id": "77ec8fdd-0e1d-45eb-83f3-338b8f1860db",
            "ticker": "KXHIGHDEN-25FEB19-T21",
            "count": 50,
            "created_time": "2025-02-19T19:14:16.204655Z",
            "yes_price": 22,
            "no_price": 78,
            "taker_side": "no"
        },
        {
            "trade_id": "95de3dd2-0ee0-4b2c-a036-37ea6b7ab2b9",
            "ticker": "KXHIGHDEN-25FEB19-T21",
            "count": 1,
            "created_time": "2025-02-19T19:13:08.55028Z",
            "yes_price": 22,
            "no_price": 78,
            "taker_side": "no"
        },
        {
            "trade_id": "5a69e067-b364-42ab-a6a3-2f73c4eeab79",
            "ticker": "KXHIGHDEN-25FEB19-T21",
            "count": 10,
            "created_time": "2025-02-19T19:12:32.632214Z",
            "yes_price": 8,
            "no_price": 92,
            "taker_side": "no"
        },
        {
            "trade_id": "77466340-24c7-4c40-9c41-9a7e0e654f02",
            "ticker": "KXHIGHDEN-25FEB19-T21",
            "count": 1,
            "created_time": "2025-02-19T19:11:13.579723Z",
            "yes_price": 33,
            "no_price": 67,
            "taker_side": "yes"
        },
        {
            "trade_id": "e8c1b2f7-716c-4a22-afeb-af63d7f00256",
            "ticker": "KXHIGHDEN-25FEB19-T21",
            "count": 1,
            "created_time": "2025-02-19T19:11:11.070034Z",
            "yes_price": 23,
            "no_price": 77,
            "taker_side": "yes"
        },
        {
            "trade_id": "1f20d5e1-96ac-4892-a367-ab7ddad777f7",
            "ticker": "KXHIGHDEN-25FEB19-T21",
            "count": 5,
            "created_time": "2025-02-19T19:11:11.070034Z",
            "yes_price": 32,
            "no_price": 68,
            "taker_side": "yes"
        },
        {
            "trade_id": "4868f02b-93cf-46a0-860c-11cc273eecd9",
            "ticker": "KXHIGHDEN-25FEB19-T21",
            "count": 25,
            "created_time": "2025-02-19T19:07:42.902617Z",
            "yes_price": 6,
            "no_price": 94,
            "taker_side": "no"
        },
        {
            "trade_id": "78612389-820a-4885-a4ee-eb7f17bf3aa6",
            "ticker": "KXHIGHDEN-25FEB19-T21",
            "count": 50,
            "created_time": "2025-02-19T19:06:14.835407Z",
            "yes_price": 8,
            "no_price": 92,
            "taker_side": "no"
        },
        {
            "trade_id": "5da64caa-4a27-479e-b935-6e25793c06c1",
            "ticker": "KXHIGHDEN-25FEB19-T21",
            "count": 50,
            "created_time": "2025-02-19T19:06:14.835407Z",
            "yes_price": 9,
            "no_price": 91,
            "taker_side": "no"
        },
        {
            "trade_id": "1e5e5b50-fced-48a1-9e5d-cae09d06a353",
            "ticker": "KXHIGHDEN-25FEB19-T21",
            "count": 3,
            "created_time": "2025-02-19T19:06:14.835407Z",
            "yes_price": 3,
            "no_price": 97,
            "taker_side": "no"
        },
        {
            "trade_id": "d12c3324-8e09-4fbc-83e5-621a3010b5f4",
            "ticker": "KXHIGHDEN-25FEB19-T21",
            "count": 3,
            "created_time": "2025-02-19T19:05:35.410168Z",
            "yes_price": 31,
            "no_price": 69,
            "taker_side": "yes"
        },
        {
            "trade_id": "f5c35943-9746-488a-8093-2ee7fc70d9af",
            "ticker": "KXHIGHDEN-25FEB19-T21",
            "count": 1,
            "created_time": "2025-02-19T19:05:10.525391Z",
            "yes_price": 49,
            "no_price": 51,
            "taker_side": "yes"
        },
        {
            "trade_id": "bdfd06e5-69ac-48f7-b611-3269d6cb49cd",
            "ticker": "KXHIGHDEN-25FEB19-T21",
            "count": 1,
            "created_time": "2025-02-19T19:05:09.851984Z",
            "yes_price": 38,
            "no_price": 62,
            "taker_side": "yes"
        },
        {
            "trade_id": "95aa757d-7021-4ca8-b8bc-f565c14f4fce",
            "ticker": "KXHIGHDEN-25FEB19-T21",
            "count": 10,
            "created_time": "2025-02-19T19:02:43.528288Z",
            "yes_price": 23,
            "no_price": 77,
            "taker_side": "yes"
        },
        {
            "trade_id": "938341b5-b79b-43c2-b303-ffeaa4507665",
            "ticker": "KXHIGHDEN-25FEB19-T21",
            "count": 4,
            "created_time": "2025-02-19T19:02:24.043675Z",
            "yes_price": 36,
            "no_price": 64,
            "taker_side": "yes"
        },
        {
            "trade_id": "0020a3f3-6ba8-44e4-bba6-082c25b6a57b",
            "ticker": "KXHIGHDEN-25FEB19-T21",
            "count": 1,
            "created_time": "2025-02-19T19:02:00.325759Z",
            "yes_price": 24,
            "no_price": 76,
            "taker_side": "yes"
        },
        {
            "trade_id": "b205b638-2379-469c-838d-5e86a611d9bb",
            "ticker": "KXHIGHDEN-25FEB19-T21",
            "count": 8,
            "created_time": "2025-02-19T19:01:55.218931Z",
            "yes_price": 10,
            "no_price": 90,
            "taker_side": "yes"
        },
        {
            "trade_id": "9f563499-7aa3-4b8a-9d9e-e9073ed1437d",
            "ticker": "KXHIGHDEN-25FEB19-T21",
            "count": 5,
            "created_time": "2025-02-19T19:01:55.218931Z",
            "yes_price": 29,
            "no_price": 71,
            "taker_side": "yes"
        },
        {
            "trade_id": "3feb21aa-504d-464d-9c8e-09abc9f478e0",
            "ticker": "KXHIGHDEN-25FEB19-T21",
            "count": 17,
            "created_time": "2025-02-19T19:01:55.218931Z",
            "yes_price": 30,
            "no_price": 70,
            "taker_side": "yes"
        },
        {
            "trade_id": "0adf7ef4-7156-4a0a-ad26-ed3337e259a5",
            "ticker": "KXHIGHDEN-25FEB19-T21",
            "count": 1,
            "created_time": "2025-02-19T19:01:55.218931Z",
            "yes_price": 28,
            "no_price": 72,
            "taker_side": "yes"
        },
        {
            "trade_id": "3154d711-b4a4-44f1-b266-998e41256b7f",
            "ticker": "KXHIGHDEN-25FEB19-T21",
            "count": 20,
            "created_time": "2025-02-19T19:01:43.217494Z",
            "yes_price": 2,
            "no_price": 98,
            "taker_side": "no"
        },
        {
            "trade_id": "991c2ba8-e61c-4c87-9c49-dd622ab01670",
            "ticker": "KXHIGHDEN-25FEB19-T21",
            "count": 10,
            "created_time": "2025-02-19T19:01:42.334694Z",
            "yes_price": 2,
            "no_price": 98,
            "taker_side": "no"
        },
        {
            "trade_id": "054d29c1-6f30-4465-888e-122181024ac2",
            "ticker": "KXHIGHDEN-25FEB19-T21",
            "count": 3,
            "created_time": "2025-02-19T18:59:25.736417Z",
            "yes_price": 5,
            "no_price": 95,
            "taker_side": "no"
        },
        {
            "trade_id": "c687d7e9-60ee-478a-a02e-24f91ee2740d",
            "ticker": "KXHIGHDEN-25FEB19-T21",
            "count": 50,
            "created_time": "2025-02-19T18:58:39.783447Z",
            "yes_price": 5,
            "no_price": 95,
            "taker_side": "no"
        },
        {
            "trade_id": "8f0f8f71-ec42-4562-8ded-092834fd82c8",
            "ticker": "KXHIGHDEN-25FEB19-T21",
            "count": 50,
            "created_time": "2025-02-19T18:58:39.783447Z",
            "yes_price": 6,
            "no_price": 94,
            "taker_side": "no"
        },
        {
            "trade_id": "5d56d937-6fca-4513-9049-31d39fb786b1",
            "ticker": "KXHIGHDEN-25FEB19-T21",
            "count": 165,
            "created_time": "2025-02-19T18:58:39.783447Z",
            "yes_price": 4,
            "no_price": 96,
            "taker_side": "no"
        },
        {
            "trade_id": "46ade713-341a-4c40-8fed-0ed74e4c4a1b",
            "ticker": "KXHIGHDEN-25FEB19-T21",
            "count": 300,
            "created_time": "2025-02-19T18:57:28.808654Z",
            "yes_price": 6,
            "no_price": 94,
            "taker_side": "no"
        },
        {
            "trade_id": "d72ed530-067b-4bbc-84b5-b04cc7198d43",
            "ticker": "KXHIGHDEN-25FEB19-T21",
            "count": 300,
            "created_time": "2025-02-19T18:56:37.509774Z",
            "yes_price": 7,
            "no_price": 93,
            "taker_side": "no"
        },
        {
            "trade_id": "3ea9df49-2f3d-4e6d-88e4-b932bef1ad16",
            "ticker": "KXHIGHDEN-25FEB19-T21",
            "count": 50,
            "created_time": "2025-02-19T18:56:37.509774Z",
            "yes_price": 7,
            "no_price": 93,
            "taker_side": "no"
        },
        {
            "trade_id": "473cde64-3878-41a8-81be-ee1881fe5c39",
            "ticker": "KXHIGHDEN-25FEB19-T21",
            "count": 50,
            "created_time": "2025-02-19T18:55:33.227327Z",
            "yes_price": 11,
            "no_price": 89,
            "taker_side": "yes"
        },
        {
            "trade_id": "4fb2d099-ded4-43b6-812d-3e19497e175a",
            "ticker": "KXHIGHDEN-25FEB19-T21",
            "count": 42,
            "created_time": "2025-02-19T18:54:47.090765Z",
            "yes_price": 11,
            "no_price": 89,
            "taker_side": "yes"
        },
        {
            "trade_id": "940e8583-4d4f-440f-9384-e619efb9248a",
            "ticker": "KXHIGHDEN-25FEB19-T21",
            "count": 23,
            "created_time": "2025-02-19T18:53:58.699121Z",
            "yes_price": 11,
            "no_price": 89,
            "taker_side": "yes"
        },
        {
            "trade_id": "aa995646-8461-40a1-94ab-4afa334f5aac",
            "ticker": "KXHIGHDEN-25FEB19-T21",
            "count": 1,
            "created_time": "2025-02-19T18:53:54.733423Z",
            "yes_price": 11,
            "no_price": 89,
            "taker_side": "yes"
        },
        {
            "trade_id": "a1c08473-fc94-4e84-8b19-acc281cee0de",
            "ticker": "KXHIGHDEN-25FEB19-T21",
            "count": 75,
            "created_time": "2025-02-19T18:53:51.244125Z",
            "yes_price": 11,
            "no_price": 89,
            "taker_side": "no"
        },
        {
            "trade_id": "4a4350e0-6888-4b1f-8b88-5b0ff6fff273",
            "ticker": "KXHIGHDEN-25FEB19-T21",
            "count": 50,
            "created_time": "2025-02-19T18:53:51.244125Z",
            "yes_price": 11,
            "no_price": 89,
            "taker_side": "no"
        },
        {
            "trade_id": "b8cd4e3f-ca70-4afc-9468-4d9613d00b67",
            "ticker": "KXHIGHDEN-25FEB19-T21",
            "count": 36,
            "created_time": "2025-02-19T18:46:39.593413Z",
            "yes_price": 11,
            "no_price": 89,
            "taker_side": "no"
        },
        {
            "trade_id": "63a0c119-313c-481c-904a-08ac9626d549",
            "ticker": "KXHIGHDEN-25FEB19-T21",
            "count": 1,
            "created_time": "2025-02-19T18:46:25.269821Z",
            "yes_price": 11,
            "no_price": 89,
            "taker_side": "no"
        },
        {
            "trade_id": "95fa08d8-131a-4afc-b246-fff87b758676",
            "ticker": "KXHIGHDEN-25FEB19-T21",
            "count": 1,
            "created_time": "2025-02-19T18:45:03.088411Z",
            "yes_price": 18,
            "no_price": 82,
            "taker_side": "yes"
        },
        {
            "trade_id": "e1a37951-cc87-46cd-a3d0-d80141a8941b",
            "ticker": "KXHIGHDEN-25FEB19-T21",
            "count": 4,
            "created_time": "2025-02-19T18:42:46.435162Z",
            "yes_price": 11,
            "no_price": 89,
            "taker_side": "no"
        },
        {
            "trade_id": "a550b51a-eda3-41d1-b32a-ae603077fb7b",
            "ticker": "KXHIGHDEN-25FEB19-T21",
            "count": 130,
            "created_time": "2025-02-19T18:42:46.435162Z",
            "yes_price": 10,
            "no_price": 90,
            "taker_side": "no"
        },
        {
            "trade_id": "a2d4d297-fbef-4990-aff2-95e451d4c39b",
            "ticker": "KXHIGHDEN-25FEB19-T21",
            "count": 75,
            "created_time": "2025-02-19T18:41:24.14601Z",
            "yes_price": 19,
            "no_price": 81,
            "taker_side": "yes"
        },
        {
            "trade_id": "985a21bb-6c97-462d-958f-9acd5fc069dc",
            "ticker": "KXHIGHDEN-25FEB19-T21",
            "count": 20,
            "created_time": "2025-02-19T18:41:24.14601Z",
            "yes_price": 15,
            "no_price": 85,
            "taker_side": "yes"
        },
        {
            "trade_id": "2762e7dd-54e5-4207-993c-1a39ead9a20a",
            "ticker": "KXHIGHDEN-25FEB19-T21",
            "count": 50,
            "created_time": "2025-02-19T18:41:24.14601Z",
            "yes_price": 14,
            "no_price": 86,
            "taker_side": "yes"
        },
        {
            "trade_id": "223fab43-dac4-43d1-8cd9-159223bac4d8",
            "ticker": "KXHIGHDEN-25FEB19-T21",
            "count": 50,
            "created_time": "2025-02-19T18:41:24.14601Z",
            "yes_price": 19,
            "no_price": 81,
            "taker_side": "yes"
        },
        {
            "trade_id": "0400baa4-5faa-411a-a31b-4068d633bcd4",
            "ticker": "KXHIGHDEN-25FEB19-T21",
            "count": 5,
            "created_time": "2025-02-19T18:41:24.14601Z",
            "yes_price": 13,
            "no_price": 87,
            "taker_side": "yes"
        },
        {
            "trade_id": "c9a6958c-064d-4292-ab8c-6e7031d4516b",
            "ticker": "KXHIGHDEN-25FEB19-T21",
            "count": 122,
            "created_time": "2025-02-19T18:38:16.607622Z",
            "yes_price": 19,
            "no_price": 81,
            "taker_side": "yes"
        },
        {
            "trade_id": "240c3548-2cce-4ba5-bfdb-f784b58a7eee",
            "ticker": "KXHIGHDEN-25FEB19-T21",
            "count": 3,
            "created_time": "2025-02-19T18:38:16.607622Z",
            "yes_price": 18,
            "no_price": 82,
            "taker_side": "yes"
        },
        {
            "trade_id": "be4173a0-312b-4893-b8f7-305e7736ea55",
            "ticker": "KXHIGHDEN-25FEB19-T21",
            "count": 50,
            "created_time": "2025-02-19T18:36:18.054211Z",
            "yes_price": 11,
            "no_price": 89,
            "taker_side": "no"
        },
        {
            "trade_id": "4b325c38-e98a-4706-9c16-aaedd94e023a",
            "ticker": "KXHIGHDEN-25FEB19-T21",
            "count": 873,
            "created_time": "2025-02-19T18:36:18.054211Z",
            "yes_price": 10,
            "no_price": 90,
            "taker_side": "no"
        },
        {
            "trade_id": "25566529-448b-4948-b439-7b1da8552f7c",
            "ticker": "KXHIGHDEN-25FEB19-T21",
            "count": 75,
            "created_time": "2025-02-19T18:36:18.054211Z",
            "yes_price": 10,
            "no_price": 90,
            "taker_side": "no"
        },
        {
            "trade_id": "0256d195-33b9-434f-8aaa-3a556407d4dd",
            "ticker": "KXHIGHDEN-25FEB19-T21",
            "count": 2,
            "created_time": "2025-02-19T18:36:18.054211Z",
            "yes_price": 11,
            "no_price": 89,
            "taker_side": "no"
        },
        {
            "trade_id": "f3f4d1e7-6ece-46ff-ab98-79e8ae1ccb9d",
            "ticker": "KXHIGHDEN-25FEB19-T21",
            "count": 200,
            "created_time": "2025-02-19T18:34:37.054283Z",
            "yes_price": 20,
            "no_price": 80,
            "taker_side": "no"
        },
        {
            "trade_id": "79891cde-eb5e-4f1b-98a8-c126738938f2",
            "ticker": "KXHIGHDEN-25FEB19-T21",
            "count": 50,
            "created_time": "2025-02-19T18:34:37.054283Z",
            "yes_price": 20,
            "no_price": 80,
            "taker_side": "no"
        },
        {
            "trade_id": "610ecbcf-79d8-49a2-8b25-2d1e2cc8e0d3",
            "ticker": "KXHIGHDEN-25FEB19-T21",
            "count": 300,
            "created_time": "2025-02-19T18:34:37.054283Z",
            "yes_price": 20,
            "no_price": 80,
            "taker_side": "no"
        },
        {
            "trade_id": "b1f1acf0-0269-429a-a35d-a1553008f60c",
            "ticker": "KXHIGHDEN-25FEB19-T21",
            "count": 193,
            "created_time": "2025-02-19T18:32:11.664152Z",
            "yes_price": 21,
            "no_price": 79,
            "taker_side": "no"
        },
        {
            "trade_id": "ff7b3646-0d7c-44de-b33a-cd30cd60c784",
            "ticker": "KXHIGHDEN-25FEB19-T21",
            "count": 50,
            "created_time": "2025-02-19T18:29:24.77066Z",
            "yes_price": 24,
            "no_price": 76,
            "taker_side": "no"
        },
        {
            "trade_id": "d41b8bec-6fc5-49ee-b59e-07e0cb691366",
            "ticker": "KXHIGHDEN-25FEB19-T21",
            "count": 26,
            "created_time": "2025-02-19T18:29:24.77066Z",
            "yes_price": 21,
            "no_price": 79,
            "taker_side": "no"
        },
        {
            "trade_id": "64f5481e-cc39-4ef3-b416-68452eecf18f",
            "ticker": "KXHIGHDEN-25FEB19-T21",
            "count": 60,
            "created_time": "2025-02-19T18:29:24.77066Z",
            "yes_price": 27,
            "no_price": 73,
            "taker_side": "no"
        },
        {
            "trade_id": "1cc8162b-6494-40c9-8bac-1c822baace4f",
            "ticker": "KXHIGHDEN-25FEB19-T21",
            "count": 99,
            "created_time": "2025-02-19T18:29:24.77066Z",
            "yes_price": 21,
            "no_price": 79,
            "taker_side": "no"
        },
        {
            "trade_id": "0901d376-ea5a-4648-bcd6-cf466e643eb5",
            "ticker": "KXHIGHDEN-25FEB19-T21",
            "count": 6,
            "created_time": "2025-02-19T18:29:24.77066Z",
            "yes_price": 22,
            "no_price": 78,
            "taker_side": "no"
        },
        {
            "trade_id": "1a84bf4a-b5f9-4268-92c2-efd713e2a399",
            "ticker": "KXHIGHDEN-25FEB19-T21",
            "count": 11,
            "created_time": "2025-02-19T18:29:15.206083Z",
            "yes_price": 28,
            "no_price": 72,
            "taker_side": "no"
        },
        {
            "trade_id": "d0fc61fe-37e1-4ddb-a7f7-8fb23b92c888",
            "ticker": "KXHIGHDEN-25FEB19-T21",
            "count": 5,
            "created_time": "2025-02-19T18:29:14.207245Z",
            "yes_price": 29,
            "no_price": 71,
            "taker_side": "no"
        },
        {
            "trade_id": "e7079bf0-0ae1-4327-b7e6-7e5bf907d52a",
            "ticker": "KXHIGHDEN-25FEB19-T21",
            "count": 50,
            "created_time": "2025-02-19T18:27:11.700883Z",
            "yes_price": 39,
            "no_price": 61,
            "taker_side": "yes"
        },
        {
            "trade_id": "ca2ff78b-dce5-4924-8330-734fcfbefd3b",
            "ticker": "KXHIGHDEN-25FEB19-T21",
            "count": 20,
            "created_time": "2025-02-19T18:27:11.700883Z",
            "yes_price": 35,
            "no_price": 65,
            "taker_side": "yes"
        },
        {
            "trade_id": "6548981c-77e2-4a62-bcac-9973a93dd307",
            "ticker": "KXHIGHDEN-25FEB19-T21",
            "count": 9,
            "created_time": "2025-02-19T18:27:11.700883Z",
            "yes_price": 40,
            "no_price": 60,
            "taker_side": "yes"
        },
        {
            "trade_id": "44e592e7-c5f5-4a57-8541-edc910e537fc",
            "ticker": "KXHIGHDEN-25FEB19-T21",
            "count": 5,
            "created_time": "2025-02-19T18:27:11.700883Z",
            "yes_price": 38,
            "no_price": 62,
            "taker_side": "yes"
        },
        {
            "trade_id": "da7bc3fe-7344-44ac-b9b5-80c19547e757",
            "ticker": "KXHIGHDEN-25FEB19-T21",
            "count": 27,
            "created_time": "2025-02-19T18:25:16.402297Z",
            "yes_price": 34,
            "no_price": 66,
            "taker_side": "yes"
        },
        {
            "trade_id": "4bdef294-2d43-447a-bbf8-06017a279da7",
            "ticker": "KXHIGHDEN-25FEB19-T21",
            "count": 6,
            "created_time": "2025-02-19T18:24:46.093394Z",
            "yes_price": 31,
            "no_price": 69,
            "taker_side": "no"
        },
        {
            "trade_id": "15e53d22-8804-4ef5-8bfa-abbd80b9b421",
            "ticker": "KXHIGHDEN-25FEB19-T21",
            "count": 5,
            "created_time": "2025-02-19T18:24:46.093394Z",
            "yes_price": 32,
            "no_price": 68,
            "taker_side": "no"
        },
        {
            "trade_id": "07a6eb27-a63d-487c-8d82-d517f1d95e19",
            "ticker": "KXHIGHDEN-25FEB19-T21",
            "count": 10,
            "created_time": "2025-02-19T18:24:46.093394Z",
            "yes_price": 32,
            "no_price": 68,
            "taker_side": "no"
        },
        {
            "trade_id": "f7b2455d-7de6-4fc4-9b27-480bc616029d",
            "ticker": "KXHIGHDEN-25FEB19-T21",
            "count": 3,
            "created_time": "2025-02-19T18:21:56.520281Z",
            "yes_price": 41,
            "no_price": 59,
            "taker_side": "yes"
        },
        {
            "trade_id": "8df45f24-f173-441a-866a-910557064291",
            "ticker": "KXHIGHDEN-25FEB19-T21",
            "count": 29,
            "created_time": "2025-02-19T18:21:56.520281Z",
            "yes_price": 42,
            "no_price": 58,
            "taker_side": "yes"
        },
        {
            "trade_id": "a7927eed-e5b2-48c5-bd06-41e128f6c659",
            "ticker": "KXHIGHDEN-25FEB19-T21",
            "count": 3,
            "created_time": "2025-02-19T18:21:45.182308Z",
            "yes_price": 22,
            "no_price": 78,
            "taker_side": "no"
        },
        {
            "trade_id": "69f84c1d-89a6-45c3-a534-fdf7723d3238",
            "ticker": "KXHIGHDEN-25FEB19-T21",
            "count": 10,
            "created_time": "2025-02-19T18:21:22.038138Z",
            "yes_price": 37,
            "no_price": 63,
            "taker_side": "yes"
        },
        {
            "trade_id": "17c71b32-d98e-4116-98c4-8d9c87e0b0e4",
            "ticker": "KXHIGHDEN-25FEB19-T21",
            "count": 50,
            "created_time": "2025-02-19T18:21:22.038138Z",
            "yes_price": 38,
            "no_price": 62,
            "taker_side": "yes"
        },
        {
            "trade_id": "22895146-ff39-412e-9bbe-9914c0bcdfc3",
            "ticker": "KXHIGHDEN-25FEB19-T21",
            "count": 5,
            "created_time": "2025-02-19T18:21:16.002468Z",
            "yes_price": 35,
            "no_price": 65,
            "taker_side": "no"
        },
        {
            "trade_id": "5ae3043a-2110-4616-808a-1617b81f6eeb",
            "ticker": "KXHIGHDEN-25FEB19-T21",
            "count": 5,
            "created_time": "2025-02-19T18:21:11.163016Z",
            "yes_price": 35,
            "no_price": 65,
            "taker_side": "yes"
        },
        {
            "trade_id": "7334286b-e2dd-46b0-a0ac-92fc32762191",
            "ticker": "KXHIGHDEN-25FEB19-T21",
            "count": 50,
            "created_time": "2025-02-19T18:21:05.801647Z",
            "yes_price": 33,
            "no_price": 67,
            "taker_side": "yes"
        },
        {
            "trade_id": "f266cf90-07a8-46b3-968d-d2d6adaa7893",
            "ticker": "KXHIGHDEN-25FEB19-T21",
            "count": 100,
            "created_time": "2025-02-19T18:20:02.259747Z",
            "yes_price": 39,
            "no_price": 61,
            "taker_side": "no"
        },
        {
            "trade_id": "bb4110ad-9049-4906-9c71-6762cf61cba7",
            "ticker": "KXHIGHDEN-25FEB19-T21",
            "count": 160,
            "created_time": "2025-02-19T18:20:02.259747Z",
            "yes_price": 40,
            "no_price": 60,
            "taker_side": "no"
        },
        {
            "trade_id": "6f2c1730-f474-4499-be37-95c2c2ba9b9f",
            "ticker": "KXHIGHDEN-25FEB19-T21",
            "count": 50,
            "created_time": "2025-02-19T18:20:02.259747Z",
            "yes_price": 42,
            "no_price": 58,
            "taker_side": "no"
        },
        {
            "trade_id": "22612c00-bd95-426b-acc9-a3d6d18199e1",
            "ticker": "KXHIGHDEN-25FEB19-T21",
            "count": 5,
            "created_time": "2025-02-19T18:20:02.259747Z",
            "yes_price": 43,
            "no_price": 57,
            "taker_side": "no"
        },
        {
            "trade_id": "20054f49-2c51-41a7-bc6b-6bd1fd1c64f5",
            "ticker": "KXHIGHDEN-25FEB19-T21",
            "count": 300,
            "created_time": "2025-02-19T18:20:02.259747Z",
            "yes_price": 41,
            "no_price": 59,
            "taker_side": "no"
        },
        {
            "trade_id": "153bcb9d-9f3f-46e2-99a9-dbb1b8154181",
            "ticker": "KXHIGHDEN-25FEB19-T21",
            "count": 50,
            "created_time": "2025-02-19T18:20:02.259747Z",
            "yes_price": 44,
            "no_price": 56,
            "taker_side": "no"
        },
        {
            "trade_id": "06cb7249-7490-4412-9c71-240a30848d26",
            "ticker": "KXHIGHDEN-25FEB19-T21",
            "count": 7,
            "created_time": "2025-02-19T18:20:02.259747Z",
            "yes_price": 42,
            "no_price": 58,
            "taker_side": "no"
        },
        {
            "trade_id": "bed3e07a-dae1-429d-bd8b-b69187f6770c",
            "ticker": "KXHIGHDEN-25FEB19-T21",
            "count": 50,
            "created_time": "2025-02-19T18:18:09.750654Z",
            "yes_price": 46,
            "no_price": 54,
            "taker_side": "no"
        },
        {
            "trade_id": "56d7a66f-424e-48e3-9ac0-6a09964fd09c",
            "ticker": "KXHIGHDEN-25FEB19-T21",
            "count": 20,
            "created_time": "2025-02-19T18:18:09.750654Z",
            "yes_price": 43,
            "no_price": 57,
            "taker_side": "no"
        },
        {
            "trade_id": "10cbe832-becb-419d-96f6-53c3b06c1415",
            "ticker": "KXHIGHDEN-25FEB19-T21",
            "count": 5,
            "created_time": "2025-02-19T18:18:09.750654Z",
            "yes_price": 45,
            "no_price": 55,
            "taker_side": "no"
        },
        {
            "trade_id": "eeff35ba-e64d-4a40-992d-36b0e0b2955a",
            "ticker": "KXHIGHDEN-25FEB19-T21",
            "count": 6,
            "created_time": "2025-02-19T18:15:14.905711Z",
            "yes_price": 49,
            "no_price": 51,
            "taker_side": "no"
        },
        {
            "trade_id": "d4fcbe6b-f374-4742-94d0-a71dffa90067",
            "ticker": "KXHIGHDEN-25FEB19-T21",
            "count": 26,
            "created_time": "2025-02-19T18:15:09.143443Z",
            "yes_price": 54,
            "no_price": 46,
            "taker_side": "yes"
        },
        {
            "trade_id": "7bf221e6-e6b6-4c07-96db-2832e82bd4f3",
            "ticker": "KXHIGHDEN-25FEB19-T21",
            "count": 50,
            "created_time": "2025-02-19T18:14:45.500187Z",
            "yes_price": 50,
            "no_price": 50,
            "taker_side": "no"
        },
        {
            "trade_id": "422c76cb-c5ad-4948-bc54-46b72cff9f9c",
            "ticker": "KXHIGHDEN-25FEB19-T21",
            "count": 50,
            "created_time": "2025-02-19T18:08:58.609319Z",
            "yes_price": 55,
            "no_price": 45,
            "taker_side": "no"
        },
        {
            "trade_id": "8fb79993-7aea-44ca-9688-bf9bb3b876b6",
            "ticker": "KXHIGHDEN-25FEB19-T21",
            "count": 20,
            "created_time": "2025-02-19T18:08:31.608052Z",
            "yes_price": 62,
            "no_price": 38,
            "taker_side": "yes"
        },
        {
            "trade_id": "af9a4a28-aa5e-42bb-a288-06ecff03fe66",
            "ticker": "KXHIGHDEN-25FEB19-T21",
            "count": 7,
            "created_time": "2025-02-19T18:06:08.322551Z",
            "yes_price": 67,
            "no_price": 33,
            "taker_side": "yes"
        },
        {
            "trade_id": "70749d3c-081e-4bd7-94ef-7eef8e675e79",
            "ticker": "KXHIGHDEN-25FEB19-T21",
            "count": 46,
            "created_time": "2025-02-19T18:06:08.322551Z",
            "yes_price": 66,
            "no_price": 34,
            "taker_side": "yes"
        },
        {
            "trade_id": "dc3e2d14-27ac-4a28-9d4a-914e4a1bbefe",
            "ticker": "KXHIGHDEN-25FEB19-T21",
            "count": 50,
            "created_time": "2025-02-19T18:02:58.556394Z",
            "yes_price": 57,
            "no_price": 43,
            "taker_side": "yes"
        },
        {
            "trade_id": "9dd4f772-1780-43df-b436-d452fe5d053f",
            "ticker": "KXHIGHDEN-25FEB19-T21",
            "count": 100,
            "created_time": "2025-02-19T18:02:58.556394Z",
            "yes_price": 58,
            "no_price": 42,
            "taker_side": "yes"
        },
        {
            "trade_id": "90c51352-5fe3-4664-8abd-96054ed79682",
            "ticker": "KXHIGHDEN-25FEB19-T21",
            "count": 100,
            "created_time": "2025-02-19T18:02:58.556394Z",
            "yes_price": 58,
            "no_price": 42,
            "taker_side": "yes"
        },
        {
            "trade_id": "8d9727ca-6ba3-4179-8724-40df9852a6e9",
            "ticker": "KXHIGHDEN-25FEB19-T21",
            "count": 100,
            "created_time": "2025-02-19T18:02:58.556394Z",
            "yes_price": 57,
            "no_price": 43,
            "taker_side": "yes"
        },
        {
            "trade_id": "8a1d6db1-cabe-4c10-ad84-d5469e3483c4",
            "ticker": "KXHIGHDEN-25FEB19-T21",
            "count": 300,
            "created_time": "2025-02-19T18:02:58.556394Z",
            "yes_price": 58,
            "no_price": 42,
            "taker_side": "yes"
        },
        {
            "trade_id": "298cbb99-88ee-4d8a-bd53-01e8e4281572",
            "ticker": "KXHIGHDEN-25FEB19-T21",
            "count": 100,
            "created_time": "2025-02-19T18:01:18.90934Z",
            "yes_price": 50,
            "no_price": 50,
            "taker_side": "yes"
        },
        {
            "trade_id": "7158c83f-3344-4459-b926-b437e78fd5f2",
            "ticker": "KXHIGHDEN-25FEB19-T21",
            "count": 50,
            "created_time": "2025-02-19T17:58:12.223902Z",
            "yes_price": 45,
            "no_price": 55,
            "taker_side": "no"
        },
        {
            "trade_id": "5f2fd4bb-27e0-4ed8-9a68-908918fcd2a7",
            "ticker": "KXHIGHDEN-25FEB19-T21",
            "count": 50,
            "created_time": "2025-02-19T17:55:41.431868Z",
            "yes_price": 54,
            "no_price": 46,
            "taker_side": "yes"
        },
        {
            "trade_id": "d1195196-bf88-43c5-8a31-58f2a1d0a728",
            "ticker": "KXHIGHDEN-25FEB19-T21",
            "count": 25,
            "created_time": "2025-02-19T17:54:03.939999Z",
            "yes_price": 55,
            "no_price": 45,
            "taker_side": "yes"
        },
        {
            "trade_id": "e460d641-a699-4f70-a408-b631005c4735",
            "ticker": "KXHIGHDEN-25FEB19-T21",
            "count": 31,
            "created_time": "2025-02-19T17:49:04.883819Z",
            "yes_price": 47,
            "no_price": 53,
            "taker_side": "no"
        },
        {
            "trade_id": "d4929cb5-52be-4c30-81d7-3b20b42d8523",
            "ticker": "KXHIGHDEN-25FEB19-T21",
            "count": 5,
            "created_time": "2025-02-19T17:48:00.724571Z",
            "yes_price": 45,
            "no_price": 55,
            "taker_side": "no"
        },
        {
            "trade_id": "8cb27269-99de-490a-9e20-d518e42b98fe",
            "ticker": "KXHIGHDEN-25FEB19-T21",
            "count": 5,
            "created_time": "2025-02-19T17:45:13.085281Z",
            "yes_price": 46,
            "no_price": 54,
            "taker_side": "no"
        },
        {
            "trade_id": "48d25a9b-8dab-4533-a8a2-a94e49d0f295",
            "ticker": "KXHIGHDEN-25FEB19-T21",
            "count": 4,
            "created_time": "2025-02-19T17:45:13.085281Z",
            "yes_price": 47,
            "no_price": 53,
            "taker_side": "no"
        },
        {
            "trade_id": "4afc510d-20d6-4602-b139-deb2d5a95dfd",
            "ticker": "KXHIGHDEN-25FEB19-T21",
            "count": 6,
            "created_time": "2025-02-19T17:44:45.352367Z",
            "yes_price": 55,
            "no_price": 45,
            "taker_side": "no"
        },
        {
            "trade_id": "e4de2e3b-9c3a-4b46-930a-4b64fe04d0df",
            "ticker": "KXHIGHDEN-25FEB19-T21",
            "count": 10,
            "created_time": "2025-02-19T17:41:55.317467Z",
            "yes_price": 57,
            "no_price": 43,
            "taker_side": "yes"
        },
        {
            "trade_id": "0b99582f-8d50-42d8-ad14-f89809fd3f37",
            "ticker": "KXHIGHDEN-25FEB19-T21",
            "count": 32,
            "created_time": "2025-02-19T17:41:55.317467Z",
            "yes_price": 58,
            "no_price": 42,
            "taker_side": "yes"
        },
        {
            "trade_id": "1193d208-1ed4-4ff8-b6bd-aae3d05eee76",
            "ticker": "KXHIGHDEN-25FEB19-T21",
            "count": 17,
            "created_time": "2025-02-19T17:40:26.337105Z",
            "yes_price": 46,
            "no_price": 54,
            "taker_side": "no"
        },
        {
            "trade_id": "0318e4a9-accc-4c22-b52d-69f39b8d5670",
            "ticker": "KXHIGHDEN-25FEB19-T21",
            "count": 1,
            "created_time": "2025-02-19T17:38:03.907966Z",
            "yes_price": 53,
            "no_price": 47,
            "taker_side": "no"
        },
        {
            "trade_id": "ef17e001-2c64-4848-aa34-68968b7b6a36",
            "ticker": "KXHIGHDEN-25FEB19-T21",
            "count": 240,
            "created_time": "2025-02-19T17:37:47.554357Z",
            "yes_price": 56,
            "no_price": 44,
            "taker_side": "yes"
        },
        {
            "trade_id": "ea211eca-59ec-44a1-9279-990d34ccfa8d",
            "ticker": "KXHIGHDEN-25FEB19-T21",
            "count": 100,
            "created_time": "2025-02-19T17:37:47.554357Z",
            "yes_price": 57,
            "no_price": 43,
            "taker_side": "yes"
        },
        {
            "trade_id": "e83074bb-73f2-498a-b37c-e42d943a618e",
            "ticker": "KXHIGHDEN-25FEB19-T21",
            "count": 50,
            "created_time": "2025-02-19T17:37:47.554357Z",
            "yes_price": 57,
            "no_price": 43,
            "taker_side": "yes"
        },
        {
            "trade_id": "bf1d6c46-c899-4543-9725-7e10dcd3cb7d",
            "ticker": "KXHIGHDEN-25FEB19-T21",
            "count": 50,
            "created_time": "2025-02-19T17:37:47.554357Z",
            "yes_price": 56,
            "no_price": 44,
            "taker_side": "yes"
        },
        {
            "trade_id": "9d7c4cf5-789a-47a2-bf46-1ffe05e193fe",
            "ticker": "KXHIGHDEN-25FEB19-T21",
            "count": 182,
            "created_time": "2025-02-19T17:37:47.554357Z",
            "yes_price": 58,
            "no_price": 42,
            "taker_side": "yes"
        },
        {
            "trade_id": "92a28b60-c9b2-40d9-a88e-aa213f1cd75b",
            "ticker": "KXHIGHDEN-25FEB19-T21",
            "count": 240,
            "created_time": "2025-02-19T17:37:47.554357Z",
            "yes_price": 58,
            "no_price": 42,
            "taker_side": "yes"
        },
        {
            "trade_id": "8d5636e3-9c65-40a9-a67b-9fcbce03f255",
            "ticker": "KXHIGHDEN-25FEB19-T21",
            "count": 50,
            "created_time": "2025-02-19T17:37:47.554357Z",
            "yes_price": 57,
            "no_price": 43,
            "taker_side": "yes"
        },
        {
            "trade_id": "6f001333-b413-43de-b216-dde76ee4e80c",
            "ticker": "KXHIGHDEN-25FEB19-T21",
            "count": 25,
            "created_time": "2025-02-19T17:37:47.554357Z",
            "yes_price": 56,
            "no_price": 44,
            "taker_side": "yes"
        },
        {
            "trade_id": "5cd5c081-10e1-4e79-9121-8f0e8ed11c23",
            "ticker": "KXHIGHDEN-25FEB19-T21",
            "count": 2,
            "created_time": "2025-02-19T17:37:47.554357Z",
            "yes_price": 57,
            "no_price": 43,
            "taker_side": "yes"
        },
        {
            "trade_id": "1f98f61b-69cf-4326-a2e0-c18ddb8da22f",
            "ticker": "KXHIGHDEN-25FEB19-T21",
            "count": 25,
            "created_time": "2025-02-19T17:37:47.554357Z",
            "yes_price": 54,
            "no_price": 46,
            "taker_side": "yes"
        },
        {
            "trade_id": "165246de-0689-4d38-819b-2c8eff305b1d",
            "ticker": "KXHIGHDEN-25FEB19-T21",
            "count": 36,
            "created_time": "2025-02-19T17:37:47.554357Z",
            "yes_price": 55,
            "no_price": 45,
            "taker_side": "yes"
        },
        {
            "trade_id": "f226b73e-1629-403c-9a67-9d375a14c27e",
            "ticker": "KXHIGHDEN-25FEB19-T21",
            "count": 50,
            "created_time": "2025-02-19T17:33:08.577607Z",
            "yes_price": 53,
            "no_price": 47,
            "taker_side": "yes"
        },
        {
            "trade_id": "ec5b292e-f1d5-417b-96fe-f324ffc81e2a",
            "ticker": "KXHIGHDEN-25FEB19-T21",
            "count": 240,
            "created_time": "2025-02-19T17:33:08.577607Z",
            "yes_price": 54,
            "no_price": 46,
            "taker_side": "yes"
        },
        {
            "trade_id": "d957a511-5a18-4836-be9b-8cec5855c427",
            "ticker": "KXHIGHDEN-25FEB19-T21",
            "count": 2,
            "created_time": "2025-02-19T17:33:08.577607Z",
            "yes_price": 52,
            "no_price": 48,
            "taker_side": "yes"
        },
        {
            "trade_id": "d63676d1-4da2-46ad-a160-5f931e27c1b2",
            "ticker": "KXHIGHDEN-25FEB19-T21",
            "count": 100,
            "created_time": "2025-02-19T17:33:08.577607Z",
            "yes_price": 52,
            "no_price": 48,
            "taker_side": "yes"
        },
        {
            "trade_id": "75095a6e-ff32-428f-9de9-568de4668f75",
            "ticker": "KXHIGHDEN-25FEB19-T21",
            "count": 650,
            "created_time": "2025-02-19T17:33:08.577607Z",
            "yes_price": 54,
            "no_price": 46,
            "taker_side": "yes"
        },
        {
            "trade_id": "6c7ced83-5d54-4738-96cf-400fb2bee4ef",
            "ticker": "KXHIGHDEN-25FEB19-T21",
            "count": 100,
            "created_time": "2025-02-19T17:33:08.577607Z",
            "yes_price": 53,
            "no_price": 47,
            "taker_side": "yes"
        },
        {
            "trade_id": "63a3abd1-faab-4376-b536-99f210d8e261",
            "ticker": "KXHIGHDEN-25FEB19-T21",
            "count": 50,
            "created_time": "2025-02-19T17:33:08.577607Z",
            "yes_price": 54,
            "no_price": 46,
            "taker_side": "yes"
        },
        {
            "trade_id": "5328b71f-0ad6-4655-bd19-69e736989074",
            "ticker": "KXHIGHDEN-25FEB19-T21",
            "count": 100,
            "created_time": "2025-02-19T17:33:08.577607Z",
            "yes_price": 51,
            "no_price": 49,
            "taker_side": "yes"
        },
        {
            "trade_id": "1d0c96b4-5515-4b46-bf69-b18f2c3334f2",
            "ticker": "KXHIGHDEN-25FEB19-T21",
            "count": 48,
            "created_time": "2025-02-19T17:33:08.577607Z",
            "yes_price": 54,
            "no_price": 46,
            "taker_side": "yes"
        },
        {
            "trade_id": "0f87a58f-3782-40f9-b92d-ff409e074181",
            "ticker": "KXHIGHDEN-25FEB19-T21",
            "count": 50,
            "created_time": "2025-02-19T17:33:08.577607Z",
            "yes_price": 53,
            "no_price": 47,
            "taker_side": "yes"
        },
        {
            "trade_id": "0577c050-d7a4-4929-8da7-26962f6143cc",
            "ticker": "KXHIGHDEN-25FEB19-T21",
            "count": 10,
            "created_time": "2025-02-19T17:33:08.577607Z",
            "yes_price": 53,
            "no_price": 47,
            "taker_side": "yes"
        },
        {
            "trade_id": "bb1b9fcb-944d-4381-8b73-25f7f67ff86f",
            "ticker": "KXHIGHDEN-25FEB19-T21",
            "count": 5,
            "created_time": "2025-02-19T17:29:24.853938Z",
            "yes_price": 49,
            "no_price": 51,
            "taker_side": "yes"
        },
        {
            "trade_id": "910bcf20-5dd4-4f0e-9ba1-53335b3ef43c",
            "ticker": "KXHIGHDEN-25FEB19-T21",
            "count": 2,
            "created_time": "2025-02-19T17:29:24.853938Z",
            "yes_price": 52,
            "no_price": 48,
            "taker_side": "yes"
        },
        {
            "trade_id": "8959b9db-4d80-4e32-8f72-c50d9a128f4b",
            "ticker": "KXHIGHDEN-25FEB19-T21",
            "count": 50,
            "created_time": "2025-02-19T17:29:24.853938Z",
            "yes_price": 52,
            "no_price": 48,
            "taker_side": "yes"
        },
        {
            "trade_id": "84fdd4fc-12c7-4d43-9dd7-83c2f90b04d3",
            "ticker": "KXHIGHDEN-25FEB19-T21",
            "count": 50,
            "created_time": "2025-02-19T17:29:24.853938Z",
            "yes_price": 51,
            "no_price": 49,
            "taker_side": "yes"
        },
        {
            "trade_id": "7f64a936-6526-44c5-bfb7-045e78795e3f",
            "ticker": "KXHIGHDEN-25FEB19-T21",
            "count": 50,
            "created_time": "2025-02-19T17:29:24.853938Z",
            "yes_price": 50,
            "no_price": 50,
            "taker_side": "yes"
        },
        {
            "trade_id": "53c887a6-412f-434a-b014-3f994749aeb7",
            "ticker": "KXHIGHDEN-25FEB19-T21",
            "count": 50,
            "created_time": "2025-02-19T17:29:24.853938Z",
            "yes_price": 51,
            "no_price": 49,
            "taker_side": "yes"
        },
        {
            "trade_id": "2dc6c3d9-e578-4f3f-8472-f21d6b7782fb",
            "ticker": "KXHIGHDEN-25FEB19-T21",
            "count": 80,
            "created_time": "2025-02-19T17:29:24.853938Z",
            "yes_price": 52,
            "no_price": 48,
            "taker_side": "yes"
        },
        {
            "trade_id": "16b9b91f-5e3e-4a42-8f6a-52bcdeec8e84",
            "ticker": "KXHIGHDEN-25FEB19-T21",
            "count": 13,
            "created_time": "2025-02-19T17:29:24.853938Z",
            "yes_price": 52,
            "no_price": 48,
            "taker_side": "yes"
        },
        {
            "trade_id": "0cd827c9-6e6f-4f7b-845d-184da1e65296",
            "ticker": "KXHIGHDEN-25FEB19-T21",
            "count": 300,
            "created_time": "2025-02-19T17:29:24.853938Z",
            "yes_price": 51,
            "no_price": 49,
            "taker_side": "yes"
        },
        {
            "trade_id": "b4b06cae-97a0-473b-99f6-4a16ea3e00be",
            "ticker": "KXHIGHDEN-25FEB19-T21",
            "count": 26,
            "created_time": "2025-02-19T17:27:41.413667Z",
            "yes_price": 48,
            "no_price": 52,
            "taker_side": "no"
        },
        {
            "trade_id": "30bdc604-2ee0-45bb-b685-38738042542c",
            "ticker": "KXHIGHDEN-25FEB19-T21",
            "count": 13,
            "created_time": "2025-02-19T17:27:41.413667Z",
            "yes_price": 46,
            "no_price": 54,
            "taker_side": "no"
        },
        {
            "trade_id": "097d7b0b-3192-4582-8ba2-b7debab96585",
            "ticker": "KXHIGHDEN-25FEB19-T21",
            "count": 131,
            "created_time": "2025-02-19T17:27:41.413667Z",
            "yes_price": 46,
            "no_price": 54,
            "taker_side": "no"
        },
        {
            "trade_id": "ec81d4e4-1f21-4590-855c-034fe08f3c08",
            "ticker": "KXHIGHDEN-25FEB19-T21",
            "count": 200,
            "created_time": "2025-02-19T17:21:09.300432Z",
            "yes_price": 50,
            "no_price": 50,
            "taker_side": "no"
        },
        {
            "trade_id": "e4d45e13-d554-4014-8419-a6a21d555ccb",
            "ticker": "KXHIGHDEN-25FEB19-T21",
            "count": 90,
            "created_time": "2025-02-19T17:21:09.300432Z",
            "yes_price": 51,
            "no_price": 49,
            "taker_side": "no"
        },
        {
            "trade_id": "d01654ff-2cb4-4530-8fc0-d24d605705dd",
            "ticker": "KXHIGHDEN-25FEB19-T21",
            "count": 28,
            "created_time": "2025-02-19T17:21:09.300432Z",
            "yes_price": 50,
            "no_price": 50,
            "taker_side": "no"
        },
        {
            "trade_id": "542710ee-2505-4969-9241-f3a401a45902",
            "ticker": "KXHIGHDEN-25FEB19-T21",
            "count": 29,
            "created_time": "2025-02-19T17:21:09.300432Z",
            "yes_price": 50,
            "no_price": 50,
            "taker_side": "no"
        },
        {
            "trade_id": "14bcb36d-7d7e-4886-a6d7-e689f0c51a54",
            "ticker": "KXHIGHDEN-25FEB19-T21",
            "count": 5,
            "created_time": "2025-02-19T17:21:09.300432Z",
            "yes_price": 52,
            "no_price": 48,
            "taker_side": "no"
        },
        {
            "trade_id": "07c1d223-fc64-4e82-95b5-3a82aa7b1765",
            "ticker": "KXHIGHDEN-25FEB19-T21",
            "count": 18,
            "created_time": "2025-02-19T17:21:09.300432Z",
            "yes_price": 50,
            "no_price": 50,
            "taker_side": "no"
        },
        {
            "trade_id": "fd3dbf56-21c6-438f-bc16-bd8f954c3088",
            "ticker": "KXHIGHDEN-25FEB19-T21",
            "count": 14,
            "created_time": "2025-02-19T17:19:46.090882Z",
            "yes_price": 55,
            "no_price": 45,
            "taker_side": "yes"
        },
        {
            "trade_id": "43d2a838-c0d7-45c6-9848-43a666af7f9c",
            "ticker": "KXHIGHDEN-25FEB19-T21",
            "count": 11,
            "created_time": "2025-02-19T17:19:46.090882Z",
            "yes_price": 54,
            "no_price": 46,
            "taker_side": "yes"
        },
        {
            "trade_id": "dacaffca-d211-44b4-ad63-feecc7802ffe",
            "ticker": "KXHIGHDEN-25FEB19-T21",
            "count": 19,
            "created_time": "2025-02-19T17:06:23.583057Z",
            "yes_price": 54,
            "no_price": 46,
            "taker_side": "yes"
        },
        {
            "trade_id": "6a5c445e-e821-41ee-8bbc-bc496f8836e1",
            "ticker": "KXHIGHDEN-25FEB19-T21",
            "count": 6,
            "created_time": "2025-02-19T17:05:57.495927Z",
            "yes_price": 53,
            "no_price": 47,
            "taker_side": "yes"
        },
        {
            "trade_id": "3ea97f35-fc41-47bf-bb49-087ce9ccd4ca",
            "ticker": "KXHIGHDEN-25FEB19-T21",
            "count": 4,
            "created_time": "2025-02-19T17:05:53.379718Z",
            "yes_price": 53,
            "no_price": 47,
            "taker_side": "yes"
        },
        {
            "trade_id": "831cc564-4884-4207-9b0a-d170b7e57acf",
            "ticker": "KXHIGHDEN-25FEB19-T21",
            "count": 110,
            "created_time": "2025-02-19T17:04:11.846097Z",
            "yes_price": 51,
            "no_price": 49,
            "taker_side": "no"
        },
        {
            "trade_id": "ac6f1b0d-b207-4c4c-a71c-d1d10241e544",
            "ticker": "KXHIGHDEN-25FEB19-T21",
            "count": 5,
            "created_time": "2025-02-19T17:03:50.579795Z",
            "yes_price": 52,
            "no_price": 48,
            "taker_side": "yes"
        },
        {
            "trade_id": "32c80b56-5cd1-4dd9-b0e3-81fb628ac5d9",
            "ticker": "KXHIGHDEN-25FEB19-T21",
            "count": 20,
            "created_time": "2025-02-19T17:03:50.579795Z",
            "yes_price": 54,
            "no_price": 46,
            "taker_side": "yes"
        },
        {
            "trade_id": "25c0283b-1009-42ac-bd60-600471778aa5",
            "ticker": "KXHIGHDEN-25FEB19-T21",
            "count": 50,
            "created_time": "2025-02-19T17:03:50.579795Z",
            "yes_price": 53,
            "no_price": 47,
            "taker_side": "yes"
        },
        {
            "trade_id": "8d9e2152-5783-4337-a07e-0268faaba675",
            "ticker": "KXHIGHDEN-25FEB19-T21",
            "count": 5,
            "created_time": "2025-02-19T16:57:30.392619Z",
            "yes_price": 51,
            "no_price": 49,
            "taker_side": "no"
        },
        {
            "trade_id": "5f9a55b2-dac4-41ea-beea-e5858409a31a",
            "ticker": "KXHIGHDEN-25FEB19-T21",
            "count": 2,
            "created_time": "2025-02-19T16:57:30.392619Z",
            "yes_price": 50,
            "no_price": 50,
            "taker_side": "no"
        },
        {
            "trade_id": "18f1c8ff-8e76-48e1-b0ea-917c8f6f2d2a",
            "ticker": "KXHIGHDEN-25FEB19-T21",
            "count": 12,
            "created_time": "2025-02-19T16:57:30.392619Z",
            "yes_price": 50,
            "no_price": 50,
            "taker_side": "no"
        },
        {
            "trade_id": "7c339e16-0e2b-436e-8075-a824f299e444",
            "ticker": "KXHIGHDEN-25FEB19-T21",
            "count": 10,
            "created_time": "2025-02-19T16:50:40.423377Z",
            "yes_price": 56,
            "no_price": 44,
            "taker_side": "yes"
        },
        {
            "trade_id": "6dd1dbd6-2d25-4f8e-af1f-f354d40ab45d",
            "ticker": "KXHIGHDEN-25FEB19-T21",
            "count": 5,
            "created_time": "2025-02-19T16:50:40.423377Z",
            "yes_price": 56,
            "no_price": 44,
            "taker_side": "yes"
        },
        {
            "trade_id": "f523c684-b519-4445-ad74-9af1ba123ce6",
            "ticker": "KXHIGHDEN-25FEB19-T21",
            "count": 2,
            "created_time": "2025-02-19T16:50:33.872748Z",
            "yes_price": 55,
            "no_price": 45,
            "taker_side": "yes"
        },
        {
            "trade_id": "3be06b8d-67f7-4c0f-9d12-0d92bd5dc5f2",
            "ticker": "KXHIGHDEN-25FEB19-T21",
            "count": 25,
            "created_time": "2025-02-19T16:50:33.872748Z",
            "yes_price": 55,
            "no_price": 45,
            "taker_side": "yes"
        },
        {
            "trade_id": "2c3cf143-9425-41aa-9198-46e7f40bc66d",
            "ticker": "KXHIGHDEN-25FEB19-T21",
            "count": 8,
            "created_time": "2025-02-19T16:50:33.872748Z",
            "yes_price": 55,
            "no_price": 45,
            "taker_side": "yes"
        },
        {
            "trade_id": "89e135b9-2d77-4738-9e22-86f142cf6b7e",
            "ticker": "KXHIGHDEN-25FEB19-T21",
            "count": 48,
            "created_time": "2025-02-19T16:40:17.265193Z",
            "yes_price": 50,
            "no_price": 50,
            "taker_side": "no"
        },
        {
            "trade_id": "b90ed642-875c-46f5-b299-b5834bea3095",
            "ticker": "KXHIGHDEN-25FEB19-T21",
            "count": 118,
            "created_time": "2025-02-19T16:38:37.310292Z",
            "yes_price": 50,
            "no_price": 50,
            "taker_side": "no"
        },
        {
            "trade_id": "4a430a48-2c54-4e79-9ac5-2bb8128bf019",
            "ticker": "KXHIGHDEN-25FEB19-T21",
            "count": 54,
            "created_time": "2025-02-19T16:37:56.727795Z",
            "yes_price": 51,
            "no_price": 49,
            "taker_side": "no"
        },
        {
            "trade_id": "2e0b118d-7fd1-4e85-9fa3-3f978e0083f7",
            "ticker": "KXHIGHDEN-25FEB19-T21",
            "count": 44,
            "created_time": "2025-02-19T16:37:56.727795Z",
            "yes_price": 51,
            "no_price": 49,
            "taker_side": "no"
        },
        {
            "trade_id": "47324133-3e40-4bab-8646-56bf1519d7c8",
            "ticker": "KXHIGHDEN-25FEB19-T21",
            "count": 15,
            "created_time": "2025-02-19T16:36:23.806467Z",
            "yes_price": 51,
            "no_price": 49,
            "taker_side": "no"
        },
        {
            "trade_id": "f4403f66-6f14-46d9-ad26-1392bb2b149f",
            "ticker": "KXHIGHDEN-25FEB19-T21",
            "count": 3,
            "created_time": "2025-02-19T16:33:43.355554Z",
            "yes_price": 51,
            "no_price": 49,
            "taker_side": "no"
        },
        {
            "trade_id": "77c74164-be31-4738-a789-38df3b514203",
            "ticker": "KXHIGHDEN-25FEB19-T21",
            "count": 35,
            "created_time": "2025-02-19T16:33:43.355554Z",
            "yes_price": 50,
            "no_price": 50,
            "taker_side": "no"
        },
        {
            "trade_id": "06e56daa-2224-4b5b-893e-1aa4e10d7692",
            "ticker": "KXHIGHDEN-25FEB19-T21",
            "count": 8,
            "created_time": "2025-02-19T16:33:43.355554Z",
            "yes_price": 52,
            "no_price": 48,
            "taker_side": "no"
        },
        {
            "trade_id": "064b0e67-3398-4522-8a55-fd7a8acfa763",
            "ticker": "KXHIGHDEN-25FEB19-T21",
            "count": 4,
            "created_time": "2025-02-19T16:33:43.355554Z",
            "yes_price": 52,
            "no_price": 48,
            "taker_side": "no"
        },
        {
            "trade_id": "c1283dfd-2b67-4c0c-8448-7c3e94206367",
            "ticker": "KXHIGHDEN-25FEB19-T21",
            "count": 113,
            "created_time": "2025-02-19T16:26:47.148963Z",
            "yes_price": 51,
            "no_price": 49,
            "taker_side": "no"
        },
        {
            "trade_id": "b014094d-caff-4c8f-a680-a2abb45a2e1f",
            "ticker": "KXHIGHDEN-25FEB19-T21",
            "count": 5,
            "created_time": "2025-02-19T16:26:47.148963Z",
            "yes_price": 52,
            "no_price": 48,
            "taker_side": "no"
        },
        {
            "trade_id": "eea6afdc-aa50-48f5-acd0-e59d80a1e4b5",
            "ticker": "KXHIGHDEN-25FEB19-T21",
            "count": 111,
            "created_time": "2025-02-19T16:25:56.930576Z",
            "yes_price": 52,
            "no_price": 48,
            "taker_side": "no"
        },
        {
            "trade_id": "f75a5eec-a1ce-46e7-bc83-dab8f0d9b4f0",
            "ticker": "KXHIGHDEN-25FEB19-T21",
            "count": 23,
            "created_time": "2025-02-19T16:24:27.300489Z",
            "yes_price": 58,
            "no_price": 42,
            "taker_side": "yes"
        },
        {
            "trade_id": "a7035f31-f93a-46a3-b978-1eb319dd0864",
            "ticker": "KXHIGHDEN-25FEB19-T21",
            "count": 59,
            "created_time": "2025-02-19T16:24:27.300489Z",
            "yes_price": 60,
            "no_price": 40,
            "taker_side": "yes"
        },
        {
            "trade_id": "f8cd66cf-5db1-45d9-b078-025e81961351",
            "ticker": "KXHIGHDEN-25FEB19-T21",
            "count": 28,
            "created_time": "2025-02-19T16:22:12.646172Z",
            "yes_price": 57,
            "no_price": 43,
            "taker_side": "yes"
        },
        {
            "trade_id": "893d00f6-432f-475e-806e-d854434626b9",
            "ticker": "KXHIGHDEN-25FEB19-T21",
            "count": 126,
            "created_time": "2025-02-19T16:22:12.646172Z",
            "yes_price": 59,
            "no_price": 41,
            "taker_side": "yes"
        },
        {
            "trade_id": "42a661fb-2a4e-472c-8fa2-d98be4adafa2",
            "ticker": "KXHIGHDEN-25FEB19-T21",
            "count": 50,
            "created_time": "2025-02-19T16:22:12.646172Z",
            "yes_price": 59,
            "no_price": 41,
            "taker_side": "yes"
        },
        {
            "trade_id": "1caf4983-ae8e-48b0-9655-9fd4c0e24713",
            "ticker": "KXHIGHDEN-25FEB19-T21",
            "count": 45,
            "created_time": "2025-02-19T16:22:12.646172Z",
            "yes_price": 57,
            "no_price": 43,
            "taker_side": "yes"
        },
        {
            "trade_id": "f3346386-0d77-4e70-b3ce-2b0fe6703c6b",
            "ticker": "KXHIGHDEN-25FEB19-T21",
            "count": 50,
            "created_time": "2025-02-19T16:19:28.708238Z",
            "yes_price": 57,
            "no_price": 43,
            "taker_side": "yes"
        },
        {
            "trade_id": "2ee614ab-aaeb-47a7-b0fe-c221e3cf09c4",
            "ticker": "KXHIGHDEN-25FEB19-T21",
            "count": 21,
            "created_time": "2025-02-19T16:19:28.708238Z",
            "yes_price": 57,
            "no_price": 43,
            "taker_side": "yes"
        },
        {
            "trade_id": "f32f6f5d-58ab-47e5-8b1a-647ae0e9d06e",
            "ticker": "KXHIGHDEN-25FEB19-T21",
            "count": 50,
            "created_time": "2025-02-19T15:57:31.143339Z",
            "yes_price": 53,
            "no_price": 47,
            "taker_side": "yes"
        },
        {
            "trade_id": "f0ab6408-2979-484f-bb00-cc1d698e80eb",
            "ticker": "KXHIGHDEN-25FEB19-T21",
            "count": 195,
            "created_time": "2025-02-19T15:57:31.143339Z",
            "yes_price": 55,
            "no_price": 45,
            "taker_side": "yes"
        },
        {
            "trade_id": "e8d0e0d6-35af-40db-b303-9f7c180327ae",
            "ticker": "KXHIGHDEN-25FEB19-T21",
            "count": 1,
            "created_time": "2025-02-19T15:57:31.143339Z",
            "yes_price": 55,
            "no_price": 45,
            "taker_side": "yes"
        },
        {
            "trade_id": "b8df55ee-47e2-47a5-9a20-9a64dc9ab5c1",
            "ticker": "KXHIGHDEN-25FEB19-T21",
            "count": 109,
            "created_time": "2025-02-19T15:57:31.143339Z",
            "yes_price": 57,
            "no_price": 43,
            "taker_side": "yes"
        },
        {
            "trade_id": "a915be71-3e34-482a-8afc-185733bbe665",
            "ticker": "KXHIGHDEN-25FEB19-T21",
            "count": 10,
            "created_time": "2025-02-19T15:57:31.143339Z",
            "yes_price": 55,
            "no_price": 45,
            "taker_side": "yes"
        },
        {
            "trade_id": "a6ba17b9-a769-4768-99c4-6bb29af17e2b",
            "ticker": "KXHIGHDEN-25FEB19-T21",
            "count": 15,
            "created_time": "2025-02-19T15:57:31.143339Z",
            "yes_price": 53,
            "no_price": 47,
            "taker_side": "yes"
        },
        {
            "trade_id": "9c7d99ee-3622-4fb4-b5b0-4e485af7cf4a",
            "ticker": "KXHIGHDEN-25FEB19-T21",
            "count": 6,
            "created_time": "2025-02-19T15:57:31.143339Z",
            "yes_price": 54,
            "no_price": 46,
            "taker_side": "yes"
        },
        {
            "trade_id": "8abec116-72bd-45dc-a66f-a6dfba3bfa02",
            "ticker": "KXHIGHDEN-25FEB19-T21",
            "count": 50,
            "created_time": "2025-02-19T15:57:31.143339Z",
            "yes_price": 56,
            "no_price": 44,
            "taker_side": "yes"
        },
        {
            "trade_id": "05f3d56b-ef21-4cda-9832-cbcd78cd7458",
            "ticker": "KXHIGHDEN-25FEB19-T21",
            "count": 44,
            "created_time": "2025-02-19T15:57:31.143339Z",
            "yes_price": 55,
            "no_price": 45,
            "taker_side": "yes"
        },
        {
            "trade_id": "f37e4769-ffb1-4f12-964f-0b91530656eb",
            "ticker": "KXHIGHDEN-25FEB19-T21",
            "count": 5,
            "created_time": "2025-02-19T15:56:59.438118Z",
            "yes_price": 50,
            "no_price": 50,
            "taker_side": "no"
        },
        {
            "trade_id": "89a58f69-bee2-401b-9626-b7955a51eb87",
            "ticker": "KXHIGHDEN-25FEB19-T21",
            "count": 447,
            "created_time": "2025-02-19T15:56:59.438118Z",
            "yes_price": 51,
            "no_price": 49,
            "taker_side": "no"
        },
        {
            "trade_id": "7893c69f-1844-4aa1-b2da-ed4b1210ea08",
            "ticker": "KXHIGHDEN-25FEB19-T21",
            "count": 9,
            "created_time": "2025-02-19T15:56:59.438118Z",
            "yes_price": 50,
            "no_price": 50,
            "taker_side": "no"
        },
        {
            "trade_id": "2b043a97-165c-4fe6-b42f-533da313f865",
            "ticker": "KXHIGHDEN-25FEB19-T21",
            "count": 25,
            "created_time": "2025-02-19T15:56:59.438118Z",
            "yes_price": 52,
            "no_price": 48,
            "taker_side": "no"
        },
        {
            "trade_id": "08a24f97-0567-4774-976e-e3e9d30d831f",
            "ticker": "KXHIGHDEN-25FEB19-T21",
            "count": 192,
            "created_time": "2025-02-19T15:56:59.438118Z",
            "yes_price": 48,
            "no_price": 52,
            "taker_side": "no"
        },
        {
            "trade_id": "dd0e6815-d744-489e-ad8f-3cbc3394062c",
            "ticker": "KXHIGHDEN-25FEB19-T21",
            "count": 48,
            "created_time": "2025-02-19T15:53:45.21603Z",
            "yes_price": 55,
            "no_price": 45,
            "taker_side": "yes"
        },
        {
            "trade_id": "2dd562f6-8792-4775-a8eb-aeaaa07f80de",
            "ticker": "KXHIGHDEN-25FEB19-T21",
            "count": 40,
            "created_time": "2025-02-19T15:53:45.21603Z",
            "yes_price": 55,
            "no_price": 45,
            "taker_side": "yes"
        },
        {
            "trade_id": "6c01d8a8-72ea-4306-b312-cbac06052257",
            "ticker": "KXHIGHDEN-25FEB19-T21",
            "count": 2,
            "created_time": "2025-02-19T15:45:48.011891Z",
            "yes_price": 57,
            "no_price": 43,
            "taker_side": "no"
        },
        {
            "trade_id": "eaf6bbf4-2830-4c39-8bab-8969f64a52ea",
            "ticker": "KXHIGHDEN-25FEB19-T21",
            "count": 12,
            "created_time": "2025-02-19T15:44:00.138059Z",
            "yes_price": 57,
            "no_price": 43,
            "taker_side": "no"
        },
        {
            "trade_id": "05a3baee-0b51-47c5-b2ac-d0931cf3d2d3",
            "ticker": "KXHIGHDEN-25FEB19-T21",
            "count": 74,
            "created_time": "2025-02-19T15:43:53.926577Z",
            "yes_price": 57,
            "no_price": 43,
            "taker_side": "yes"
        },
        {
            "trade_id": "bf82ff5a-1334-43ae-8779-29c57c623a30",
            "ticker": "KXHIGHDEN-25FEB19-T21",
            "count": 5,
            "created_time": "2025-02-19T15:43:38.554118Z",
            "yes_price": 56,
            "no_price": 44,
            "taker_side": "yes"
        },
        {
            "trade_id": "7930c238-a7e6-46b5-bf55-28e952b82eb2",
            "ticker": "KXHIGHDEN-25FEB19-T21",
            "count": 13,
            "created_time": "2025-02-19T15:43:38.554118Z",
            "yes_price": 57,
            "no_price": 43,
            "taker_side": "yes"
        },
        {
            "trade_id": "d1204599-2b97-4839-bc24-d58ef68f2402",
            "ticker": "KXHIGHDEN-25FEB19-T21",
            "count": 4,
            "created_time": "2025-02-19T15:42:09.455885Z",
            "yes_price": 63,
            "no_price": 37,
            "taker_side": "yes"
        },
        {
            "trade_id": "59f4091b-3bd2-4d50-9239-c9367dc7e913",
            "ticker": "KXHIGHDEN-25FEB19-T21",
            "count": 1,
            "created_time": "2025-02-19T15:38:08.406931Z",
            "yes_price": 63,
            "no_price": 37,
            "taker_side": "yes"
        },
        {
            "trade_id": "80d05cf5-e97b-41dd-a118-4267a3f6819d",
            "ticker": "KXHIGHDEN-25FEB19-T21",
            "count": 5,
            "created_time": "2025-02-19T15:34:38.039044Z",
            "yes_price": 60,
            "no_price": 40,
            "taker_side": "no"
        },
        {
            "trade_id": "68ad9aa5-8226-42d6-b586-d248d686a154",
            "ticker": "KXHIGHDEN-25FEB19-T21",
            "count": 53,
            "created_time": "2025-02-19T15:34:38.039044Z",
            "yes_price": 51,
            "no_price": 49,
            "taker_side": "no"
        },
        {
            "trade_id": "19aa2919-1759-4bd7-b6d5-cd6dcc8a0eaf",
            "ticker": "KXHIGHDEN-25FEB19-T21",
            "count": 41,
            "created_time": "2025-02-19T15:34:38.039044Z",
            "yes_price": 52,
            "no_price": 48,
            "taker_side": "no"
        },
        {
            "trade_id": "06a5bb27-b470-47c6-88ea-ad1d15cdbaa9",
            "ticker": "KXHIGHDEN-25FEB19-T21",
            "count": 11,
            "created_time": "2025-02-19T15:34:38.039044Z",
            "yes_price": 52,
            "no_price": 48,
            "taker_side": "no"
        },
        {
            "trade_id": "31987a6c-2193-4eba-837a-c8a0a6c8abff",
            "ticker": "KXHIGHDEN-25FEB19-T21",
            "count": 4,
            "created_time": "2025-02-19T15:28:45.156164Z",
            "yes_price": 66,
            "no_price": 34,
            "taker_side": "yes"
        },
        {
            "trade_id": "80ccaf5a-f8e1-4e02-ac2a-ef8b47010de5",
            "ticker": "KXHIGHDEN-25FEB19-T21",
            "count": 13,
            "created_time": "2025-02-19T15:21:47.455314Z",
            "yes_price": 62,
            "no_price": 38,
            "taker_side": "yes"
        },
        {
            "trade_id": "6f9eca10-60a8-4f72-9cbf-c8b3630444ab",
            "ticker": "KXHIGHDEN-25FEB19-T21",
            "count": 3,
            "created_time": "2025-02-19T15:21:30.483222Z",
            "yes_price": 62,
            "no_price": 38,
            "taker_side": "yes"
        },
        {
            "trade_id": "09a13375-3952-4406-b5be-47d3bf5058b0",
            "ticker": "KXHIGHDEN-25FEB19-T21",
            "count": 5,
            "created_time": "2025-02-19T15:21:18.173907Z",
            "yes_price": 61,
            "no_price": 39,
            "taker_side": "yes"
        },
        {
            "trade_id": "085fd1b3-7e87-4c38-9030-073724fc0b89",
            "ticker": "KXHIGHDEN-25FEB19-T21",
            "count": 34,
            "created_time": "2025-02-19T15:21:18.173907Z",
            "yes_price": 62,
            "no_price": 38,
            "taker_side": "yes"
        },
        {
            "trade_id": "84949f1f-1ca3-4a76-823a-e5016253e52e",
            "ticker": "KXHIGHDEN-25FEB19-T21",
            "count": 50,
            "created_time": "2025-02-19T15:16:42.370503Z",
            "yes_price": 60,
            "no_price": 40,
            "taker_side": "no"
        },
        {
            "trade_id": "be30d67e-41f8-48ab-80f7-6b7606a7580c",
            "ticker": "KXHIGHDEN-25FEB19-T21",
            "count": 33,
            "created_time": "2025-02-19T15:16:11.692506Z",
            "yes_price": 61,
            "no_price": 39,
            "taker_side": "no"
        },
        {
            "trade_id": "42cdd6f7-3014-483b-9c24-935da4b0effe",
            "ticker": "KXHIGHDEN-25FEB19-T21",
            "count": 109,
            "created_time": "2025-02-19T15:16:11.692506Z",
            "yes_price": 61,
            "no_price": 39,
            "taker_side": "no"
        },
        {
            "trade_id": "3075efe0-10b9-49df-b107-ea7eed66bf29",
            "ticker": "KXHIGHDEN-25FEB19-T21",
            "count": 29,
            "created_time": "2025-02-19T15:16:11.692506Z",
            "yes_price": 61,
            "no_price": 39,
            "taker_side": "no"
        },
        {
            "trade_id": "24bb18f4-af86-418c-a39f-b50efbe9b28f",
            "ticker": "KXHIGHDEN-25FEB19-T21",
            "count": 3,
            "created_time": "2025-02-19T15:16:11.692506Z",
            "yes_price": 61,
            "no_price": 39,
            "taker_side": "no"
        },
        {
            "trade_id": "4db26d8b-9d57-4cab-9d7a-ff6e0ee77eb9",
            "ticker": "KXHIGHDEN-25FEB19-T21",
            "count": 41,
            "created_time": "2025-02-19T15:09:47.713534Z",
            "yes_price": 61,
            "no_price": 39,
            "taker_side": "no"
        },
        {
            "trade_id": "1604d000-2acd-45a0-8331-5d1c9190716c",
            "ticker": "KXHIGHDEN-25FEB19-T21",
            "count": 5,
            "created_time": "2025-02-19T15:09:47.713534Z",
            "yes_price": 62,
            "no_price": 38,
            "taker_side": "no"
        },
        {
            "trade_id": "f1e2852d-df32-49c6-81ba-8d02fade40eb",
            "ticker": "KXHIGHDEN-25FEB19-T21",
            "count": 200,
            "created_time": "2025-02-19T15:06:10.465442Z",
            "yes_price": 69,
            "no_price": 31,
            "taker_side": "yes"
        },
        {
            "trade_id": "c3f078b1-a946-4fbf-b6f1-4a5d65ce3864",
            "ticker": "KXHIGHDEN-25FEB19-T21",
            "count": 28,
            "created_time": "2025-02-19T15:06:10.465442Z",
            "yes_price": 68,
            "no_price": 32,
            "taker_side": "yes"
        },
        {
            "trade_id": "d093eef1-615e-4b75-a61a-5ca85da8f75a",
            "ticker": "KXHIGHDEN-25FEB19-T21",
            "count": 95,
            "created_time": "2025-02-19T14:58:32.55025Z",
            "yes_price": 59,
            "no_price": 41,
            "taker_side": "no"
        },
        {
            "trade_id": "f63c9cf1-b235-4421-acd0-73d550889f35",
            "ticker": "KXHIGHDEN-25FEB19-T21",
            "count": 1,
            "created_time": "2025-02-19T14:58:11.529129Z",
            "yes_price": 59,
            "no_price": 41,
            "taker_side": "no"
        },
        {
            "trade_id": "6e601489-b5e9-4ac7-8031-2f3bd97f4f1d",
            "ticker": "KXHIGHDEN-25FEB19-T21",
            "count": 68,
            "created_time": "2025-02-19T14:50:17.492024Z",
            "yes_price": 69,
            "no_price": 31,
            "taker_side": "no"
        },
        {
            "trade_id": "516955f6-425e-4ffb-be2c-909859ed4b1d",
            "ticker": "KXHIGHDEN-25FEB19-T21",
            "count": 76,
            "created_time": "2025-02-19T14:50:17.492024Z",
            "yes_price": 65,
            "no_price": 35,
            "taker_side": "no"
        },
        {
            "trade_id": "bfa92d12-872b-4fcc-bfa8-bb5b0f72f76c",
            "ticker": "KXHIGHDEN-25FEB19-T21",
            "count": 5,
            "created_time": "2025-02-19T14:49:48.238982Z",
            "yes_price": 72,
            "no_price": 28,
            "taker_side": "yes"
        },
        {
            "trade_id": "a895277c-12d0-42e5-a948-f8460d857e35",
            "ticker": "KXHIGHDEN-25FEB19-T21",
            "count": 129,
            "created_time": "2025-02-19T14:49:48.238982Z",
            "yes_price": 73,
            "no_price": 27,
            "taker_side": "yes"
        },
        {
            "trade_id": "6a37a1d9-9311-4999-8f1b-dbac2208f213",
            "ticker": "KXHIGHDEN-25FEB19-T21",
            "count": 76,
            "created_time": "2025-02-19T14:36:08.300136Z",
            "yes_price": 71,
            "no_price": 29,
            "taker_side": "no"
        },
        {
            "trade_id": "07f8725f-7cee-44fc-8da7-0eba765ed138",
            "ticker": "KXHIGHDEN-25FEB19-T21",
            "count": 71,
            "created_time": "2025-02-19T14:36:08.300136Z",
            "yes_price": 72,
            "no_price": 28,
            "taker_side": "no"
        },
        {
            "trade_id": "70125d19-b1c4-40f4-828e-83981010b663",
            "ticker": "KXHIGHDEN-25FEB19-T21",
            "count": 5,
            "created_time": "2025-02-19T14:35:19.797526Z",
            "yes_price": 73,
            "no_price": 27,
            "taker_side": "no"
        },
        {
            "trade_id": "03fd7089-bfef-403c-b68d-f6ad1c35479a",
            "ticker": "KXHIGHDEN-25FEB19-T21",
            "count": 58,
            "created_time": "2025-02-19T14:33:48.962805Z",
            "yes_price": 72,
            "no_price": 28,
            "taker_side": "yes"
        },
        {
            "trade_id": "0db242a0-af95-4da9-912d-6426c97a734e",
            "ticker": "KXHIGHDEN-25FEB19-T21",
            "count": 71,
            "created_time": "2025-02-19T14:33:42.96608Z",
            "yes_price": 72,
            "no_price": 28,
            "taker_side": "yes"
        },
        {
            "trade_id": "de43c946-2423-492e-8cd3-4b00d96df770",
            "ticker": "KXHIGHDEN-25FEB19-T21",
            "count": 51,
            "created_time": "2025-02-19T14:33:09.916891Z",
            "yes_price": 72,
            "no_price": 28,
            "taker_side": "no"
        },
        {
            "trade_id": "2ccf891d-1723-4ce8-9d8d-7a880150dc32",
            "ticker": "KXHIGHDEN-25FEB19-T21",
            "count": 20,
            "created_time": "2025-02-19T14:33:09.916891Z",
            "yes_price": 72,
            "no_price": 28,
            "taker_side": "no"
        },
        {
            "trade_id": "f4c18ba6-597b-40a7-83b8-3b5004f2951b",
            "ticker": "KXHIGHDEN-25FEB19-T21",
            "count": 19,
            "created_time": "2025-02-19T14:10:42.196739Z",
            "yes_price": 75,
            "no_price": 25,
            "taker_side": "no"
        },
        {
            "trade_id": "5ba1e8b2-5d03-483c-9b3e-d3f77979fe32",
            "ticker": "KXHIGHDEN-25FEB19-T21",
            "count": 27,
            "created_time": "2025-02-19T13:54:44.40178Z",
            "yes_price": 75,
            "no_price": 25,
            "taker_side": "no"
        },
        {
            "trade_id": "e3274187-22d3-4fd1-a722-f980af4b21b2",
            "ticker": "KXHIGHDEN-25FEB19-T21",
            "count": 240,
            "created_time": "2025-02-19T13:54:38.838203Z",
            "yes_price": 75,
            "no_price": 25,
            "taker_side": "no"
        },
        {
            "trade_id": "89f75f01-4bd0-4150-a50f-e6950dcbebcb",
            "ticker": "KXHIGHDEN-25FEB19-T21",
            "count": 33,
