{
    "KXHIGHDEN-25JAN29-T42": [
        {
            "trade_id": "853da052-4847-4c08-8df1-0627d19a28a7",
            "ticker": "KXHIGHDEN-25JAN29-T42",
            "count": 100,
            "created_time": "2025-01-29T15:02:57.540244Z",
            "yes_price": 1,
            "no_price": 99,
            "taker_side": "no"
        },
        {
            "trade_id": "5322a6df-7803-4fdd-b7ae-1879e23eba0f",
            "ticker": "KXHIGHDEN-25JAN29-T42",
            "count": 100,
            "created_time": "2025-01-29T13:21:17.260782Z",
            "yes_price": 1,
            "no_price": 99,
            "taker_side": "no"
        },
        {
            "trade_id": "e4080edd-fd56-4479-8c2c-ce00830a8b73",
            "ticker": "KXHIGHDEN-25JAN29-T42",
            "count": 100,
            "created_time": "2025-01-29T13:03:55.288101Z",
            "yes_price": 1,
            "no_price": 99,
            "taker_side": "no"
        }
    ],
    "KXHIGHDEN-25JAN29-B42.5": [
        {
            "trade_id": "d4d5a401-74e7-48b4-85be-39f9b2339c49",
            "ticker": "KXHIGHDEN-25JAN29-B42.5",
            "count": 100,
            "created_time": "2025-01-29T18:39:40.713796Z",
            "yes_price": 2,
            "no_price": 98,
            "taker_side": "yes"
        },
        {
            "trade_id": "c9735df3-6edc-441f-8f71-f89b74ba16bf",
            "ticker": "KXHIGHDEN-25JAN29-B42.5",
            "count": 250,
            "created_time": "2025-01-29T18:39:40.713796Z",
            "yes_price": 1,
            "no_price": 99,
            "taker_side": "yes"
        },
        {
            "trade_id": "5db588f8-f98f-4553-96a3-f200da89da21",
            "ticker": "KXHIGHDEN-25JAN29-B42.5",
            "count": 100,
            "created_time": "2025-01-29T18:39:40.713796Z",
            "yes_price": 1,
            "no_price": 99,
            "taker_side": "yes"
        },
        {
            "trade_id": "0b06ea29-481e-4c0c-ae10-f6577029777c",
            "ticker": "KXHIGHDEN-25JAN29-B42.5",
            "count": 51,
            "created_time": "2025-01-29T18:39:40.713796Z",
            "yes_price": 2,
            "no_price": 98,
            "taker_side": "yes"
        },
        {
            "trade_id": "17a2ab88-9032-46c4-99d2-b5014c2906a6",
            "ticker": "KXHIGHDEN-25JAN29-B42.5",
            "count": 100,
            "created_time": "2025-01-29T15:36:42.704476Z",
            "yes_price": 1,
            "no_price": 99,
            "taker_side": "no"
        },
        {
            "trade_id": "53878660-0a21-468a-9071-f391d8ca0f55",
            "ticker": "KXHIGHDEN-25JAN29-B42.5",
            "count": 200,
            "created_time": "2025-01-29T13:25:07.298941Z",
            "yes_price": 1,
            "no_price": 99,
            "taker_side": "no"
        },
        {
            "trade_id": "cad60f1b-11e0-4535-bc9d-ce51efeba644",
            "ticker": "KXHIGHDEN-25JAN29-B42.5",
            "count": 1,
            "created_time": "2025-01-29T02:53:21.177763Z",
            "yes_price": 4,
            "no_price": 96,
            "taker_side": "yes"
        },
        {
            "trade_id": "4bd86eb3-032e-4921-8c12-95fd9beab402",
            "ticker": "KXHIGHDEN-25JAN29-B42.5",
            "count": 49,
            "created_time": "2025-01-29T02:53:21.177763Z",
            "yes_price": 4,
            "no_price": 96,
            "taker_side": "yes"
        },
        {
            "trade_id": "3e887643-375d-4b9e-90c4-8969e671d79c",
            "ticker": "KXHIGHDEN-25JAN29-B42.5",
            "count": 50,
            "created_time": "2025-01-29T02:53:21.177763Z",
            "yes_price": 6,
            "no_price": 94,
            "taker_side": "yes"
        }
    ],
    "KXHIGHDEN-25JAN29-B44.5": [
        {
            "trade_id": "05c7f2fc-f592-4bf2-9db9-9820d5bc70ca",
            "ticker": "KXHIGHDEN-25JAN29-B44.5",
            "count": 130,
            "created_time": "2025-01-29T21:35:37.6854Z",
            "yes_price": 1,
            "no_price": 99,
            "taker_side": "yes"
        },
        {
            "trade_id": "da3549ba-faa9-4ed5-9939-3f2244a68ae0",
            "ticker": "KXHIGHDEN-25JAN29-B44.5",
            "count": 40,
            "created_time": "2025-01-29T19:25:22.088804Z",
            "yes_price": 1,
            "no_price": 99,
            "taker_side": "yes"
        },
        {
            "trade_id": "af23e253-a868-45f4-9c20-b4c8da6b7ac2",
            "ticker": "KXHIGHDEN-25JAN29-B44.5",
            "count": 40,
            "created_time": "2025-01-29T19:22:08.305176Z",
            "yes_price": 1,
            "no_price": 99,
            "taker_side": "no"
        },
        {
            "trade_id": "f677a6f9-40da-4bf8-b394-f12e546f3ea8",
            "ticker": "KXHIGHDEN-25JAN29-B44.5",
            "count": 120,
            "created_time": "2025-01-29T18:56:49.768686Z",
            "yes_price": 1,
            "no_price": 99,
            "taker_side": "no"
        },
        {
            "trade_id": "c79cd8b3-8031-4917-99b9-0fc2e6fe3ae2",
            "ticker": "KXHIGHDEN-25JAN29-B44.5",
            "count": 1,
            "created_time": "2025-01-29T18:56:49.768686Z",
            "yes_price": 1,
            "no_price": 99,
            "taker_side": "no"
        },
        {
            "trade_id": "a2101bec-daea-4e46-a44d-b46cc57788d2",
            "ticker": "KXHIGHDEN-25JAN29-B44.5",
            "count": 8,
            "created_time": "2025-01-29T18:56:49.768686Z",
            "yes_price": 2,
            "no_price": 98,
            "taker_side": "no"
        },
        {
            "trade_id": "696967cc-37a5-4eba-8e14-e978332da0ee",
            "ticker": "KXHIGHDEN-25JAN29-B44.5",
            "count": 40,
            "created_time": "2025-01-29T18:56:49.768686Z",
            "yes_price": 2,
            "no_price": 98,
            "taker_side": "no"
        },
        {
            "trade_id": "259f072f-10e0-4910-b184-b9f4b64f2d35",
            "ticker": "KXHIGHDEN-25JAN29-B44.5",
            "count": 17,
            "created_time": "2025-01-29T18:56:49.768686Z",
            "yes_price": 2,
            "no_price": 98,
            "taker_side": "no"
        },
        {
            "trade_id": "1f070341-2a8c-41e9-8f5a-4c0ddcffbcb5",
            "ticker": "KXHIGHDEN-25JAN29-B44.5",
            "count": 40,
            "created_time": "2025-01-29T18:56:49.768686Z",
            "yes_price": 2,
            "no_price": 98,
            "taker_side": "no"
        },
        {
            "trade_id": "bf621a5c-e70c-470f-8cac-4207d7b3b502",
            "ticker": "KXHIGHDEN-25JAN29-B44.5",
            "count": 25,
            "created_time": "2025-01-29T18:53:05.980958Z",
            "yes_price": 2,
            "no_price": 98,
            "taker_side": "no"
        },
        {
            "trade_id": "e79b7225-e483-41b7-b855-9daafb9cc43c",
            "ticker": "KXHIGHDEN-25JAN29-B44.5",
            "count": 75,
            "created_time": "2025-01-29T18:52:15.149829Z",
            "yes_price": 2,
            "no_price": 98,
            "taker_side": "no"
        },
        {
            "trade_id": "9b9c5ab8-3051-4159-b33e-ccf7ad5401dd",
            "ticker": "KXHIGHDEN-25JAN29-B44.5",
            "count": 160,
            "created_time": "2025-01-29T18:50:21.119484Z",
            "yes_price": 7,
            "no_price": 93,
            "taker_side": "yes"
        },
        {
            "trade_id": "eb3a6019-3026-492f-b4af-8252d886e9e3",
            "ticker": "KXHIGHDEN-25JAN29-B44.5",
            "count": 3,
            "created_time": "2025-01-29T18:39:37.308508Z",
            "yes_price": 7,
            "no_price": 93,
            "taker_side": "yes"
        },
        {
            "trade_id": "8d58d7b1-a006-44f1-a1e8-cb8ebeeb1aaf",
            "ticker": "KXHIGHDEN-25JAN29-B44.5",
            "count": 3,
            "created_time": "2025-01-29T18:39:37.308508Z",
            "yes_price": 7,
            "no_price": 93,
            "taker_side": "yes"
        },
        {
            "trade_id": "371e0279-ae27-4c16-81d6-b0c76f01809d",
            "ticker": "KXHIGHDEN-25JAN29-B44.5",
            "count": 79,
            "created_time": "2025-01-29T18:38:37.435397Z",
            "yes_price": 3,
            "no_price": 97,
            "taker_side": "no"
        },
        {
            "trade_id": "2cf72ec5-e7f9-4ff2-9f46-5a1f8da4ebb8",
            "ticker": "KXHIGHDEN-25JAN29-B44.5",
            "count": 127,
            "created_time": "2025-01-29T18:38:37.435397Z",
            "yes_price": 4,
            "no_price": 96,
            "taker_side": "no"
        },
        {
            "trade_id": "1f105c14-acff-4ba1-a45a-90fb99200d1e",
            "ticker": "KXHIGHDEN-25JAN29-B44.5",
            "count": 25,
            "created_time": "2025-01-29T18:38:20.56213Z",
            "yes_price": 4,
            "no_price": 96,
            "taker_side": "no"
        },
        {
            "trade_id": "e7de80d1-748a-4651-aec2-ee16c9345c53",
            "ticker": "KXHIGHDEN-25JAN29-B44.5",
            "count": 102,
            "created_time": "2025-01-29T18:30:56.905114Z",
            "yes_price": 3,
            "no_price": 97,
            "taker_side": "no"
        },
        {
            "trade_id": "441c1e26-67c7-4bbd-9ac2-6f2fcee42388",
            "ticker": "KXHIGHDEN-25JAN29-B44.5",
            "count": 50,
            "created_time": "2025-01-29T18:30:49.660049Z",
            "yes_price": 3,
            "no_price": 97,
            "taker_side": "no"
        },
        {
            "trade_id": "14e321fa-00dc-414d-861a-e143bcf98d93",
            "ticker": "KXHIGHDEN-25JAN29-B44.5",
            "count": 20,
            "created_time": "2025-01-29T18:26:03.633323Z",
            "yes_price": 3,
            "no_price": 97,
            "taker_side": "no"
        },
        {
            "trade_id": "ec440a0a-1c7a-4539-b9c9-c6f3c9572ffe",
            "ticker": "KXHIGHDEN-25JAN29-B44.5",
            "count": 10,
            "created_time": "2025-01-29T18:25:19.833564Z",
            "yes_price": 3,
            "no_price": 97,
            "taker_side": "no"
        },
        {
            "trade_id": "c782cd5b-7780-4666-afda-49e41c0251f0",
            "ticker": "KXHIGHDEN-25JAN29-B44.5",
            "count": 20,
            "created_time": "2025-01-29T18:24:13.136558Z",
            "yes_price": 3,
            "no_price": 97,
            "taker_side": "no"
        },
        {
            "trade_id": "91ba65cb-7cbe-48c8-997a-16f2b459e653",
            "ticker": "KXHIGHDEN-25JAN29-B44.5",
            "count": 51,
            "created_time": "2025-01-29T18:21:20.385965Z",
            "yes_price": 3,
            "no_price": 97,
            "taker_side": "no"
        },
        {
            "trade_id": "78eb3a4a-39f7-488d-bb69-a3950ac3a738",
            "ticker": "KXHIGHDEN-25JAN29-B44.5",
            "count": 50,
            "created_time": "2025-01-29T18:18:02.883886Z",
            "yes_price": 2,
            "no_price": 98,
            "taker_side": "no"
        },
        {
            "trade_id": "4405022a-6f8b-4e98-9c2a-8978731c95f9",
            "ticker": "KXHIGHDEN-25JAN29-B44.5",
            "count": 1,
            "created_time": "2025-01-29T18:11:33.255901Z",
            "yes_price": 2,
            "no_price": 98,
            "taker_side": "no"
        },
        {
            "trade_id": "585cfe41-4877-495d-a5e9-4b2dc0f6e59d",
            "ticker": "KXHIGHDEN-25JAN29-B44.5",
            "count": 2,
            "created_time": "2025-01-29T18:10:56.281401Z",
            "yes_price": 3,
            "no_price": 97,
            "taker_side": "no"
        },
        {
            "trade_id": "3ce854df-6382-449a-abcf-7de548319342",
            "ticker": "KXHIGHDEN-25JAN29-B44.5",
            "count": 48,
            "created_time": "2025-01-29T18:10:56.281401Z",
            "yes_price": 2,
            "no_price": 98,
            "taker_side": "no"
        },
        {
            "trade_id": "7722a0ff-8027-405e-b9b6-029ef74e891a",
            "ticker": "KXHIGHDEN-25JAN29-B44.5",
            "count": 50,
            "created_time": "2025-01-29T18:09:27.80991Z",
            "yes_price": 2,
            "no_price": 98,
            "taker_side": "no"
        },
        {
            "trade_id": "969b0304-655d-43b9-b4f4-2705a16083ad",
            "ticker": "KXHIGHDEN-25JAN29-B44.5",
            "count": 43,
            "created_time": "2025-01-29T18:05:01.170861Z",
            "yes_price": 2,
            "no_price": 98,
            "taker_side": "no"
        },
        {
            "trade_id": "ed881207-47db-452f-9b8b-ae4be21e9b67",
            "ticker": "KXHIGHDEN-25JAN29-B44.5",
            "count": 3,
            "created_time": "2025-01-29T18:04:53.774644Z",
            "yes_price": 3,
            "no_price": 97,
            "taker_side": "no"
        },
        {
            "trade_id": "d319b70a-c1f8-4418-a139-8f6ba0e2dc22",
            "ticker": "KXHIGHDEN-25JAN29-B44.5",
            "count": 1,
            "created_time": "2025-01-29T18:04:53.774644Z",
            "yes_price": 3,
            "no_price": 97,
            "taker_side": "no"
        },
        {
            "trade_id": "5f6dbe3f-3e02-4263-9d44-1e2c1968a51e",
            "ticker": "KXHIGHDEN-25JAN29-B44.5",
            "count": 3,
            "created_time": "2025-01-29T18:04:53.774644Z",
            "yes_price": 3,
            "no_price": 97,
            "taker_side": "no"
        },
        {
            "trade_id": "9c497b36-f248-471e-a31a-e4e41fca429e",
            "ticker": "KXHIGHDEN-25JAN29-B44.5",
            "count": 50,
            "created_time": "2025-01-29T18:04:26.938953Z",
            "yes_price": 3,
            "no_price": 97,
            "taker_side": "no"
        },
        {
            "trade_id": "9c7df4aa-108d-46c3-a218-b5d9957239cc",
            "ticker": "KXHIGHDEN-25JAN29-B44.5",
            "count": 76,
            "created_time": "2025-01-29T17:42:10.875368Z",
            "yes_price": 4,
            "no_price": 96,
            "taker_side": "no"
        },
        {
            "trade_id": "1807e20d-de55-4c46-a73c-02f595d72312",
            "ticker": "KXHIGHDEN-25JAN29-B44.5",
            "count": 15,
            "created_time": "2025-01-29T17:03:43.503304Z",
            "yes_price": 4,
            "no_price": 96,
            "taker_side": "no"
        },
        {
            "trade_id": "d654a587-09be-4565-9ae9-da06db1f9851",
            "ticker": "KXHIGHDEN-25JAN29-B44.5",
            "count": 47,
            "created_time": "2025-01-29T16:49:47.608586Z",
            "yes_price": 3,
            "no_price": 97,
            "taker_side": "no"
        },
        {
            "trade_id": "adf18973-24cd-4b34-9928-b21835e9c294",
            "ticker": "KXHIGHDEN-25JAN29-B44.5",
            "count": 153,
            "created_time": "2025-01-29T16:49:47.608586Z",
            "yes_price": 3,
            "no_price": 97,
            "taker_side": "no"
        },
        {
            "trade_id": "e0f7bbb4-c3c9-411a-bda0-e841ecc18be8",
            "ticker": "KXHIGHDEN-25JAN29-B44.5",
            "count": 10,
            "created_time": "2025-01-29T16:46:32.405035Z",
            "yes_price": 7,
            "no_price": 93,
            "taker_side": "yes"
        },
        {
            "trade_id": "cd2fbd1a-11d2-4bd3-bd02-29e300a5f7a4",
            "ticker": "KXHIGHDEN-25JAN29-B44.5",
            "count": 33,
            "created_time": "2025-01-29T16:46:32.405035Z",
            "yes_price": 7,
            "no_price": 93,
            "taker_side": "yes"
        },
        {
            "trade_id": "b9ca59dc-f389-4efa-a0b5-1d9ea3925962",
            "ticker": "KXHIGHDEN-25JAN29-B44.5",
            "count": 20,
            "created_time": "2025-01-29T16:46:32.405035Z",
            "yes_price": 8,
            "no_price": 92,
            "taker_side": "yes"
        },
        {
            "trade_id": "fa7d3207-0ef8-42cc-95fd-7f7baa46aa64",
            "ticker": "KXHIGHDEN-25JAN29-B44.5",
            "count": 104,
            "created_time": "2025-01-29T16:35:48.131997Z",
            "yes_price": 8,
            "no_price": 92,
            "taker_side": "yes"
        },
        {
            "trade_id": "9fa041c5-e2f0-43b9-938e-bb9daca09bc7",
            "ticker": "KXHIGHDEN-25JAN29-B44.5",
            "count": 7,
            "created_time": "2025-01-29T16:35:48.131997Z",
            "yes_price": 7,
            "no_price": 93,
            "taker_side": "yes"
        },
        {
            "trade_id": "0279cd53-9f7e-496d-8368-47906d525f0c",
            "ticker": "KXHIGHDEN-25JAN29-B44.5",
            "count": 7,
            "created_time": "2025-01-29T16:35:48.131997Z",
            "yes_price": 7,
            "no_price": 93,
            "taker_side": "yes"
        },
        {
            "trade_id": "6261f7e4-b89f-47a2-a4a5-5addf31610df",
            "ticker": "KXHIGHDEN-25JAN29-B44.5",
            "count": 6,
            "created_time": "2025-01-29T16:30:27.911401Z",
            "yes_price": 4,
            "no_price": 96,
            "taker_side": "no"
        },
        {
            "trade_id": "d97e03b7-7b5d-42ef-80d6-02f0d9da2072",
            "ticker": "KXHIGHDEN-25JAN29-B44.5",
            "count": 2,
            "created_time": "2025-01-29T16:11:39.776043Z",
            "yes_price": 10,
            "no_price": 90,
            "taker_side": "yes"
        },
        {
            "trade_id": "d2370643-4eda-44b1-b873-b24d0fbb05a0",
            "ticker": "KXHIGHDEN-25JAN29-B44.5",
            "count": 105,
            "created_time": "2025-01-29T16:11:39.776043Z",
            "yes_price": 9,
            "no_price": 91,
            "taker_side": "yes"
        },
        {
            "trade_id": "b12b5c41-9eee-4818-a30c-91507fcae680",
            "ticker": "KXHIGHDEN-25JAN29-B44.5",
            "count": 1,
            "created_time": "2025-01-29T16:11:39.776043Z",
            "yes_price": 6,
            "no_price": 94,
            "taker_side": "yes"
        },
        {
            "trade_id": "a1a124ac-ff39-4ba9-bf8e-802a25e52c32",
            "ticker": "KXHIGHDEN-25JAN29-B44.5",
            "count": 10,
            "created_time": "2025-01-29T16:11:39.776043Z",
            "yes_price": 6,
            "no_price": 94,
            "taker_side": "yes"
        },
        {
            "trade_id": "62515756-a6d1-451f-9d48-527eb38e7a4a",
            "ticker": "KXHIGHDEN-25JAN29-B44.5",
            "count": 34,
            "created_time": "2025-01-29T16:11:39.776043Z",
            "yes_price": 10,
            "no_price": 90,
            "taker_side": "yes"
        },
        {
            "trade_id": "51991d86-7169-4655-9e9b-ae11f147233d",
            "ticker": "KXHIGHDEN-25JAN29-B44.5",
            "count": 53,
            "created_time": "2025-01-29T16:11:39.776043Z",
            "yes_price": 11,
            "no_price": 89,
            "taker_side": "yes"
        },
        {
            "trade_id": "357ee52f-845e-4f2d-b849-3d989f721134",
            "ticker": "KXHIGHDEN-25JAN29-B44.5",
            "count": 8,
            "created_time": "2025-01-29T16:11:39.776043Z",
            "yes_price": 9,
            "no_price": 91,
            "taker_side": "yes"
        },
        {
            "trade_id": "1b64ae96-5a40-42e0-b455-abce3c36bffa",
            "ticker": "KXHIGHDEN-25JAN29-B44.5",
            "count": 50,
            "created_time": "2025-01-29T16:11:39.776043Z",
            "yes_price": 10,
            "no_price": 90,
            "taker_side": "yes"
        },
        {
            "trade_id": "e25c46b2-cf00-49fe-9edd-4a318b0f2e43",
            "ticker": "KXHIGHDEN-25JAN29-B44.5",
            "count": 200,
            "created_time": "2025-01-29T15:53:13.405573Z",
            "yes_price": 5,
            "no_price": 95,
            "taker_side": "no"
        },
        {
            "trade_id": "7894cb3c-0916-4276-9213-1ee1a4fab3c8",
            "ticker": "KXHIGHDEN-25JAN29-B44.5",
            "count": 40,
            "created_time": "2025-01-29T15:53:13.405573Z",
            "yes_price": 5,
            "no_price": 95,
            "taker_side": "no"
        },
        {
            "trade_id": "239eacbf-d846-4a1e-a2e7-4d7f7ed5be14",
            "ticker": "KXHIGHDEN-25JAN29-B44.5",
            "count": 19,
            "created_time": "2025-01-29T15:53:13.405573Z",
            "yes_price": 5,
            "no_price": 95,
            "taker_side": "no"
        },
        {
            "trade_id": "de9ced4d-7180-4e9e-9207-38acc5414791",
            "ticker": "KXHIGHDEN-25JAN29-B44.5",
            "count": 2,
            "created_time": "2025-01-29T15:52:44.552197Z",
            "yes_price": 6,
            "no_price": 94,
            "taker_side": "no"
        },
        {
            "trade_id": "725872b3-ca85-4c3a-bd46-baee5dee4858",
            "ticker": "KXHIGHDEN-25JAN29-B44.5",
            "count": 2,
            "created_time": "2025-01-29T15:52:35.328273Z",
            "yes_price": 6,
            "no_price": 94,
            "taker_side": "no"
        },
        {
            "trade_id": "ae4c300a-128a-4b53-a0fa-5574cc17c0fa",
            "ticker": "KXHIGHDEN-25JAN29-B44.5",
            "count": 4,
            "created_time": "2025-01-29T15:52:26.814137Z",
            "yes_price": 6,
            "no_price": 94,
            "taker_side": "no"
        },
        {
            "trade_id": "c7f50bd6-5202-49a9-8f4d-927cfbf32d4b",
            "ticker": "KXHIGHDEN-25JAN29-B44.5",
            "count": 1,
            "created_time": "2025-01-29T15:52:16.553779Z",
            "yes_price": 6,
            "no_price": 94,
            "taker_side": "no"
        },
        {
            "trade_id": "8d6c63a4-9115-4386-9630-208455d792b3",
            "ticker": "KXHIGHDEN-25JAN29-B44.5",
            "count": 14,
            "created_time": "2025-01-29T15:52:01.83938Z",
            "yes_price": 6,
            "no_price": 94,
            "taker_side": "no"
        },
        {
            "trade_id": "7d628b2b-6f1c-45e2-aa05-d0cbbaec2318",
            "ticker": "KXHIGHDEN-25JAN29-B44.5",
            "count": 3,
            "created_time": "2025-01-29T15:51:25.758093Z",
            "yes_price": 6,
            "no_price": 94,
            "taker_side": "no"
        },
        {
            "trade_id": "4c61dd01-8a07-417a-b778-d529bdb005f7",
            "ticker": "KXHIGHDEN-25JAN29-B44.5",
            "count": 76,
            "created_time": "2025-01-29T15:51:25.758093Z",
            "yes_price": 6,
            "no_price": 94,
            "taker_side": "no"
        },
        {
            "trade_id": "43121e01-745b-4331-bce9-88440a2479a1",
            "ticker": "KXHIGHDEN-25JAN29-B44.5",
            "count": 12,
            "created_time": "2025-01-29T15:51:25.758093Z",
            "yes_price": 6,
            "no_price": 94,
            "taker_side": "no"
        },
        {
            "trade_id": "37cbf294-4641-493a-aa80-e1890b2d5d7e",
            "ticker": "KXHIGHDEN-25JAN29-B44.5",
            "count": 1,
            "created_time": "2025-01-29T15:51:25.758093Z",
            "yes_price": 6,
            "no_price": 94,
            "taker_side": "no"
        },
        {
            "trade_id": "3e205514-806c-4ffe-98b1-8df4ac436556",
            "ticker": "KXHIGHDEN-25JAN29-B44.5",
            "count": 5,
            "created_time": "2025-01-29T15:36:28.454375Z",
            "yes_price": 6,
            "no_price": 94,
            "taker_side": "no"
        },
        {
            "trade_id": "2d567a58-7a1c-4782-b88b-266f271f59bf",
            "ticker": "KXHIGHDEN-25JAN29-B44.5",
            "count": 5,
            "created_time": "2025-01-29T15:26:14.358049Z",
            "yes_price": 10,
            "no_price": 90,
            "taker_side": "yes"
        },
        {
            "trade_id": "4834cc7f-0765-446f-a8c7-266ebebd4c4a",
            "ticker": "KXHIGHDEN-25JAN29-B44.5",
            "count": 16,
            "created_time": "2025-01-29T14:56:26.435341Z",
            "yes_price": 7,
            "no_price": 93,
            "taker_side": "no"
        },
        {
            "trade_id": "065f2498-7386-45bb-aa68-76dff586291c",
            "ticker": "KXHIGHDEN-25JAN29-B44.5",
            "count": 10,
            "created_time": "2025-01-29T14:56:26.435341Z",
            "yes_price": 8,
            "no_price": 92,
            "taker_side": "no"
        },
        {
            "trade_id": "bd45cd29-d74b-4815-ac2f-2df72b652eee",
            "ticker": "KXHIGHDEN-25JAN29-B44.5",
            "count": 27,
            "created_time": "2025-01-29T14:56:03.086914Z",
            "yes_price": 12,
            "no_price": 88,
            "taker_side": "yes"
        },
        {
            "trade_id": "ab11150b-45a0-4e8c-a37b-50fb9c64e248",
            "ticker": "KXHIGHDEN-25JAN29-B44.5",
            "count": 49,
            "created_time": "2025-01-29T14:56:03.086914Z",
            "yes_price": 11,
            "no_price": 89,
            "taker_side": "yes"
        },
        {
            "trade_id": "73db4fcd-14b9-4011-8e9e-23d519ecf085",
            "ticker": "KXHIGHDEN-25JAN29-B44.5",
            "count": 4,
            "created_time": "2025-01-29T14:56:03.086914Z",
            "yes_price": 12,
            "no_price": 88,
            "taker_side": "yes"
        },
        {
            "trade_id": "710536a6-8c3b-47a6-9a4e-8d4a13b2a610",
            "ticker": "KXHIGHDEN-25JAN29-B44.5",
            "count": 41,
            "created_time": "2025-01-29T14:56:03.086914Z",
            "yes_price": 14,
            "no_price": 86,
            "taker_side": "yes"
        },
        {
            "trade_id": "5798a242-fba9-4fe5-aea5-ba0db4c39c8b",
            "ticker": "KXHIGHDEN-25JAN29-B44.5",
            "count": 33,
            "created_time": "2025-01-29T14:56:03.086914Z",
            "yes_price": 12,
            "no_price": 88,
            "taker_side": "yes"
        },
        {
            "trade_id": "5714a07e-03e7-44f6-a34c-6e0a6ce5c168",
            "ticker": "KXHIGHDEN-25JAN29-B44.5",
            "count": 50,
            "created_time": "2025-01-29T14:37:18.019021Z",
            "yes_price": 7,
            "no_price": 93,
            "taker_side": "no"
        },
        {
            "trade_id": "8b3426ac-5d5d-4514-b321-c3eaa6472522",
            "ticker": "KXHIGHDEN-25JAN29-B44.5",
            "count": 184,
            "created_time": "2025-01-29T14:07:49.543799Z",
            "yes_price": 7,
            "no_price": 93,
            "taker_side": "no"
        },
        {
            "trade_id": "ffcca5c8-8e2c-4280-aca5-691147e54ecc",
            "ticker": "KXHIGHDEN-25JAN29-B44.5",
            "count": 184,
            "created_time": "2025-01-29T14:02:31.560147Z",
            "yes_price": 8,
            "no_price": 92,
            "taker_side": "no"
        },
        {
            "trade_id": "ec8780f6-0070-442b-9339-61d334de5dda",
            "ticker": "KXHIGHDEN-25JAN29-B44.5",
            "count": 104,
            "created_time": "2025-01-29T14:02:31.560147Z",
            "yes_price": 7,
            "no_price": 93,
            "taker_side": "no"
        },
        {
            "trade_id": "bf51db77-5440-4c5c-8b36-9abcd22d3451",
            "ticker": "KXHIGHDEN-25JAN29-B44.5",
            "count": 61,
            "created_time": "2025-01-29T14:02:31.560147Z",
            "yes_price": 7,
            "no_price": 93,
            "taker_side": "no"
        },
        {
            "trade_id": "8d1453e6-3818-42c0-bcda-56d65ff1d792",
            "ticker": "KXHIGHDEN-25JAN29-B44.5",
            "count": 4,
            "created_time": "2025-01-29T14:02:31.560147Z",
            "yes_price": 8,
            "no_price": 92,
            "taker_side": "no"
        },
        {
            "trade_id": "fa05cea7-b368-4dba-9b5a-0725c1f26fdc",
            "ticker": "KXHIGHDEN-25JAN29-B44.5",
            "count": 10,
            "created_time": "2025-01-29T14:02:14.761063Z",
            "yes_price": 9,
            "no_price": 91,
            "taker_side": "no"
        },
        {
            "trade_id": "9f8caf85-4745-49f2-8210-c6a95c6bde13",
            "ticker": "KXHIGHDEN-25JAN29-B44.5",
            "count": 57,
            "created_time": "2025-01-29T13:31:37.399308Z",
            "yes_price": 9,
            "no_price": 91,
            "taker_side": "no"
        },
        {
            "trade_id": "fefbda32-adc3-4260-a207-a0bd16d82aca",
            "ticker": "KXHIGHDEN-25JAN29-B44.5",
            "count": 20,
            "created_time": "2025-01-29T13:27:05.224482Z",
            "yes_price": 8,
            "no_price": 92,
            "taker_side": "no"
        },
        {
            "trade_id": "fb568677-840e-4374-a80d-6b952b82bee6",
            "ticker": "KXHIGHDEN-25JAN29-B44.5",
            "count": 57,
            "created_time": "2025-01-29T13:25:07.216005Z",
            "yes_price": 10,
            "no_price": 90,
            "taker_side": "yes"
        },
        {
            "trade_id": "1e0bd006-0b23-43e8-a712-e7c897a9cbbb",
            "ticker": "KXHIGHDEN-25JAN29-B44.5",
            "count": 43,
            "created_time": "2025-01-29T13:25:01.979026Z",
            "yes_price": 10,
            "no_price": 90,
            "taker_side": "yes"
        },
        {
            "trade_id": "56be46ac-5241-44c0-8f7b-30a285ebc0b8",
            "ticker": "KXHIGHDEN-25JAN29-B44.5",
            "count": 17,
            "created_time": "2025-01-29T13:25:01.816401Z",
            "yes_price": 11,
            "no_price": 89,
            "taker_side": "no"
        },
        {
            "trade_id": "ca323877-c914-453b-b8c5-c7bdff728c0a",
            "ticker": "KXHIGHDEN-25JAN29-B44.5",
            "count": 39,
            "created_time": "2025-01-29T13:23:33.495531Z",
            "yes_price": 12,
            "no_price": 88,
            "taker_side": "yes"
        },
        {
            "trade_id": "bacab08f-b010-4d3c-9913-0797a4f72fc1",
            "ticker": "KXHIGHDEN-25JAN29-B44.5",
            "count": 240,
            "created_time": "2025-01-29T13:23:33.495531Z",
            "yes_price": 16,
            "no_price": 84,
            "taker_side": "yes"
        },
        {
            "trade_id": "a2a62010-b4a2-4c36-b64f-8c335bd65f26",
            "ticker": "KXHIGHDEN-25JAN29-B44.5",
            "count": 5,
            "created_time": "2025-01-29T13:23:33.495531Z",
            "yes_price": 11,
            "no_price": 89,
            "taker_side": "yes"
        },
        {
            "trade_id": "9df4f1bc-3cb6-4f1d-aa19-6c4c9b13b06f",
            "ticker": "KXHIGHDEN-25JAN29-B44.5",
            "count": 8,
            "created_time": "2025-01-29T13:23:33.495531Z",
            "yes_price": 18,
            "no_price": 82,
            "taker_side": "yes"
        },
        {
            "trade_id": "9de05b37-74d8-44fb-8863-ce32a3bcc6f1",
            "ticker": "KXHIGHDEN-25JAN29-B44.5",
            "count": 240,
            "created_time": "2025-01-29T13:23:33.495531Z",
            "yes_price": 14,
            "no_price": 86,
            "taker_side": "yes"
        },
        {
            "trade_id": "76461b87-1167-4672-8e3e-15f962b25158",
            "ticker": "KXHIGHDEN-25JAN29-B44.5",
            "count": 43,
            "created_time": "2025-01-29T13:23:33.495531Z",
            "yes_price": 12,
            "no_price": 88,
            "taker_side": "yes"
        },
        {
            "trade_id": "17df0ebc-4786-46ba-81ef-2bfdffc86922",
            "ticker": "KXHIGHDEN-25JAN29-B44.5",
            "count": 6,
            "created_time": "2025-01-29T13:23:33.495531Z",
            "yes_price": 26,
            "no_price": 74,
            "taker_side": "yes"
        },
        {
            "trade_id": "0cde746c-2c2f-4a39-a9e7-92ffb291b672",
            "ticker": "KXHIGHDEN-25JAN29-B44.5",
            "count": 20,
            "created_time": "2025-01-29T13:23:33.495531Z",
            "yes_price": 28,
            "no_price": 72,
            "taker_side": "yes"
        },
        {
            "trade_id": "0927bab3-cb4f-46d1-b73a-4e49f6b4b9d9",
            "ticker": "KXHIGHDEN-25JAN29-B44.5",
            "count": 9,
            "created_time": "2025-01-29T13:23:33.495531Z",
            "yes_price": 36,
            "no_price": 64,
            "taker_side": "yes"
        },
        {
            "trade_id": "b34aa967-f592-465d-acd6-04223e7912e7",
            "ticker": "KXHIGHDEN-25JAN29-B44.5",
            "count": 19,
            "created_time": "2025-01-29T13:14:59.187679Z",
            "yes_price": 11,
            "no_price": 89,
            "taker_side": "yes"
        },
        {
            "trade_id": "b12bf1f4-7b2a-488f-be3e-7a2b86aba604",
            "ticker": "KXHIGHDEN-25JAN29-B44.5",
            "count": 1,
            "created_time": "2025-01-29T13:14:59.187679Z",
            "yes_price": 12,
            "no_price": 88,
            "taker_side": "yes"
        },
        {
            "trade_id": "e3dcdcb3-5725-4c46-980a-c5863017a6a2",
            "ticker": "KXHIGHDEN-25JAN29-B44.5",
            "count": 240,
            "created_time": "2025-01-29T13:04:59.874811Z",
            "yes_price": 11,
            "no_price": 89,
            "taker_side": "yes"
        },
        {
            "trade_id": "de5e1ccf-37f5-4a15-801f-9df75012519f",
            "ticker": "KXHIGHDEN-25JAN29-B44.5",
            "count": 19,
            "created_time": "2025-01-29T13:04:59.874811Z",
            "yes_price": 13,
            "no_price": 87,
            "taker_side": "yes"
        },
        {
            "trade_id": "bb6ea369-db94-473e-bc04-644d7f9d4139",
            "ticker": "KXHIGHDEN-25JAN29-B44.5",
            "count": 2,
            "created_time": "2025-01-29T13:04:59.874811Z",
            "yes_price": 9,
            "no_price": 91,
            "taker_side": "yes"
        },
        {
            "trade_id": "ac08067e-90cb-4718-a8f3-92bb5cf590bd",
            "ticker": "KXHIGHDEN-25JAN29-B44.5",
            "count": 77,
            "created_time": "2025-01-29T13:04:59.874811Z",
            "yes_price": 9,
            "no_price": 91,
            "taker_side": "yes"
        },
        {
            "trade_id": "a31a7e9e-53e3-43c1-b3d1-11bf94f2685e",
            "ticker": "KXHIGHDEN-25JAN29-B44.5",
            "count": 73,
            "created_time": "2025-01-29T13:04:59.874811Z",
            "yes_price": 13,
            "no_price": 87,
            "taker_side": "yes"
        },
        {
            "trade_id": "5b021ca2-4324-44ff-8601-64d6d038445f",
            "ticker": "KXHIGHDEN-25JAN29-B44.5",
            "count": 1,
            "created_time": "2025-01-29T13:04:59.874811Z",
            "yes_price": 9,
            "no_price": 91,
            "taker_side": "yes"
        },
        {
            "trade_id": "2cb03c7d-6568-4579-9a18-f8946e773b72",
            "ticker": "KXHIGHDEN-25JAN29-B44.5",
            "count": 17,
            "created_time": "2025-01-29T13:04:59.874811Z",
            "yes_price": 8,
            "no_price": 92,
            "taker_side": "yes"
        },
        {
            "trade_id": "ee22ce05-ad48-47f3-a847-547d88226638",
            "ticker": "KXHIGHDEN-25JAN29-B44.5",
            "count": 96,
            "created_time": "2025-01-29T13:01:13.743673Z",
            "yes_price": 7,
            "no_price": 93,
            "taker_side": "no"
        },
        {
            "trade_id": "db9654c2-f665-4814-9351-87f9741734e5",
            "ticker": "KXHIGHDEN-25JAN29-B44.5",
            "count": 4,
            "created_time": "2025-01-29T13:01:13.743673Z",
            "yes_price": 8,
            "no_price": 92,
            "taker_side": "no"
        },
        {
            "trade_id": "288f86e8-785d-4f96-b466-086a6831a6cd",
            "ticker": "KXHIGHDEN-25JAN29-B44.5",
            "count": 7,
            "created_time": "2025-01-29T13:01:13.743673Z",
            "yes_price": 8,
            "no_price": 92,
            "taker_side": "no"
        },
        {
            "trade_id": "a0411ae3-202a-4678-ad27-73635b1c0266",
            "ticker": "KXHIGHDEN-25JAN29-B44.5",
            "count": 24,
            "created_time": "2025-01-29T05:57:42.332773Z",
            "yes_price": 14,
            "no_price": 86,
            "taker_side": "yes"
        },
        {
            "trade_id": "6f68fd68-4b42-4ba3-94a5-248dabac1d5f",
            "ticker": "KXHIGHDEN-25JAN29-B44.5",
            "count": 10,
            "created_time": "2025-01-29T05:57:42.332773Z",
            "yes_price": 13,
            "no_price": 87,
            "taker_side": "yes"
        },
        {
            "trade_id": "301b304e-0df8-4877-aa28-24fdae80fa41",
            "ticker": "KXHIGHDEN-25JAN29-B44.5",
            "count": 15,
            "created_time": "2025-01-29T05:07:54.281882Z",
            "yes_price": 14,
            "no_price": 86,
            "taker_side": "yes"
        },
        {
            "trade_id": "0e62a6ce-c8a6-4b55-8f72-1f2bc5af830e",
            "ticker": "KXHIGHDEN-25JAN29-B44.5",
            "count": 15,
            "created_time": "2025-01-29T05:01:58.609078Z",
            "yes_price": 15,
            "no_price": 85,
            "taker_side": "yes"
        },
        {
            "trade_id": "a6aad62e-3a78-41b6-b356-ae261e7eec21",
            "ticker": "KXHIGHDEN-25JAN29-B44.5",
            "count": 35,
            "created_time": "2025-01-29T05:01:30.717534Z",
            "yes_price": 16,
            "no_price": 84,
            "taker_side": "yes"
        },
        {
            "trade_id": "d63fc60d-bab6-4a4e-8208-d6fb97e95811",
            "ticker": "KXHIGHDEN-25JAN29-B44.5",
            "count": 10,
            "created_time": "2025-01-29T05:01:07.881468Z",
            "yes_price": 15,
            "no_price": 85,
            "taker_side": "yes"
        },
        {
            "trade_id": "5d55d5f8-28ef-483e-b745-9ac246431917",
            "ticker": "KXHIGHDEN-25JAN29-B44.5",
            "count": 32,
            "created_time": "2025-01-29T05:01:07.881468Z",
            "yes_price": 14,
            "no_price": 86,
            "taker_side": "yes"
        },
        {
            "trade_id": "011d8854-a80e-4fa1-ab51-d561ec0912cc",
            "ticker": "KXHIGHDEN-25JAN29-B44.5",
            "count": 238,
            "created_time": "2025-01-29T05:01:07.881468Z",
            "yes_price": 16,
            "no_price": 84,
            "taker_side": "yes"
        },
        {
            "trade_id": "7a4b4d09-c463-44df-aa26-9e59b834bc73",
            "ticker": "KXHIGHDEN-25JAN29-B44.5",
            "count": 7,
            "created_time": "2025-01-29T04:46:20.163148Z",
            "yes_price": 12,
            "no_price": 88,
            "taker_side": "yes"
        },
        {
            "trade_id": "195f7feb-0e0a-4dca-8b8c-ec87b93b5e09",
            "ticker": "KXHIGHDEN-25JAN29-B44.5",
            "count": 5,
            "created_time": "2025-01-29T04:04:23.153133Z",
            "yes_price": 9,
            "no_price": 91,
            "taker_side": "no"
        },
        {
            "trade_id": "2d54a4c0-842b-498e-b29c-dd03b5636d52",
            "ticker": "KXHIGHDEN-25JAN29-B44.5",
            "count": 9,
            "created_time": "2025-01-29T04:04:16.163726Z",
            "yes_price": 9,
            "no_price": 91,
            "taker_side": "no"
        },
        {
            "trade_id": "13b1042f-f1ec-495a-8a39-d842a2cddbc5",
            "ticker": "KXHIGHDEN-25JAN29-B44.5",
            "count": 1,
            "created_time": "2025-01-29T03:46:51.151747Z",
            "yes_price": 9,
            "no_price": 91,
            "taker_side": "yes"
        },
        {
            "trade_id": "0178be90-0b65-4092-8c0b-310662673f68",
            "ticker": "KXHIGHDEN-25JAN29-B44.5",
            "count": 10,
            "created_time": "2025-01-29T03:46:51.151747Z",
            "yes_price": 8,
            "no_price": 92,
            "taker_side": "yes"
        },
        {
            "trade_id": "0b752e95-4b6f-4d50-8935-bb9c01fb0c5a",
            "ticker": "KXHIGHDEN-25JAN29-B44.5",
            "count": 24,
            "created_time": "2025-01-29T03:36:25.245466Z",
            "yes_price": 7,
            "no_price": 93,
            "taker_side": "no"
        },
        {
            "trade_id": "4d8f235f-a28a-4448-9591-9423802f00a3",
            "ticker": "KXHIGHDEN-25JAN29-B44.5",
            "count": 100,
            "created_time": "2025-01-29T03:33:29.337937Z",
            "yes_price": 9,
            "no_price": 91,
            "taker_side": "yes"
        },
        {
            "trade_id": "a64df866-5b7e-43bf-8fbe-a8f442699b08",
            "ticker": "KXHIGHDEN-25JAN29-B44.5",
            "count": 196,
            "created_time": "2025-01-29T03:08:28.836488Z",
            "yes_price": 6,
            "no_price": 94,
            "taker_side": "no"
        },
        {
            "trade_id": "8f947d7c-f11c-4ec2-ae9a-bf7664388eec",
            "ticker": "KXHIGHDEN-25JAN29-B44.5",
            "count": 10,
            "created_time": "2025-01-29T03:08:28.836488Z",
            "yes_price": 7,
            "no_price": 93,
            "taker_side": "no"
        },
        {
            "trade_id": "42cc66a0-3a5b-4c17-8540-9b6b5c925f82",
            "ticker": "KXHIGHDEN-25JAN29-B44.5",
            "count": 90,
            "created_time": "2025-01-29T03:08:28.836488Z",
            "yes_price": 7,
            "no_price": 93,
            "taker_side": "no"
        },
        {
            "trade_id": "fce0e73b-c27b-4891-a3ef-961a81b70601",
            "ticker": "KXHIGHDEN-25JAN29-B44.5",
            "count": 5,
            "created_time": "2025-01-29T02:26:06.827184Z",
            "yes_price": 10,
            "no_price": 90,
            "taker_side": "yes"
        },
        {
            "trade_id": "02cbf935-7864-45bd-8f85-91a59027ef2a",
            "ticker": "KXHIGHDEN-25JAN29-B44.5",
            "count": 10,
            "created_time": "2025-01-29T02:25:02.029068Z",
            "yes_price": 10,
            "no_price": 90,
            "taker_side": "yes"
        },
        {
            "trade_id": "ed3e1630-01e1-47ab-94cc-a2d111460b5b",
            "ticker": "KXHIGHDEN-25JAN29-B44.5",
            "count": 26,
            "created_time": "2025-01-29T02:15:45.195971Z",
            "yes_price": 8,
            "no_price": 92,
            "taker_side": "yes"
        },
        {
            "trade_id": "d8888030-cf4b-438b-b1df-e819260fa90c",
            "ticker": "KXHIGHDEN-25JAN29-B44.5",
            "count": 66,
            "created_time": "2025-01-29T02:15:45.195971Z",
            "yes_price": 12,
            "no_price": 88,
            "taker_side": "yes"
        },
        {
            "trade_id": "92418c80-db84-4483-9546-d879ab322124",
            "ticker": "KXHIGHDEN-25JAN29-B44.5",
            "count": 6,
            "created_time": "2025-01-29T02:15:45.195971Z",
            "yes_price": 10,
            "no_price": 90,
            "taker_side": "yes"
        },
        {
            "trade_id": "74dd91e7-0207-4204-84a0-1b2d8af0df09",
            "ticker": "KXHIGHDEN-25JAN29-B44.5",
            "count": 9,
            "created_time": "2025-01-29T02:15:45.195971Z",
            "yes_price": 9,
            "no_price": 91,
            "taker_side": "yes"
        },
        {
            "trade_id": "6ef35421-3fa2-48b0-b0be-9eec3345290b",
            "ticker": "KXHIGHDEN-25JAN29-B44.5",
            "count": 3,
            "created_time": "2025-01-29T02:15:45.195971Z",
            "yes_price": 10,
            "no_price": 90,
            "taker_side": "yes"
        },
        {
            "trade_id": "52878179-0e82-4324-8ea8-407cae8103d8",
            "ticker": "KXHIGHDEN-25JAN29-B44.5",
            "count": 186,
            "created_time": "2025-01-29T02:15:45.195971Z",
            "yes_price": 11,
            "no_price": 89,
            "taker_side": "yes"
        },
        {
            "trade_id": "2db98540-8181-4fc8-9821-b7ac2ce709ae",
            "ticker": "KXHIGHDEN-25JAN29-B44.5",
            "count": 1,
            "created_time": "2025-01-29T01:50:57.316174Z",
            "yes_price": 6,
            "no_price": 94,
            "taker_side": "no"
        },
        {
            "trade_id": "e3dd35ac-a2dc-4b0a-84da-3d8ea1558c55",
            "ticker": "KXHIGHDEN-25JAN29-B44.5",
            "count": 25,
            "created_time": "2025-01-29T01:49:23.750224Z",
            "yes_price": 8,
            "no_price": 92,
            "taker_side": "no"
        },
        {
            "trade_id": "99897b87-e1cb-4a77-8af8-ed786b7e7298",
            "ticker": "KXHIGHDEN-25JAN29-B44.5",
            "count": 25,
            "created_time": "2025-01-29T01:49:23.750224Z",
            "yes_price": 9,
            "no_price": 91,
            "taker_side": "no"
        },
        {
            "trade_id": "6480ceaf-88ca-4ba7-9d94-ad7750ec902f",
            "ticker": "KXHIGHDEN-25JAN29-B44.5",
            "count": 196,
            "created_time": "2025-01-29T01:49:23.750224Z",
            "yes_price": 7,
            "no_price": 93,
            "taker_side": "no"
        },
        {
            "trade_id": "3e8f6fb2-05e0-471a-9d2a-01b058deac12",
            "ticker": "KXHIGHDEN-25JAN29-B44.5",
            "count": 166,
            "created_time": "2025-01-29T01:49:23.750224Z",
            "yes_price": 6,
            "no_price": 94,
            "taker_side": "no"
        },
        {
            "trade_id": "999e9b5c-0dec-470f-a6df-1266d9ab7b5e",
            "ticker": "KXHIGHDEN-25JAN29-B44.5",
            "count": 38,
            "created_time": "2025-01-29T01:42:23.625624Z",
            "yes_price": 11,
            "no_price": 89,
            "taker_side": "yes"
        },
        {
            "trade_id": "7a871714-2a20-433e-b7a7-a6504ba054b6",
            "ticker": "KXHIGHDEN-25JAN29-B44.5",
            "count": 44,
            "created_time": "2025-01-29T01:42:23.625624Z",
            "yes_price": 11,
            "no_price": 89,
            "taker_side": "yes"
        },
        {
            "trade_id": "7985b47d-58e1-435c-9940-0c7a3b8ae63f",
            "ticker": "KXHIGHDEN-25JAN29-B44.5",
            "count": 3,
            "created_time": "2025-01-29T01:42:23.625624Z",
            "yes_price": 11,
            "no_price": 89,
            "taker_side": "yes"
        },
        {
            "trade_id": "ea5be287-1ede-4494-8af1-4e8f36af045d",
            "ticker": "KXHIGHDEN-25JAN29-B44.5",
            "count": 10,
            "created_time": "2025-01-28T18:37:57.471768Z",
            "yes_price": 10,
            "no_price": 90,
            "taker_side": "no"
        },
        {
            "trade_id": "b8d8c459-d9e8-4445-a248-89d48335291a",
            "ticker": "KXHIGHDEN-25JAN29-B44.5",
            "count": 40,
            "created_time": "2025-01-28T18:37:57.471768Z",
            "yes_price": 8,
            "no_price": 92,
            "taker_side": "no"
        },
        {
            "trade_id": "d9656262-e788-4d2d-8dc1-71e219eff83e",
            "ticker": "KXHIGHDEN-25JAN29-B44.5",
            "count": 69,
            "created_time": "2025-01-28T18:24:33.498995Z",
            "yes_price": 14,
            "no_price": 86,
            "taker_side": "yes"
        },
        {
            "trade_id": "0f420ab5-0b74-4cdf-bf93-ff86b28fa178",
            "ticker": "KXHIGHDEN-25JAN29-B44.5",
            "count": 31,
            "created_time": "2025-01-28T18:24:33.498995Z",
            "yes_price": 16,
            "no_price": 84,
            "taker_side": "yes"
        },
        {
            "trade_id": "d8e797b4-1435-4747-91d1-8a362635d16f",
            "ticker": "KXHIGHDEN-25JAN29-B44.5",
            "count": 38,
            "created_time": "2025-01-28T15:59:20.409122Z",
            "yes_price": 11,
            "no_price": 89,
            "taker_side": "yes"
        },
        {
            "trade_id": "a2b6c222-bd9c-49fc-9cd5-3aae9e178c9a",
            "ticker": "KXHIGHDEN-25JAN29-B44.5",
            "count": 4,
            "created_time": "2025-01-28T15:59:20.409122Z",
            "yes_price": 11,
            "no_price": 89,
            "taker_side": "yes"
        }
    ],
    "KXHIGHDEN-25JAN29-B46.5": [
        {
            "trade_id": "9df32a64-1a78-4b52-8b11-ea3e0bc6d070",
            "ticker": "KXHIGHDEN-25JAN29-B46.5",
            "count": 843,
            "created_time": "2025-01-30T00:01:52.102339Z",
            "yes_price": 1,
            "no_price": 99,
            "taker_side": "yes"
        },
        {
            "trade_id": "ae3791bf-7f7b-4348-8be4-b26b294751fe",
            "ticker": "KXHIGHDEN-25JAN29-B46.5",
            "count": 218,
            "created_time": "2025-01-29T23:14:44.017312Z",
            "yes_price": 1,
            "no_price": 99,
            "taker_side": "yes"
        },
        {
            "trade_id": "a4747e36-90ef-4f91-baa0-719482c7afd4",
            "ticker": "KXHIGHDEN-25JAN29-B46.5",
            "count": 93,
            "created_time": "2025-01-29T22:00:51.028565Z",
            "yes_price": 1,
            "no_price": 99,
            "taker_side": "yes"
        },
        {
            "trade_id": "cee8190a-d6e7-42ba-a215-1d9d30f8029f",
            "ticker": "KXHIGHDEN-25JAN29-B46.5",
            "count": 13,
            "created_time": "2025-01-29T21:43:55.472963Z",
            "yes_price": 1,
            "no_price": 99,
            "taker_side": "yes"
        },
        {
            "trade_id": "ea387c91-ff9c-43af-993a-7068df42257a",
            "ticker": "KXHIGHDEN-25JAN29-B46.5",
            "count": 166,
            "created_time": "2025-01-29T21:36:13.398993Z",
            "yes_price": 1,
            "no_price": 99,
            "taker_side": "yes"
        },
        {
            "trade_id": "f0136c74-a3d8-45d0-bdda-b1224cfb8c95",
            "ticker": "KXHIGHDEN-25JAN29-B46.5",
            "count": 576,
            "created_time": "2025-01-29T21:09:19.151619Z",
            "yes_price": 1,
            "no_price": 99,
            "taker_side": "yes"
        },
        {
            "trade_id": "13ae1ae2-2f19-4e68-bebd-ce7e2283bcef",
            "ticker": "KXHIGHDEN-25JAN29-B46.5",
            "count": 19,
            "created_time": "2025-01-29T20:50:16.273347Z",
            "yes_price": 1,
            "no_price": 99,
            "taker_side": "yes"
        },
        {
            "trade_id": "ebd80aef-1119-47a5-950a-52c0344ae9ab",
            "ticker": "KXHIGHDEN-25JAN29-B46.5",
            "count": 197,
            "created_time": "2025-01-29T20:46:53.482338Z",
            "yes_price": 1,
            "no_price": 99,
            "taker_side": "yes"
        },
        {
            "trade_id": "4c5e143e-3bb5-40a7-bd1b-5070cfd50d8e",
            "ticker": "KXHIGHDEN-25JAN29-B46.5",
            "count": 128,
            "created_time": "2025-01-29T20:45:51.669818Z",
            "yes_price": 1,
            "no_price": 99,
            "taker_side": "yes"
        },
        {
            "trade_id": "be105612-e1e0-4cc7-ace5-3445ccfd4c1e",
            "ticker": "KXHIGHDEN-25JAN29-B46.5",
            "count": 44,
            "created_time": "2025-01-29T20:45:40.762112Z",
            "yes_price": 1,
            "no_price": 99,
            "taker_side": "yes"
        },
        {
            "trade_id": "375d7c24-17c4-4326-9420-b5ca7e18cf2b",
            "ticker": "KXHIGHDEN-25JAN29-B46.5",
            "count": 35,
            "created_time": "2025-01-29T20:45:29.437014Z",
            "yes_price": 1,
            "no_price": 99,
            "taker_side": "yes"
        },
        {
            "trade_id": "8ffd3814-e7ee-4731-86cd-4fe42161dacd",
            "ticker": "KXHIGHDEN-25JAN29-B46.5",
            "count": 710,
            "created_time": "2025-01-29T20:42:46.71328Z",
            "yes_price": 1,
            "no_price": 99,
            "taker_side": "yes"
        },
        {
            "trade_id": "4b9c1513-cf2b-4439-bb2d-c9f7df4fe96c",
            "ticker": "KXHIGHDEN-25JAN29-B46.5",
            "count": 50,
            "created_time": "2025-01-29T20:42:08.332552Z",
            "yes_price": 1,
            "no_price": 99,
            "taker_side": "yes"
        },
        {
            "trade_id": "ecf56efc-fefb-4df3-bcbe-0a077c470238",
            "ticker": "KXHIGHDEN-25JAN29-B46.5",
            "count": 51,
            "created_time": "2025-01-29T20:42:08.205145Z",
            "yes_price": 18,
            "no_price": 82,
            "taker_side": "no"
        },
        {
            "trade_id": "cc5f6403-cdeb-44a6-af31-a980674794e2",
            "ticker": "KXHIGHDEN-25JAN29-B46.5",
            "count": 75,
            "created_time": "2025-01-29T20:42:08.205145Z",
            "yes_price": 7,
            "no_price": 93,
            "taker_side": "no"
        },
        {
            "trade_id": "c6b08d75-7d93-4145-b78e-c6c79fd47fce",
            "ticker": "KXHIGHDEN-25JAN29-B46.5",
            "count": 40,
            "created_time": "2025-01-29T20:42:08.205145Z",
            "yes_price": 6,
            "no_price": 94,
            "taker_side": "no"
        },
        {
            "trade_id": "bb2b40f1-ee3c-4cfe-a748-d9f298f8f3df",
            "ticker": "KXHIGHDEN-25JAN29-B46.5",
            "count": 151,
            "created_time": "2025-01-29T20:42:08.205145Z",
            "yes_price": 17,
            "no_price": 83,
            "taker_side": "no"
        },
        {
            "trade_id": "ba474aff-90c6-47ef-8dd7-ce6d51e23fdd",
            "ticker": "KXHIGHDEN-25JAN29-B46.5",
            "count": 40,
            "created_time": "2025-01-29T20:42:08.205145Z",
            "yes_price": 3,
            "no_price": 97,
            "taker_side": "no"
        },
        {
            "trade_id": "b33cc1f7-9482-4499-88f0-588edcddec7c",
            "ticker": "KXHIGHDEN-25JAN29-B46.5",
            "count": 38,
            "created_time": "2025-01-29T20:42:08.205145Z",
            "yes_price": 2,
            "no_price": 98,
            "taker_side": "no"
        },
        {
            "trade_id": "72eaea07-36e1-45e9-b2f8-5250c2a6532c",
            "ticker": "KXHIGHDEN-25JAN29-B46.5",
            "count": 24,
            "created_time": "2025-01-29T20:42:08.205145Z",
            "yes_price": 14,
            "no_price": 86,
            "taker_side": "no"
        },
        {
            "trade_id": "7108280a-193d-43a6-84e3-f6afba54fec8",
            "ticker": "KXHIGHDEN-25JAN29-B46.5",
            "count": 1000,
            "created_time": "2025-01-29T20:42:08.205145Z",
            "yes_price": 15,
            "no_price": 85,
            "taker_side": "no"
        },
        {
            "trade_id": "44465cd6-9bdb-4890-8da9-324618bd4262",
            "ticker": "KXHIGHDEN-25JAN29-B46.5",
            "count": 300,
            "created_time": "2025-01-29T20:42:08.205145Z",
            "yes_price": 2,
            "no_price": 98,
            "taker_side": "no"
        },
        {
            "trade_id": "30cbcf39-dc89-4844-8a10-78506186cb56",
            "ticker": "KXHIGHDEN-25JAN29-B46.5",
            "count": 2,
            "created_time": "2025-01-29T20:42:08.205145Z",
            "yes_price": 5,
            "no_price": 95,
            "taker_side": "no"
        },
        {
            "trade_id": "284d8dc3-8673-48b7-a3b3-46ce80115d83",
            "ticker": "KXHIGHDEN-25JAN29-B46.5",
            "count": 120,
            "created_time": "2025-01-29T20:42:08.205145Z",
            "yes_price": 1,
            "no_price": 99,
            "taker_side": "no"
        },
        {
            "trade_id": "26ed9c85-5423-4811-b495-ea91185d29c7",
            "ticker": "KXHIGHDEN-25JAN29-B46.5",
            "count": 50,
            "created_time": "2025-01-29T20:42:08.205145Z",
            "yes_price": 1,
            "no_price": 99,
            "taker_side": "no"
        },
        {
            "trade_id": "14887cf3-15b8-4cf9-9fbf-2b3df418e748",
            "ticker": "KXHIGHDEN-25JAN29-B46.5",
            "count": 100,
            "created_time": "2025-01-29T20:42:08.205145Z",
            "yes_price": 1,
            "no_price": 99,
            "taker_side": "no"
        },
        {
            "trade_id": "fb608d90-6141-442f-8198-bb3aaf3b4999",
            "ticker": "KXHIGHDEN-25JAN29-B46.5",
            "count": 299,
            "created_time": "2025-01-29T20:39:10.929858Z",
            "yes_price": 18,
            "no_price": 82,
            "taker_side": "yes"
        },
        {
            "trade_id": "fc53fb96-5d00-444b-936d-e5df2b327185",
            "ticker": "KXHIGHDEN-25JAN29-B46.5",
            "count": 100,
            "created_time": "2025-01-29T20:32:48.779349Z",
            "yes_price": 18,
            "no_price": 82,
            "taker_side": "no"
        },
        {
            "trade_id": "529e70bb-f7fa-441f-8b97-ba814ffdbfa4",
            "ticker": "KXHIGHDEN-25JAN29-B46.5",
            "count": 17,
            "created_time": "2025-01-29T20:32:48.779349Z",
            "yes_price": 17,
            "no_price": 83,
            "taker_side": "no"
        },
        {
            "trade_id": "12416d66-73b7-4f98-9532-6162a0454f68",
            "ticker": "KXHIGHDEN-25JAN29-B46.5",
            "count": 1,
            "created_time": "2025-01-29T20:32:48.779349Z",
            "yes_price": 18,
            "no_price": 82,
            "taker_side": "no"
        },
        {
            "trade_id": "bdba13bc-8b9b-4d55-95bc-d3912d02124a",
            "ticker": "KXHIGHDEN-25JAN29-B46.5",
            "count": 1,
            "created_time": "2025-01-29T20:32:22.606869Z",
            "yes_price": 18,
            "no_price": 82,
            "taker_side": "no"
        },
        {
            "trade_id": "1198ab52-fc70-4a27-8a92-f23d8012b31b",
            "ticker": "KXHIGHDEN-25JAN29-B46.5",
            "count": 3,
            "created_time": "2025-01-29T20:32:22.606869Z",
            "yes_price": 17,
            "no_price": 83,
            "taker_side": "no"
        },
        {
            "trade_id": "952073a0-662d-4176-bc7e-590507550cf3",
            "ticker": "KXHIGHDEN-25JAN29-B46.5",
            "count": 6,
            "created_time": "2025-01-29T20:28:51.870659Z",
            "yes_price": 18,
            "no_price": 82,
            "taker_side": "no"
        },
        {
            "trade_id": "7c0a0b50-7f5f-4b47-9dc7-069076542140",
            "ticker": "KXHIGHDEN-25JAN29-B46.5",
            "count": 2,
            "created_time": "2025-01-29T20:28:51.870659Z",
            "yes_price": 17,
            "no_price": 83,
            "taker_side": "no"
        },
        {
            "trade_id": "7fae6a5e-68bd-477a-87d6-6d1fd28cb6f1",
            "ticker": "KXHIGHDEN-25JAN29-B46.5",
            "count": 19,
            "created_time": "2025-01-29T20:26:31.806447Z",
            "yes_price": 39,
            "no_price": 61,
            "taker_side": "yes"
        },
        {
            "trade_id": "507c6415-c2eb-4cfa-8db1-d5da8d57b2c1",
            "ticker": "KXHIGHDEN-25JAN29-B46.5",
            "count": 4,
            "created_time": "2025-01-29T20:26:21.607279Z",
            "yes_price": 39,
            "no_price": 61,
            "taker_side": "yes"
        },
        {
            "trade_id": "b24f5e19-5e53-4414-a65e-3996c99a6971",
            "ticker": "KXHIGHDEN-25JAN29-B46.5",
            "count": 8,
            "created_time": "2025-01-29T20:25:05.73404Z",
            "yes_price": 17,
            "no_price": 83,
            "taker_side": "no"
        },
        {
            "trade_id": "26bd3118-323a-478e-b7bf-bf48b0459582",
            "ticker": "KXHIGHDEN-25JAN29-B46.5",
            "count": 2,
            "created_time": "2025-01-29T20:25:05.73404Z",
            "yes_price": 18,
            "no_price": 82,
            "taker_side": "no"
        },
        {
            "trade_id": "17ee9555-7073-4635-9921-52e0fda8aa90",
            "ticker": "KXHIGHDEN-25JAN29-B46.5",
            "count": 1,
            "created_time": "2025-01-29T20:22:14.436725Z",
            "yes_price": 16,
            "no_price": 84,
            "taker_side": "no"
        },
        {
            "trade_id": "cfa1729c-2460-439b-9454-8760da90a4a8",
            "ticker": "KXHIGHDEN-25JAN29-B46.5",
            "count": 27,
            "created_time": "2025-01-29T20:22:11.883524Z",
            "yes_price": 16,
            "no_price": 84,
            "taker_side": "no"
        },
        {
            "trade_id": "7bff2c8c-7881-4c82-bf69-4cebea54868d",
            "ticker": "KXHIGHDEN-25JAN29-B46.5",
            "count": 3,
            "created_time": "2025-01-29T20:22:11.883524Z",
            "yes_price": 16,
            "no_price": 84,
            "taker_side": "no"
        },
        {
            "trade_id": "a5af9b12-1d60-4888-b383-68a8e2a3a1e1",
            "ticker": "KXHIGHDEN-25JAN29-B46.5",
            "count": 189,
            "created_time": "2025-01-29T20:21:10.58443Z",
            "yes_price": 20,
            "no_price": 80,
            "taker_side": "yes"
        },
        {
            "trade_id": "3fca9cb8-8a48-4583-adc9-ef6843c63bfe",
            "ticker": "KXHIGHDEN-25JAN29-B46.5",
            "count": 10,
            "created_time": "2025-01-29T20:21:10.58443Z",
            "yes_price": 20,
            "no_price": 80,
            "taker_side": "yes"
        },
        {
            "trade_id": "f944b25a-7850-4bda-b000-cae1bafe7062",
            "ticker": "KXHIGHDEN-25JAN29-B46.5",
            "count": 9,
            "created_time": "2025-01-29T20:20:46.996473Z",
            "yes_price": 16,
            "no_price": 84,
            "taker_side": "yes"
        },
        {
            "trade_id": "39364982-bb7b-40be-bb70-ad200e6aa6c2",
            "ticker": "KXHIGHDEN-25JAN29-B46.5",
            "count": 9,
            "created_time": "2025-01-29T20:20:46.996473Z",
            "yes_price": 16,
            "no_price": 84,
            "taker_side": "yes"
        },
        {
            "trade_id": "8ac9e1f1-1865-4a5d-bba0-7dd6b24ab77c",
            "ticker": "KXHIGHDEN-25JAN29-B46.5",
            "count": 14,
            "created_time": "2025-01-29T20:19:29.831109Z",
            "yes_price": 10,
            "no_price": 90,
            "taker_side": "no"
        },
        {
            "trade_id": "55e9371d-0f6c-468c-81d1-d6cac517320c",
            "ticker": "KXHIGHDEN-25JAN29-B46.5",
            "count": 2,
            "created_time": "2025-01-29T20:19:29.831109Z",
            "yes_price": 10,
            "no_price": 90,
            "taker_side": "no"
        },
        {
            "trade_id": "51623674-6a20-42bb-865a-0e2ae028eae0",
            "ticker": "KXHIGHDEN-25JAN29-B46.5",
            "count": 269,
            "created_time": "2025-01-29T20:19:29.831109Z",
            "yes_price": 8,
            "no_price": 92,
            "taker_side": "no"
        },
        {
            "trade_id": "4379ea63-46a7-4ab3-80fd-e78cc9845ba8",
            "ticker": "KXHIGHDEN-25JAN29-B46.5",
            "count": 151,
            "created_time": "2025-01-29T20:19:29.831109Z",
            "yes_price": 9,
            "no_price": 91,
            "taker_side": "no"
        },
        {
            "trade_id": "ced9534c-9ea0-42c9-ad13-94898400ecdc",
            "ticker": "KXHIGHDEN-25JAN29-B46.5",
            "count": 41,
            "created_time": "2025-01-29T20:15:38.872084Z",
            "yes_price": 15,
            "no_price": 85,
            "taker_side": "no"
        },
        {
            "trade_id": "314d83f8-9003-4a8b-a36d-073f5b28272a",
            "ticker": "KXHIGHDEN-25JAN29-B46.5",
            "count": 35,
            "created_time": "2025-01-29T20:15:38.872084Z",
            "yes_price": 8,
            "no_price": 92,
            "taker_side": "no"
        },
        {
            "trade_id": "1702b5a0-2426-47b6-91f9-9e1988028af6",
            "ticker": "KXHIGHDEN-25JAN29-B46.5",
            "count": 24,
            "created_time": "2025-01-29T20:15:38.872084Z",
            "yes_price": 14,
            "no_price": 86,
            "taker_side": "no"
        },
        {
            "trade_id": "f1b222f5-2c4f-485c-8db4-39ac9c1fc3b2",
            "ticker": "KXHIGHDEN-25JAN29-B46.5",
            "count": 1,
            "created_time": "2025-01-29T20:15:17.849406Z",
            "yes_price": 18,
            "no_price": 82,
            "taker_side": "no"
        },
        {
            "trade_id": "7d1c7676-ffc0-4b63-8611-e54c612e557b",
            "ticker": "KXHIGHDEN-25JAN29-B46.5",
            "count": 112,
            "created_time": "2025-01-29T20:15:17.849406Z",
            "yes_price": 15,
            "no_price": 85,
            "taker_side": "no"
        },
        {
            "trade_id": "2e2a4100-0b36-412e-9373-869450ae5025",
            "ticker": "KXHIGHDEN-25JAN29-B46.5",
            "count": 1,
            "created_time": "2025-01-29T20:11:07.911874Z",
            "yes_price": 19,
            "no_price": 81,
            "taker_side": "no"
        },
        {
            "trade_id": "2429814e-bc60-45aa-b656-65b36fa1b62b",
            "ticker": "KXHIGHDEN-25JAN29-B46.5",
            "count": 42,
            "created_time": "2025-01-29T20:11:07.911874Z",
            "yes_price": 18,
            "no_price": 82,
            "taker_side": "no"
        },
        {
            "trade_id": "d2d29d6b-ce6f-4233-aa13-2fcbd2edbae0",
            "ticker": "KXHIGHDEN-25JAN29-B46.5",
            "count": 1,
            "created_time": "2025-01-29T20:03:29.689932Z",
            "yes_price": 14,
            "no_price": 86,
            "taker_side": "no"
        },
        {
            "trade_id": "b7eec5f3-d83c-4a47-be45-0ec19b71e815",
            "ticker": "KXHIGHDEN-25JAN29-B46.5",
            "count": 12,
            "created_time": "2025-01-29T20:03:29.689932Z",
            "yes_price": 14,
            "no_price": 86,
            "taker_side": "no"
        },
        {
            "trade_id": "4d1c9e46-84a5-4b88-bff7-e05951799d6e",
            "ticker": "KXHIGHDEN-25JAN29-B46.5",
            "count": 11,
            "created_time": "2025-01-29T20:03:29.689932Z",
            "yes_price": 14,
            "no_price": 86,
            "taker_side": "no"
        },
        {
            "trade_id": "27ba5ae7-a7dd-4058-9cca-75e83c983fc9",
            "ticker": "KXHIGHDEN-25JAN29-B46.5",
            "count": 6,
            "created_time": "2025-01-29T20:03:29.689932Z",
            "yes_price": 13,
            "no_price": 87,
            "taker_side": "no"
        },
        {
            "trade_id": "19c617b9-b937-40c2-8a97-234f300bd2e8",
            "ticker": "KXHIGHDEN-25JAN29-B46.5",
            "count": 13,
            "created_time": "2025-01-29T20:03:29.689932Z",
            "yes_price": 13,
            "no_price": 87,
            "taker_side": "no"
        },
        {
            "trade_id": "1632483a-f7a3-4431-a226-d8b3092c036f",
            "ticker": "KXHIGHDEN-25JAN29-B46.5",
            "count": 7,
            "created_time": "2025-01-29T20:03:29.689932Z",
            "yes_price": 13,
            "no_price": 87,
            "taker_side": "no"
        },
        {
            "trade_id": "f2a8e226-62d4-4ed7-9c7a-9e81981e2a01",
            "ticker": "KXHIGHDEN-25JAN29-B46.5",
            "count": 5,
            "created_time": "2025-01-29T20:02:31.814961Z",
            "yes_price": 17,
            "no_price": 83,
            "taker_side": "yes"
        },
        {
            "trade_id": "7fae0246-3540-4869-b20b-e72e9f95829f",
            "ticker": "KXHIGHDEN-25JAN29-B46.5",
            "count": 49,
            "created_time": "2025-01-29T20:02:31.814961Z",
            "yes_price": 21,
            "no_price": 79,
            "taker_side": "yes"
        },
        {
            "trade_id": "ffe7e2aa-39b1-4a55-8762-43a72e0405de",
            "ticker": "KXHIGHDEN-25JAN29-B46.5",
            "count": 18,
            "created_time": "2025-01-29T20:02:18.455904Z",
            "yes_price": 15,
            "no_price": 85,
            "taker_side": "yes"
        },
        {
            "trade_id": "ce8edbed-c148-42aa-871a-3b707042679c",
            "ticker": "KXHIGHDEN-25JAN29-B46.5",
            "count": 88,
            "created_time": "2025-01-29T20:02:18.455904Z",
            "yes_price": 15,
            "no_price": 85,
            "taker_side": "yes"
        },
        {
            "trade_id": "b26ca54f-bf6d-4480-b696-b3870957f73e",
            "ticker": "KXHIGHDEN-25JAN29-B46.5",
            "count": 153,
            "created_time": "2025-01-29T20:02:18.455904Z",
            "yes_price": 17,
            "no_price": 83,
            "taker_side": "yes"
        },
        {
            "trade_id": "6cfe11b2-3171-4e3d-9ca9-8985a2366a14",
            "ticker": "KXHIGHDEN-25JAN29-B46.5",
            "count": 17,
            "created_time": "2025-01-29T20:00:51.70527Z",
            "yes_price": 15,
            "no_price": 85,
            "taker_side": "no"
        },
        {
            "trade_id": "1f3e32ba-1712-428e-a3cd-46cbd0ae34d5",
            "ticker": "KXHIGHDEN-25JAN29-B46.5",
            "count": 695,
            "created_time": "2025-01-29T20:00:51.70527Z",
            "yes_price": 15,
            "no_price": 85,
            "taker_side": "no"
        },
        {
            "trade_id": "7c1d6676-f5ab-4c7c-ae7c-9397287e61d3",
            "ticker": "KXHIGHDEN-25JAN29-B46.5",
            "count": 1,
            "created_time": "2025-01-29T20:00:19.761992Z",
            "yes_price": 16,
            "no_price": 84,
            "taker_side": "no"
        },
        {
            "trade_id": "56942d6b-c759-4095-acca-d763d49d7f82",
            "ticker": "KXHIGHDEN-25JAN29-B46.5",
            "count": 86,
            "created_time": "2025-01-29T19:59:49.882293Z",
            "yes_price": 15,
            "no_price": 85,
            "taker_side": "no"
        },
        {
            "trade_id": "d171fa9d-9ba9-4784-b20c-01a7c17593c3",
            "ticker": "KXHIGHDEN-25JAN29-B46.5",
            "count": 1,
            "created_time": "2025-01-29T19:58:37.550301Z",
            "yes_price": 16,
            "no_price": 84,
            "taker_side": "no"
        },
        {
            "trade_id": "82e8f441-5ff9-47e8-b3f6-b32be455325a",
            "ticker": "KXHIGHDEN-25JAN29-B46.5",
            "count": 1,
            "created_time": "2025-01-29T19:58:37.550301Z",
            "yes_price": 16,
            "no_price": 84,
            "taker_side": "no"
        },
        {
            "trade_id": "d9206577-5cd9-41a6-9780-6e944480da60",
            "ticker": "KXHIGHDEN-25JAN29-B46.5",
            "count": 19,
            "created_time": "2025-01-29T19:58:25.819794Z",
            "yes_price": 24,
            "no_price": 76,
            "taker_side": "yes"
        },
        {
            "trade_id": "fbc74cf4-275c-4695-b0ae-bd34a216ac8b",
            "ticker": "KXHIGHDEN-25JAN29-B46.5",
            "count": 156,
            "created_time": "2025-01-29T19:57:45.329892Z",
            "yes_price": 14,
            "no_price": 86,
            "taker_side": "yes"
        },
        {
            "trade_id": "df58002d-8ca7-47a1-a3dc-a38c4517f171",
            "ticker": "KXHIGHDEN-25JAN29-B46.5",
            "count": 11,
            "created_time": "2025-01-29T19:57:45.329892Z",
            "yes_price": 14,
            "no_price": 86,
            "taker_side": "yes"
        },
        {
            "trade_id": "737fba77-14a5-4623-8be1-b5c3c20b376a",
            "ticker": "KXHIGHDEN-25JAN29-B46.5",
            "count": 50,
            "created_time": "2025-01-29T19:57:45.329892Z",
            "yes_price": 15,
            "no_price": 85,
            "taker_side": "yes"
        },
        {
            "trade_id": "0405db94-0583-4d58-b62c-58480da94373",
            "ticker": "KXHIGHDEN-25JAN29-B46.5",
            "count": 2,
            "created_time": "2025-01-29T19:57:45.329892Z",
            "yes_price": 15,
            "no_price": 85,
            "taker_side": "yes"
        },
        {
            "trade_id": "ffdefe7e-5023-4c58-ac50-e63f427a33c8",
            "ticker": "KXHIGHDEN-25JAN29-B46.5",
            "count": 5,
            "created_time": "2025-01-29T19:55:25.586543Z",
            "yes_price": 13,
            "no_price": 87,
            "taker_side": "no"
        },
        {
            "trade_id": "a2871a1d-3e84-499b-a37b-dc515e440267",
            "ticker": "KXHIGHDEN-25JAN29-B46.5",
            "count": 7,
            "created_time": "2025-01-29T19:50:16.624587Z",
            "yes_price": 13,
            "no_price": 87,
            "taker_side": "yes"
        },
        {
            "trade_id": "99f84e04-9495-4d0a-93cc-d76d90a7bd8d",
            "ticker": "KXHIGHDEN-25JAN29-B46.5",
            "count": 4,
            "created_time": "2025-01-29T19:50:16.624587Z",
            "yes_price": 13,
            "no_price": 87,
            "taker_side": "yes"
        },
        {
            "trade_id": "75896495-122e-46f2-8f7c-713f9a282d45",
            "ticker": "KXHIGHDEN-25JAN29-B46.5",
            "count": 3,
            "created_time": "2025-01-29T19:50:16.624587Z",
            "yes_price": 13,
            "no_price": 87,
            "taker_side": "yes"
        },
        {
            "trade_id": "b45207b8-c3f3-4b8a-a3d7-e1e034ad320b",
            "ticker": "KXHIGHDEN-25JAN29-B46.5",
            "count": 107,
            "created_time": "2025-01-29T19:48:49.319666Z",
            "yes_price": 7,
            "no_price": 93,
            "taker_side": "no"
        },
        {
            "trade_id": "78c00bea-5e38-4a51-a823-2b14dd839494",
            "ticker": "KXHIGHDEN-25JAN29-B46.5",
            "count": 96,
            "created_time": "2025-01-29T19:46:59.165517Z",
            "yes_price": 11,
            "no_price": 89,
            "taker_side": "no"
        },
        {
            "trade_id": "51e713be-2973-426c-9928-3355e953f95f",
            "ticker": "KXHIGHDEN-25JAN29-B46.5",
            "count": 14,
            "created_time": "2025-01-29T19:46:59.165517Z",
            "yes_price": 9,
            "no_price": 91,
            "taker_side": "no"
        },
        {
            "trade_id": "4f64c400-8815-41f0-b268-23dfd2ecb5d9",
            "ticker": "KXHIGHDEN-25JAN29-B46.5",
            "count": 1,
            "created_time": "2025-01-29T19:46:59.165517Z",
            "yes_price": 12,
            "no_price": 88,
            "taker_side": "no"
        },
        {
            "trade_id": "2b32e61a-b707-486c-9808-e926a270b507",
            "ticker": "KXHIGHDEN-25JAN29-B46.5",
            "count": 4,
            "created_time": "2025-01-29T19:46:50.011008Z",
            "yes_price": 11,
            "no_price": 89,
            "taker_side": "no"
        },
        {
            "trade_id": "519ba97a-41de-4d6b-81a6-74ea62ed3812",
            "ticker": "KXHIGHDEN-25JAN29-B46.5",
            "count": 25,
            "created_time": "2025-01-29T19:45:29.354599Z",
            "yes_price": 15,
            "no_price": 85,
            "taker_side": "no"
        },
        {
            "trade_id": "5f733d2f-9b96-4c45-820e-a6156c10ac14",
            "ticker": "KXHIGHDEN-25JAN29-B46.5",
            "count": 1,
            "created_time": "2025-01-29T19:44:02.357051Z",
            "yes_price": 17,
            "no_price": 83,
            "taker_side": "no"
        },
        {
            "trade_id": "cc90378d-b4b4-42d8-9cb9-ea8b9a8f0225",
            "ticker": "KXHIGHDEN-25JAN29-B46.5",
            "count": 1,
            "created_time": "2025-01-29T19:41:46.136296Z",
            "yes_price": 18,
            "no_price": 82,
            "taker_side": "no"
        },
        {
            "trade_id": "98a3ef83-fed6-42bb-8a93-ceb5b027d352",
            "ticker": "KXHIGHDEN-25JAN29-B46.5",
            "count": 19,
            "created_time": "2025-01-29T19:41:46.136296Z",
            "yes_price": 17,
            "no_price": 83,
            "taker_side": "no"
        },
        {
            "trade_id": "4543a821-ae3a-4f19-9b6a-7d4762991e4a",
            "ticker": "KXHIGHDEN-25JAN29-B46.5",
            "count": 1,
            "created_time": "2025-01-29T19:37:28.924075Z",
            "yes_price": 18,
            "no_price": 82,
            "taker_side": "no"
        },
        {
            "trade_id": "304c25a3-4de3-4eed-8827-e8b9990573af",
            "ticker": "KXHIGHDEN-25JAN29-B46.5",
            "count": 151,
            "created_time": "2025-01-29T19:36:23.415226Z",
            "yes_price": 19,
            "no_price": 81,
            "taker_side": "no"
        },
        {
            "trade_id": "b8667a23-44bd-4d96-b132-43dac4e6c05c",
            "ticker": "KXHIGHDEN-25JAN29-B46.5",
            "count": 47,
            "created_time": "2025-01-29T19:30:36.577475Z",
            "yes_price": 17,
            "no_price": 83,
            "taker_side": "no"
        },
        {
            "trade_id": "7de710b3-9f05-4786-b68b-50c4f066a2a6",
            "ticker": "KXHIGHDEN-25JAN29-B46.5",
            "count": 1,
            "created_time": "2025-01-29T19:30:36.577475Z",
            "yes_price": 17,
            "no_price": 83,
            "taker_side": "no"
        },
        {
            "trade_id": "68688351-c659-4609-9f62-54df8f473676",
            "ticker": "KXHIGHDEN-25JAN29-B46.5",
            "count": 28,
            "created_time": "2025-01-29T19:30:36.577475Z",
            "yes_price": 19,
            "no_price": 81,
            "taker_side": "no"
        },
        {
            "trade_id": "42e43ade-2fb4-45ee-84a3-27857c336e62",
            "ticker": "KXHIGHDEN-25JAN29-B46.5",
            "count": 72,
            "created_time": "2025-01-29T19:30:36.577475Z",
            "yes_price": 15,
            "no_price": 85,
            "taker_side": "no"
        },
        {
            "trade_id": "286ccdf5-0a82-4bd5-ad1f-32332f9f9fe5",
            "ticker": "KXHIGHDEN-25JAN29-B46.5",
            "count": 150,
            "created_time": "2025-01-29T19:30:36.577475Z",
            "yes_price": 20,
            "no_price": 80,
            "taker_side": "no"
        },
        {
            "trade_id": "285dfc18-832c-4a47-a21a-f804956671db",
            "ticker": "KXHIGHDEN-25JAN29-B46.5",
            "count": 1,
            "created_time": "2025-01-29T19:30:36.577475Z",
            "yes_price": 19,
            "no_price": 81,
            "taker_side": "no"
        },
        {
            "trade_id": "1519a7d3-a33a-466f-8039-e4578a754245",
            "ticker": "KXHIGHDEN-25JAN29-B46.5",
            "count": 1,
            "created_time": "2025-01-29T19:30:36.577475Z",
            "yes_price": 20,
            "no_price": 80,
            "taker_side": "no"
        },
        {
            "trade_id": "33c74538-6331-4d9f-a000-112f18ec11f2",
            "ticker": "KXHIGHDEN-25JAN29-B46.5",
            "count": 157,
            "created_time": "2025-01-29T19:24:43.79365Z",
            "yes_price": 21,
            "no_price": 79,
            "taker_side": "yes"
        },
        {
            "trade_id": "d8d7c95c-df3d-4fef-ac06-cd027a0eb7e8",
            "ticker": "KXHIGHDEN-25JAN29-B46.5",
            "count": 3,
            "created_time": "2025-01-29T19:24:27.356619Z",
            "yes_price": 26,
            "no_price": 74,
            "taker_side": "no"
        },
        {
            "trade_id": "ae005c62-07fe-4e62-95f3-88b4bb3de190",
            "ticker": "KXHIGHDEN-25JAN29-B46.5",
            "count": 1,
            "created_time": "2025-01-29T19:24:27.356619Z",
            "yes_price": 25,
            "no_price": 75,
            "taker_side": "no"
        },
        {
            "trade_id": "3fd3abc9-a5f2-43f5-9114-6ec5a03d1db1",
            "ticker": "KXHIGHDEN-25JAN29-B46.5",
            "count": 1,
            "created_time": "2025-01-29T19:24:27.356619Z",
            "yes_price": 25,
            "no_price": 75,
            "taker_side": "no"
        },
        {
            "trade_id": "f8da2a2b-a584-4511-ae43-ccf8a76cdd90",
            "ticker": "KXHIGHDEN-25JAN29-B46.5",
            "count": 2,
            "created_time": "2025-01-29T19:22:48.087574Z",
            "yes_price": 31,
            "no_price": 69,
            "taker_side": "no"
        },
        {
            "trade_id": "63eb5f39-c055-4865-b16d-2029812791d3",
            "ticker": "KXHIGHDEN-25JAN29-B46.5",
            "count": 7,
            "created_time": "2025-01-29T19:22:44.711136Z",
            "yes_price": 30,
            "no_price": 70,
            "taker_side": "no"
        },
        {
            "trade_id": "268fe60d-3911-4992-b1a6-9a3a3e3af75b",
            "ticker": "KXHIGHDEN-25JAN29-B46.5",
            "count": 895,
            "created_time": "2025-01-29T19:22:44.711136Z",
            "yes_price": 30,
            "no_price": 70,
            "taker_side": "no"
        },
        {
            "trade_id": "89589369-54a7-4109-989a-83a0d32a84c5",
            "ticker": "KXHIGHDEN-25JAN29-B46.5",
            "count": 1,
            "created_time": "2025-01-29T19:22:42.449964Z",
            "yes_price": 31,
            "no_price": 69,
            "taker_side": "no"
        },
        {
            "trade_id": "e6d1f7e8-2338-4ca2-a367-808f89198c05",
            "ticker": "KXHIGHDEN-25JAN29-B46.5",
            "count": 2,
            "created_time": "2025-01-29T19:22:38.909467Z",
            "yes_price": 31,
            "no_price": 69,
            "taker_side": "no"
        },
        {
            "trade_id": "810fdc6a-6b6d-40d7-88bc-fc0c42e7330b",
            "ticker": "KXHIGHDEN-25JAN29-B46.5",
            "count": 3,
            "created_time": "2025-01-29T19:22:11.962351Z",
            "yes_price": 31,
            "no_price": 69,
            "taker_side": "no"
        },
        {
            "trade_id": "6d4c9955-4bee-49a8-8dd0-955a8769669c",
            "ticker": "KXHIGHDEN-25JAN29-B46.5",
            "count": 105,
            "created_time": "2025-01-29T19:22:11.962351Z",
            "yes_price": 30,
            "no_price": 70,
            "taker_side": "no"
        },
        {
            "trade_id": "0f0167ce-f3dc-4065-9e1a-123ddc71c1c0",
            "ticker": "KXHIGHDEN-25JAN29-B46.5",
            "count": 3,
            "created_time": "2025-01-29T19:22:11.962351Z",
            "yes_price": 31,
            "no_price": 69,
            "taker_side": "no"
        },
        {
            "trade_id": "e67dbc88-b9c7-4f5d-9ba1-764df510f5b4",
            "ticker": "KXHIGHDEN-25JAN29-B46.5",
            "count": 1000,
            "created_time": "2025-01-29T19:21:57.610745Z",
            "yes_price": 33,
            "no_price": 67,
            "taker_side": "no"
        },
        {
            "trade_id": "cfc7dc82-8c45-44e6-810f-28978590e305",
            "ticker": "KXHIGHDEN-25JAN29-B46.5",
            "count": 1,
            "created_time": "2025-01-29T19:21:57.610745Z",
            "yes_price": 35,
            "no_price": 65,
            "taker_side": "no"
        },
        {
            "trade_id": "7e399d80-7e39-4e2c-8263-fe1ae293343a",
            "ticker": "KXHIGHDEN-25JAN29-B46.5",
            "count": 10,
            "created_time": "2025-01-29T19:21:57.610745Z",
            "yes_price": 34,
            "no_price": 66,
            "taker_side": "no"
        },
        {
            "trade_id": "e8db1cba-5f78-4670-b034-25660ee2f2eb",
            "ticker": "KXHIGHDEN-25JAN29-B46.5",
            "count": 12,
            "created_time": "2025-01-29T19:03:25.83621Z",
            "yes_price": 29,
            "no_price": 71,
            "taker_side": "no"
        },
        {
            "trade_id": "b89b0f7d-7a11-48d6-8ad5-e78ef4597d28",
            "ticker": "KXHIGHDEN-25JAN29-B46.5",
            "count": 1,
            "created_time": "2025-01-29T19:02:38.875611Z",
            "yes_price": 29,
            "no_price": 71,
            "taker_side": "no"
        },
        {
            "trade_id": "844ef9f4-a098-4017-a043-15ba0529f5d7",
            "ticker": "KXHIGHDEN-25JAN29-B46.5",
            "count": 1,
            "created_time": "2025-01-29T19:02:38.875611Z",
            "yes_price": 29,
            "no_price": 71,
            "taker_side": "no"
        },
        {
            "trade_id": "02d68d2c-d49e-4345-9188-a524ba072bf3",
            "ticker": "KXHIGHDEN-25JAN29-B46.5",
            "count": 32,
            "created_time": "2025-01-29T19:02:38.875611Z",
            "yes_price": 28,
            "no_price": 72,
            "taker_side": "no"
        },
        {
            "trade_id": "e53802ac-92bd-4c7b-8617-f4577886467e",
            "ticker": "KXHIGHDEN-25JAN29-B46.5",
            "count": 3,
            "created_time": "2025-01-29T18:59:44.856061Z",
            "yes_price": 32,
            "no_price": 68,
            "taker_side": "yes"
        },
        {
            "trade_id": "dc3dfe1c-c38e-4f9c-a7d2-5db67aa2b540",
            "ticker": "KXHIGHDEN-25JAN29-B46.5",
            "count": 50,
            "created_time": "2025-01-29T18:59:44.856061Z",
            "yes_price": 32,
            "no_price": 68,
            "taker_side": "yes"
        },
        {
            "trade_id": "6bafc2e5-b335-4d49-b0ec-8ce74931ec24",
            "ticker": "KXHIGHDEN-25JAN29-B46.5",
            "count": 3,
            "created_time": "2025-01-29T18:59:44.856061Z",
            "yes_price": 31,
            "no_price": 69,
            "taker_side": "yes"
        },
        {
            "trade_id": "307436b8-0c31-48ea-9962-0042f8cd3989",
            "ticker": "KXHIGHDEN-25JAN29-B46.5",
            "count": 154,
            "created_time": "2025-01-29T18:59:44.856061Z",
            "yes_price": 32,
            "no_price": 68,
            "taker_side": "yes"
        },
        {
            "trade_id": "137ac732-b290-44d8-ae39-f3c5bdc188a6",
            "ticker": "KXHIGHDEN-25JAN29-B46.5",
            "count": 20,
            "created_time": "2025-01-29T18:59:44.856061Z",
            "yes_price": 32,
            "no_price": 68,
            "taker_side": "yes"
        },
        {
            "trade_id": "21c66a3a-ecb0-4a9a-b3f1-10da520723c5",
            "ticker": "KXHIGHDEN-25JAN29-B46.5",
            "count": 1,
            "created_time": "2025-01-29T18:58:23.046814Z",
            "yes_price": 31,
            "no_price": 69,
            "taker_side": "yes"
        },
        {
            "trade_id": "e25a6c75-22d9-459c-ab85-b90a892f69ae",
            "ticker": "KXHIGHDEN-25JAN29-B46.5",
            "count": 20,
            "created_time": "2025-01-29T18:58:18.801859Z",
            "yes_price": 31,
            "no_price": 69,
            "taker_side": "yes"
        },
        {
            "trade_id": "9ee62ddc-6dff-49ba-9ab6-a80cebc298b2",
            "ticker": "KXHIGHDEN-25JAN29-B46.5",
            "count": 13,
            "created_time": "2025-01-29T18:48:35.931878Z",
            "yes_price": 28,
            "no_price": 72,
            "taker_side": "yes"
        },
        {
            "trade_id": "12c425a7-84ed-46d7-8717-250d23337134",
            "ticker": "KXHIGHDEN-25JAN29-B46.5",
            "count": 15,
            "created_time": "2025-01-29T18:48:35.931878Z",
            "yes_price": 31,
            "no_price": 69,
            "taker_side": "yes"
        },
        {
            "trade_id": "b56b6872-88d0-4e31-8678-3f92426d42bc",
            "ticker": "KXHIGHDEN-25JAN29-B46.5",
            "count": 3,
            "created_time": "2025-01-29T18:42:11.654212Z",
            "yes_price": 25,
            "no_price": 75,
            "taker_side": "yes"
        },
        {
            "trade_id": "dc80f26a-837f-445c-90e0-9e7ea9078e77",
            "ticker": "KXHIGHDEN-25JAN29-B46.5",
            "count": 100,
            "created_time": "2025-01-29T18:33:29.000256Z",
            "yes_price": 23,
            "no_price": 77,
            "taker_side": "no"
        },
        {
            "trade_id": "734b9073-af66-469c-9b66-aa2d0254db73",
            "ticker": "KXHIGHDEN-25JAN29-B46.5",
            "count": 471,
            "created_time": "2025-01-29T18:28:26.302616Z",
            "yes_price": 23,
            "no_price": 77,
            "taker_side": "no"
        },
        {
            "trade_id": "73a40d0c-4bb7-4bad-83ff-57d8184d1cc1",
            "ticker": "KXHIGHDEN-25JAN29-B46.5",
            "count": 1,
            "created_time": "2025-01-29T18:21:41.54426Z",
            "yes_price": 25,
            "no_price": 75,
            "taker_side": "yes"
        },
        {
            "trade_id": "339fccfa-4bb2-45f2-a574-1e767fc1be12",
            "ticker": "KXHIGHDEN-25JAN29-B46.5",
            "count": 1,
            "created_time": "2025-01-29T18:21:41.54426Z",
            "yes_price": 25,
            "no_price": 75,
            "taker_side": "yes"
        },
        {
            "trade_id": "2a97f5fb-d96d-428e-a7ca-8cb502cbc560",
            "ticker": "KXHIGHDEN-25JAN29-B46.5",
            "count": 2,
            "created_time": "2025-01-29T18:21:41.54426Z",
            "yes_price": 25,
            "no_price": 75,
            "taker_side": "yes"
        },
        {
            "trade_id": "5268c5cf-1e36-4038-8e8e-26b3037d5d51",
            "ticker": "KXHIGHDEN-25JAN29-B46.5",
            "count": 218,
            "created_time": "2025-01-29T18:18:47.675479Z",
            "yes_price": 25,
            "no_price": 75,
            "taker_side": "no"
        },
        {
            "trade_id": "2a4101b6-a4e8-4335-8c47-26d122419336",
            "ticker": "KXHIGHDEN-25JAN29-B46.5",
            "count": 21,
            "created_time": "2025-01-29T18:18:47.675479Z",
            "yes_price": 25,
            "no_price": 75,
            "taker_side": "no"
        },
        {
            "trade_id": "bdee080e-9bf5-45c7-9034-bff6ddac99f2",
            "ticker": "KXHIGHDEN-25JAN29-B46.5",
            "count": 537,
            "created_time": "2025-01-29T18:15:31.965509Z",
            "yes_price": 25,
            "no_price": 75,
            "taker_side": "no"
        },
        {
            "trade_id": "fff3d42a-74bb-48ee-a3a4-6631f5dc33d0",
            "ticker": "KXHIGHDEN-25JAN29-B46.5",
            "count": 15,
            "created_time": "2025-01-29T18:09:15.126694Z",
            "yes_price": 25,
            "no_price": 75,
            "taker_side": "no"
        },
        {
            "trade_id": "d5854eea-9829-47b3-a8d1-601cacbd116e",
            "ticker": "KXHIGHDEN-25JAN29-B46.5",
            "count": 15,
            "created_time": "2025-01-29T18:04:49.102266Z",
            "yes_price": 25,
            "no_price": 75,
            "taker_side": "yes"
        },
        {
            "trade_id": "c4948914-1267-47b7-a114-713f309ea28b",
            "ticker": "KXHIGHDEN-25JAN29-B46.5",
            "count": 6,
            "created_time": "2025-01-29T18:04:49.102266Z",
            "yes_price": 25,
            "no_price": 75,
            "taker_side": "yes"
        },
        {
            "trade_id": "9729d0dc-c2dd-4597-a819-a668ecca96da",
            "ticker": "KXHIGHDEN-25JAN29-B46.5",
            "count": 6,
            "created_time": "2025-01-29T18:04:49.102266Z",
            "yes_price": 25,
            "no_price": 75,
            "taker_side": "yes"
        },
        {
            "trade_id": "862afb7c-00b1-48db-823c-3fc4990d5a1e",
            "ticker": "KXHIGHDEN-25JAN29-B46.5",
            "count": 153,
            "created_time": "2025-01-29T18:04:49.102266Z",
            "yes_price": 25,
            "no_price": 75,
            "taker_side": "yes"
        },
        {
            "trade_id": "42658df2-0912-4de1-b4eb-9855c2aa8951",
            "ticker": "KXHIGHDEN-25JAN29-B46.5",
            "count": 50,
            "created_time": "2025-01-29T18:04:49.102266Z",
            "yes_price": 25,
            "no_price": 75,
            "taker_side": "yes"
        },
        {
            "trade_id": "657ab548-8a0b-4e61-8651-f36823d4885c",
            "ticker": "KXHIGHDEN-25JAN29-B46.5",
            "count": 44,
            "created_time": "2025-01-29T17:56:44.555653Z",
            "yes_price": 21,
            "no_price": 79,
            "taker_side": "no"
        },
        {
            "trade_id": "f2e659ea-3142-4114-9bee-a593dd199bad",
            "ticker": "KXHIGHDEN-25JAN29-B46.5",
            "count": 150,
            "created_time": "2025-01-29T17:54:11.991524Z",
            "yes_price": 21,
            "no_price": 79,
            "taker_side": "no"
        },
        {
            "trade_id": "bd0d71ea-8948-4dad-b951-42a7eb6c5646",
            "ticker": "KXHIGHDEN-25JAN29-B46.5",
            "count": 50,
            "created_time": "2025-01-29T17:37:31.410824Z",
            "yes_price": 22,
            "no_price": 78,
            "taker_side": "no"
        },
        {
            "trade_id": "ae7562bc-dd87-4106-8ba9-3e5c0fbb4b15",
            "ticker": "KXHIGHDEN-25JAN29-B46.5",
            "count": 50,
            "created_time": "2025-01-29T17:37:31.410824Z",
            "yes_price": 22,
            "no_price": 78,
            "taker_side": "no"
        },
        {
            "trade_id": "fe29e8ab-581f-4312-8b2a-043021518ac1",
            "ticker": "KXHIGHDEN-25JAN29-B46.5",
            "count": 3,
            "created_time": "2025-01-29T17:25:45.570066Z",
            "yes_price": 22,
            "no_price": 78,
            "taker_side": "no"
        },
        {
            "trade_id": "ea022116-19aa-4a18-9afc-2c23142da545",
            "ticker": "KXHIGHDEN-25JAN29-B46.5",
            "count": 23,
            "created_time": "2025-01-29T17:23:35.308007Z",
            "yes_price": 19,
            "no_price": 81,
            "taker_side": "yes"
        },
        {
            "trade_id": "54a6b4bf-df8d-4f12-b68e-658d125b5cdb",
            "ticker": "KXHIGHDEN-25JAN29-B46.5",
            "count": 98,
            "created_time": "2025-01-29T17:23:35.308007Z",
            "yes_price": 21,
            "no_price": 79,
            "taker_side": "yes"
        },
        {
            "trade_id": "04b46c48-2fa7-4d9a-adfb-0134089b658c",
            "ticker": "KXHIGHDEN-25JAN29-B46.5",
            "count": 151,
            "created_time": "2025-01-29T17:23:35.308007Z",
            "yes_price": 21,
            "no_price": 79,
            "taker_side": "yes"
        },
        {
            "trade_id": "7de8ac27-67ad-40c9-9ecb-3895b3b2ef69",
            "ticker": "KXHIGHDEN-25JAN29-B46.5",
            "count": 9,
            "created_time": "2025-01-29T17:01:32.290454Z",
            "yes_price": 20,
            "no_price": 80,
            "taker_side": "yes"
        },
        {
            "trade_id": "8ed4ce7c-5b73-4139-81c9-c0677a885709",
            "ticker": "KXHIGHDEN-25JAN29-B46.5",
            "count": 23,
            "created_time": "2025-01-29T16:59:46.560278Z",
            "yes_price": 13,
            "no_price": 87,
            "taker_side": "no"
        },
        {
            "trade_id": "7ac2fa08-fbb7-4493-b0f8-61d241caa9ea",
            "ticker": "KXHIGHDEN-25JAN29-B46.5",
            "count": 15,
            "created_time": "2025-01-29T16:59:46.560278Z",
            "yes_price": 14,
            "no_price": 86,
            "taker_side": "no"
        },
        {
            "trade_id": "fc08ee6c-e66e-4f10-9a1d-662948964310",
            "ticker": "KXHIGHDEN-25JAN29-B46.5",
            "count": 23,
            "created_time": "2025-01-29T16:56:34.170135Z",
            "yes_price": 14,
            "no_price": 86,
            "taker_side": "no"
        },
        {
            "trade_id": "7b60731d-0c2f-47a9-a2bd-c94d78d583ee",
            "ticker": "KXHIGHDEN-25JAN29-B46.5",
            "count": 5,
            "created_time": "2025-01-29T16:56:34.170135Z",
            "yes_price": 18,
            "no_price": 82,
            "taker_side": "no"
        },
        {
            "trade_id": "6c1510b2-3924-4f91-a3ad-35b9749e1cff",
            "ticker": "KXHIGHDEN-25JAN29-B46.5",
            "count": 3,
            "created_time": "2025-01-29T16:54:00.539161Z",
            "yes_price": 18,
            "no_price": 82,
            "taker_side": "no"
        },
        {
            "trade_id": "74c66c7a-dc2d-484f-8103-697d6da44361",
            "ticker": "KXHIGHDEN-25JAN29-B46.5",
            "count": 2,
            "created_time": "2025-01-29T16:51:02.736977Z",
            "yes_price": 21,
            "no_price": 79,
            "taker_side": "yes"
        },
        {
            "trade_id": "da155529-8b74-4d41-9087-7f6816be382e",
            "ticker": "KXHIGHDEN-25JAN29-B46.5",
            "count": 50,
            "created_time": "2025-01-29T16:41:16.834711Z",
            "yes_price": 22,
            "no_price": 78,
            "taker_side": "no"
        },
        {
            "trade_id": "b4687e52-e809-4d31-b328-71ff07960193",
            "ticker": "KXHIGHDEN-25JAN29-B46.5",
            "count": 25,
            "created_time": "2025-01-29T16:41:16.834711Z",
            "yes_price": 24,
            "no_price": 76,
            "taker_side": "no"
        },
        {
            "trade_id": "2c04067f-0c55-47d0-a26b-d3da59b294e7",
            "ticker": "KXHIGHDEN-25JAN29-B46.5",
            "count": 115,
            "created_time": "2025-01-29T16:41:16.834711Z",
            "yes_price": 21,
            "no_price": 79,
            "taker_side": "no"
        },
        {
            "trade_id": "669dfdd3-4dca-40ca-b879-9291d64761d2",
            "ticker": "KXHIGHDEN-25JAN29-B46.5",
            "count": 3,
            "created_time": "2025-01-29T16:20:07.350066Z",
            "yes_price": 25,
            "no_price": 75,
            "taker_side": "yes"
        },
        {
            "trade_id": "b0f20fb8-c706-4ce4-a1c5-975951d0f639",
            "ticker": "KXHIGHDEN-25JAN29-B46.5",
            "count": 2,
            "created_time": "2025-01-29T15:53:44.356024Z",
            "yes_price": 28,
            "no_price": 72,
            "taker_side": "yes"
        },
        {
            "trade_id": "8d86b4bc-794e-4671-98b2-567f38e38c1d",
            "ticker": "KXHIGHDEN-25JAN29-B46.5",
            "count": 6,
            "created_time": "2025-01-29T15:53:44.356024Z",
            "yes_price": 28,
            "no_price": 72,
            "taker_side": "yes"
        },
        {
            "trade_id": "2578581d-a63f-448e-95a2-463c0dec6dea",
            "ticker": "KXHIGHDEN-25JAN29-B46.5",
            "count": 6,
            "created_time": "2025-01-29T15:53:44.356024Z",
            "yes_price": 28,
            "no_price": 72,
            "taker_side": "yes"
        },
        {
            "trade_id": "dd819b78-1ef8-4918-b310-dc06f89496ce",
            "ticker": "KXHIGHDEN-25JAN29-B46.5",
            "count": 38,
            "created_time": "2025-01-29T15:44:47.464432Z",
            "yes_price": 30,
            "no_price": 70,
            "taker_side": "yes"
        },
        {
            "trade_id": "c0094ee6-134b-4131-90a7-311b31cf4df5",
            "ticker": "KXHIGHDEN-25JAN29-B46.5",
            "count": 14,
            "created_time": "2025-01-29T15:44:47.464432Z",
            "yes_price": 27,
            "no_price": 73,
            "taker_side": "yes"
        },
        {
            "trade_id": "a01d14a2-5068-435d-bc01-adcc9fe97220",
            "ticker": "KXHIGHDEN-25JAN29-B46.5",
            "count": 14,
            "created_time": "2025-01-29T15:44:47.464432Z",
            "yes_price": 27,
            "no_price": 73,
            "taker_side": "yes"
        },
        {
            "trade_id": "f59f17cf-f2d8-485d-ac03-1bf5ea6c87ac",
            "ticker": "KXHIGHDEN-25JAN29-B46.5",
            "count": 6,
