{
    "KXHIGHDEN-25MAR17-T68": [
        {
            "trade_id": "07190bf5-6f50-42b9-82ee-bd3889b032e1",
            "ticker": "KXHIGHDEN-25MAR17-T68",
            "count": 1,
            "created_time": "2025-03-17T19:15:08.565114Z",
            "yes_price": 1,
            "no_price": 99,
            "taker_side": "yes"
        },
        {
            "trade_id": "f8f63eeb-ab16-40b5-ae4e-47f5d5d71ec0",
            "ticker": "KXHIGHDEN-25MAR17-T68",
            "count": 2899,
            "created_time": "2025-03-17T19:09:17.328807Z",
            "yes_price": 1,
            "no_price": 99,
            "taker_side": "yes"
        },
        {
            "trade_id": "b959c12b-49aa-46ea-ba62-4bfb3c4f6bdf",
            "ticker": "KXHIGHDEN-25MAR17-T68",
            "count": 1933,
            "created_time": "2025-03-17T19:05:32.011726Z",
            "yes_price": 1,
            "no_price": 99,
            "taker_side": "yes"
        },
        {
            "trade_id": "7e36ea60-e684-40d9-95ca-25b446d61004",
            "ticker": "KXHIGHDEN-25MAR17-T68",
            "count": 426,
            "created_time": "2025-03-17T18:58:20.414325Z",
            "yes_price": 1,
            "no_price": 99,
            "taker_side": "yes"
        },
        {
            "trade_id": "58663e8d-cb74-4639-9a7a-d1354d62130b",
            "ticker": "KXHIGHDEN-25MAR17-T68",
            "count": 340,
            "created_time": "2025-03-17T18:58:20.414325Z",
            "yes_price": 1,
            "no_price": 99,
            "taker_side": "yes"
        },
        {
            "trade_id": "0ade4065-6ba0-43bb-b537-8eb25bf0c7b0",
            "ticker": "KXHIGHDEN-25MAR17-T68",
            "count": 200,
            "created_time": "2025-03-17T18:58:20.414325Z",
            "yes_price": 1,
            "no_price": 99,
            "taker_side": "yes"
        },
        {
            "trade_id": "be655ace-8643-4b82-8ae1-009114c27d16",
            "ticker": "KXHIGHDEN-25MAR17-T68",
            "count": 20,
            "created_time": "2025-03-17T14:47:52.802923Z",
            "yes_price": 1,
            "no_price": 99,
            "taker_side": "yes"
        },
        {
            "trade_id": "8af51499-be16-4235-8654-d90843ad5984",
            "ticker": "KXHIGHDEN-25MAR17-T68",
            "count": 460,
            "created_time": "2025-03-17T14:47:52.802923Z",
            "yes_price": 1,
            "no_price": 99,
            "taker_side": "yes"
        },
        {
            "trade_id": "c98731af-6664-42a9-9d78-49b15622175f",
            "ticker": "KXHIGHDEN-25MAR17-T68",
            "count": 230,
            "created_time": "2025-03-17T13:51:25.88502Z",
            "yes_price": 1,
            "no_price": 99,
            "taker_side": "yes"
        },
        {
            "trade_id": "0c812ebd-20f2-4783-b943-3e09b9cf9d62",
            "ticker": "KXHIGHDEN-25MAR17-T68",
            "count": 154,
            "created_time": "2025-03-17T13:51:25.88502Z",
            "yes_price": 1,
            "no_price": 99,
            "taker_side": "yes"
        },
        {
            "trade_id": "d5127e7a-be7b-42f8-8bc9-c142b5ec0de1",
            "ticker": "KXHIGHDEN-25MAR17-T68",
            "count": 96,
            "created_time": "2025-03-17T13:44:55.456847Z",
            "yes_price": 1,
            "no_price": 99,
            "taker_side": "yes"
        },
        {
            "trade_id": "7ceeef10-2530-4718-8296-f45c6d078a73",
            "ticker": "KXHIGHDEN-25MAR17-T68",
            "count": 500,
            "created_time": "2025-03-17T03:19:28.818929Z",
            "yes_price": 1,
            "no_price": 99,
            "taker_side": "no"
        }
    ],
    "KXHIGHDEN-25MAR17-B68.5": [
        {
            "trade_id": "2a438983-0f7a-4b65-b4da-c9fe9f3b3fab",
            "ticker": "KXHIGHDEN-25MAR17-B68.5",
            "count": 4832,
            "created_time": "2025-03-17T20:42:01.751194Z",
            "yes_price": 1,
            "no_price": 99,
            "taker_side": "yes"
        },
        {
            "trade_id": "8ad06464-9bf5-421f-bb52-13bc66c419f3",
            "ticker": "KXHIGHDEN-25MAR17-B68.5",
            "count": 2899,
            "created_time": "2025-03-17T19:43:51.708208Z",
            "yes_price": 1,
            "no_price": 99,
            "taker_side": "yes"
        },
        {
            "trade_id": "429cf465-8976-4171-98cd-1f3670061cb0",
            "ticker": "KXHIGHDEN-25MAR17-B68.5",
            "count": 1933,
            "created_time": "2025-03-17T19:09:38.030079Z",
            "yes_price": 1,
            "no_price": 99,
            "taker_side": "yes"
        },
        {
            "trade_id": "af3258ac-8f2e-449f-8473-77db50288eb0",
            "ticker": "KXHIGHDEN-25MAR17-B68.5",
            "count": 163,
            "created_time": "2025-03-17T19:09:02.275233Z",
            "yes_price": 1,
            "no_price": 99,
            "taker_side": "yes"
        },
        {
            "trade_id": "0290df07-a625-4e73-b8f5-4875931f45dc",
            "ticker": "KXHIGHDEN-25MAR17-B68.5",
            "count": 1768,
            "created_time": "2025-03-17T19:09:02.275233Z",
            "yes_price": 1,
            "no_price": 99,
            "taker_side": "yes"
        },
        {
            "trade_id": "b4a9dfd4-1218-49b3-a1e7-cd71185fa0cd",
            "ticker": "KXHIGHDEN-25MAR17-B68.5",
            "count": 1933,
            "created_time": "2025-03-17T19:05:41.07804Z",
            "yes_price": 1,
            "no_price": 99,
            "taker_side": "yes"
        },
        {
            "trade_id": "73649e70-b34a-4789-9cfa-38ba94e5d08b",
            "ticker": "KXHIGHDEN-25MAR17-B68.5",
            "count": 966,
            "created_time": "2025-03-17T18:58:32.318415Z",
            "yes_price": 1,
            "no_price": 99,
            "taker_side": "yes"
        },
        {
            "trade_id": "55af48a2-74d1-44d1-b95f-8f67789ed0a3",
            "ticker": "KXHIGHDEN-25MAR17-B68.5",
            "count": 4832,
            "created_time": "2025-03-17T18:55:45.238398Z",
            "yes_price": 1,
            "no_price": 99,
            "taker_side": "yes"
        },
        {
            "trade_id": "b032fecf-36df-4536-b0f8-8284254f9699",
            "ticker": "KXHIGHDEN-25MAR17-B68.5",
            "count": 1,
            "created_time": "2025-03-17T18:31:54.579639Z",
            "yes_price": 1,
            "no_price": 99,
            "taker_side": "yes"
        },
        {
            "trade_id": "b44110e1-5089-42cc-b704-a409739e9ca1",
            "ticker": "KXHIGHDEN-25MAR17-B68.5",
            "count": 448,
            "created_time": "2025-03-17T18:16:30.342176Z",
            "yes_price": 3,
            "no_price": 97,
            "taker_side": "no"
        },
        {
            "trade_id": "f99deaa8-b9c5-480e-926f-743e975f7f21",
            "ticker": "KXHIGHDEN-25MAR17-B68.5",
            "count": 52,
            "created_time": "2025-03-17T18:16:29.194392Z",
            "yes_price": 3,
            "no_price": 97,
            "taker_side": "no"
        },
        {
            "trade_id": "e5a1abb3-ef2c-4592-87c9-54547d546b09",
            "ticker": "KXHIGHDEN-25MAR17-B68.5",
            "count": 100,
            "created_time": "2025-03-17T18:12:10.920724Z",
            "yes_price": 3,
            "no_price": 97,
            "taker_side": "no"
        },
        {
            "trade_id": "fee03d9b-c85e-434c-906e-5ac470727180",
            "ticker": "KXHIGHDEN-25MAR17-B68.5",
            "count": 300,
            "created_time": "2025-03-17T18:07:24.417138Z",
            "yes_price": 3,
            "no_price": 97,
            "taker_side": "yes"
        },
        {
            "trade_id": "c7029c86-486b-4d26-a879-ff8f74a7b7ac",
            "ticker": "KXHIGHDEN-25MAR17-B68.5",
            "count": 10,
            "created_time": "2025-03-17T18:05:38.914663Z",
            "yes_price": 2,
            "no_price": 98,
            "taker_side": "no"
        },
        {
            "trade_id": "35fbfa68-2f7b-48e9-be4b-e0a309756116",
            "ticker": "KXHIGHDEN-25MAR17-B68.5",
            "count": 85,
            "created_time": "2025-03-17T18:04:36.367721Z",
            "yes_price": 2,
            "no_price": 98,
            "taker_side": "no"
        },
        {
            "trade_id": "ef45554a-db97-48e1-b935-14503764435c",
            "ticker": "KXHIGHDEN-25MAR17-B68.5",
            "count": 13,
            "created_time": "2025-03-17T17:46:59.853552Z",
            "yes_price": 2,
            "no_price": 98,
            "taker_side": "no"
        },
        {
            "trade_id": "a1a2bdbc-efbd-4550-b95a-d70b4aecb761",
            "ticker": "KXHIGHDEN-25MAR17-B68.5",
            "count": 18,
            "created_time": "2025-03-17T17:46:45.774358Z",
            "yes_price": 2,
            "no_price": 98,
            "taker_side": "no"
        },
        {
            "trade_id": "ab70a81e-6fa8-4942-890f-bd45559678d5",
            "ticker": "KXHIGHDEN-25MAR17-B68.5",
            "count": 100,
            "created_time": "2025-03-17T17:34:09.710212Z",
            "yes_price": 2,
            "no_price": 98,
            "taker_side": "no"
        },
        {
            "trade_id": "95ff2535-178a-448b-b038-9a1031dc802c",
            "ticker": "KXHIGHDEN-25MAR17-B68.5",
            "count": 9,
            "created_time": "2025-03-17T17:28:06.168606Z",
            "yes_price": 2,
            "no_price": 98,
            "taker_side": "no"
        },
        {
            "trade_id": "1c9d338d-82cd-4e58-b495-35b7d94907a0",
            "ticker": "KXHIGHDEN-25MAR17-B68.5",
            "count": 200,
            "created_time": "2025-03-17T17:16:46.886819Z",
            "yes_price": 1,
            "no_price": 99,
            "taker_side": "yes"
        },
        {
            "trade_id": "fb5cb4f5-db4d-4268-958d-33ac8e2b7d10",
            "ticker": "KXHIGHDEN-25MAR17-B68.5",
            "count": 265,
            "created_time": "2025-03-17T13:39:54.548598Z",
            "yes_price": 2,
            "no_price": 98,
            "taker_side": "no"
        },
        {
            "trade_id": "348b5b74-8f7d-457f-af88-7894daad559e",
            "ticker": "KXHIGHDEN-25MAR17-B68.5",
            "count": 35,
            "created_time": "2025-03-17T12:55:53.503297Z",
            "yes_price": 2,
            "no_price": 98,
            "taker_side": "no"
        },
        {
            "trade_id": "8edf6133-df3e-4f2b-96dd-cb64a3a13e0a",
            "ticker": "KXHIGHDEN-25MAR17-B68.5",
            "count": 15,
            "created_time": "2025-03-17T12:53:22.724577Z",
            "yes_price": 3,
            "no_price": 97,
            "taker_side": "no"
        },
        {
            "trade_id": "b81a5f15-8c84-40fc-9618-5d3d30f0d31a",
            "ticker": "KXHIGHDEN-25MAR17-B68.5",
            "count": 100,
            "created_time": "2025-03-17T12:33:27.39541Z",
            "yes_price": 3,
            "no_price": 97,
            "taker_side": "no"
        },
        {
            "trade_id": "8b424a95-9323-47a7-9904-d8e01eb6629f",
            "ticker": "KXHIGHDEN-25MAR17-B68.5",
            "count": 35,
            "created_time": "2025-03-17T06:58:14.689306Z",
            "yes_price": 3,
            "no_price": 97,
            "taker_side": "no"
        },
        {
            "trade_id": "1d43d710-dc39-4f78-a28e-daea7f2d0a6b",
            "ticker": "KXHIGHDEN-25MAR17-B68.5",
            "count": 50,
            "created_time": "2025-03-17T05:03:13.387158Z",
            "yes_price": 3,
            "no_price": 97,
            "taker_side": "no"
        },
        {
            "trade_id": "d6c2af53-02fc-461f-98ca-f00c8060644d",
            "ticker": "KXHIGHDEN-25MAR17-B68.5",
            "count": 1,
            "created_time": "2025-03-17T04:20:02.636342Z",
            "yes_price": 4,
            "no_price": 96,
            "taker_side": "yes"
        },
        {
            "trade_id": "99dd8382-d49a-4eaf-9816-2840ea4c54e5",
            "ticker": "KXHIGHDEN-25MAR17-B68.5",
            "count": 1,
            "created_time": "2025-03-17T04:20:02.636342Z",
            "yes_price": 4,
            "no_price": 96,
            "taker_side": "yes"
        },
        {
            "trade_id": "ef13a599-1dea-4e08-ba83-c2784f89a2b9",
            "ticker": "KXHIGHDEN-25MAR17-B68.5",
            "count": 1,
            "created_time": "2025-03-17T04:16:02.665463Z",
            "yes_price": 4,
            "no_price": 96,
            "taker_side": "yes"
        },
        {
            "trade_id": "d91ba660-4cfa-49c0-8eb5-9aac2d2b1b65",
            "ticker": "KXHIGHDEN-25MAR17-B68.5",
            "count": 20,
            "created_time": "2025-03-17T02:16:25.064913Z",
            "yes_price": 9,
            "no_price": 91,
            "taker_side": "yes"
        }
    ],
    "KXHIGHDEN-25MAR17-B70.5": [
        {
            "trade_id": "4747e047-0213-4751-8b62-667855fbf3af",
            "ticker": "KXHIGHDEN-25MAR17-B70.5",
            "count": 521,
            "created_time": "2025-03-17T20:52:59.057124Z",
            "yes_price": 1,
            "no_price": 99,
            "taker_side": "yes"
        },
        {
            "trade_id": "4797d17a-901b-496f-bc61-e8def017df76",
            "ticker": "KXHIGHDEN-25MAR17-B70.5",
            "count": 500,
            "created_time": "2025-03-17T19:59:47.399635Z",
            "yes_price": 1,
            "no_price": 99,
            "taker_side": "yes"
        },
        {
            "trade_id": "04a0d339-a3f7-4723-ba27-a3d4c142c8df",
            "ticker": "KXHIGHDEN-25MAR17-B70.5",
            "count": 17,
            "created_time": "2025-03-17T19:46:00.718791Z",
            "yes_price": 1,
            "no_price": 99,
            "taker_side": "yes"
        },
        {
            "trade_id": "f7c4411e-76d2-4dc7-8762-47726ff05db3",
            "ticker": "KXHIGHDEN-25MAR17-B70.5",
            "count": 51,
            "created_time": "2025-03-17T19:43:22.926491Z",
            "yes_price": 1,
            "no_price": 99,
            "taker_side": "yes"
        },
        {
            "trade_id": "dd88b0ee-1b2c-4948-91ab-b6a1f94a90ae",
            "ticker": "KXHIGHDEN-25MAR17-B70.5",
            "count": 100,
            "created_time": "2025-03-17T19:43:22.926491Z",
            "yes_price": 10,
            "no_price": 90,
            "taker_side": "yes"
        },
        {
            "trade_id": "d3142533-3da4-4698-8bd5-cc7c9a6688b8",
            "ticker": "KXHIGHDEN-25MAR17-B70.5",
            "count": 511,
            "created_time": "2025-03-17T19:43:22.926491Z",
            "yes_price": 1,
            "no_price": 99,
            "taker_side": "yes"
        },
        {
            "trade_id": "7ab9e899-039e-4ae4-8cb5-9acb95296c91",
            "ticker": "KXHIGHDEN-25MAR17-B70.5",
            "count": 150,
            "created_time": "2025-03-17T19:43:22.926491Z",
            "yes_price": 5,
            "no_price": 95,
            "taker_side": "yes"
        },
        {
            "trade_id": "26aed4b5-e19b-4688-a944-1e24553d02c3",
            "ticker": "KXHIGHDEN-25MAR17-B70.5",
            "count": 2500,
            "created_time": "2025-03-17T19:43:22.926491Z",
            "yes_price": 1,
            "no_price": 99,
            "taker_side": "yes"
        },
        {
            "trade_id": "19c82c14-8a5b-405c-a5f3-5a5d62a5bdeb",
            "ticker": "KXHIGHDEN-25MAR17-B70.5",
            "count": 1,
            "created_time": "2025-03-17T19:43:22.926491Z",
            "yes_price": 22,
            "no_price": 78,
            "taker_side": "yes"
        },
        {
            "trade_id": "f852cbd2-b268-450d-8a5e-e5172471fce2",
            "ticker": "KXHIGHDEN-25MAR17-B70.5",
            "count": 288,
            "created_time": "2025-03-17T19:09:46.948774Z",
            "yes_price": 1,
            "no_price": 99,
            "taker_side": "yes"
        },
        {
            "trade_id": "ba3ec651-21d9-4dc0-9e90-2190514a21e3",
            "ticker": "KXHIGHDEN-25MAR17-B70.5",
            "count": 1645,
            "created_time": "2025-03-17T19:09:46.948774Z",
            "yes_price": 1,
            "no_price": 99,
            "taker_side": "yes"
        },
        {
            "trade_id": "c7236967-b02f-4f25-ab41-c7cf670df18b",
            "ticker": "KXHIGHDEN-25MAR17-B70.5",
            "count": 1070,
            "created_time": "2025-03-17T19:08:52.837034Z",
            "yes_price": 1,
            "no_price": 99,
            "taker_side": "yes"
        },
        {
            "trade_id": "ab85c3f8-ede1-483d-9220-99fe13a5736b",
            "ticker": "KXHIGHDEN-25MAR17-B70.5",
            "count": 855,
            "created_time": "2025-03-17T19:08:52.837034Z",
            "yes_price": 1,
            "no_price": 99,
            "taker_side": "yes"
        },
        {
            "trade_id": "688fbcf6-e60a-4363-ae39-65add0a23bbf",
            "ticker": "KXHIGHDEN-25MAR17-B70.5",
            "count": 1,
            "created_time": "2025-03-17T19:08:52.837034Z",
            "yes_price": 1,
            "no_price": 99,
            "taker_side": "yes"
        },
        {
            "trade_id": "105107ca-a968-472d-a0b2-e0a6afdcbb75",
            "ticker": "KXHIGHDEN-25MAR17-B70.5",
            "count": 1933,
            "created_time": "2025-03-17T19:05:48.896439Z",
            "yes_price": 1,
            "no_price": 99,
            "taker_side": "yes"
        },
        {
            "trade_id": "10bd72fb-cc09-492a-a5f6-ff6d5bea8430",
            "ticker": "KXHIGHDEN-25MAR17-B70.5",
            "count": 966,
            "created_time": "2025-03-17T18:59:25.187792Z",
            "yes_price": 1,
            "no_price": 99,
            "taker_side": "yes"
        },
        {
            "trade_id": "af559f65-4a46-4dc5-ba2e-a54414e66fbf",
            "ticker": "KXHIGHDEN-25MAR17-B70.5",
            "count": 5531,
            "created_time": "2025-03-17T18:50:13.983507Z",
            "yes_price": 1,
            "no_price": 99,
            "taker_side": "yes"
        },
        {
            "trade_id": "5db39f6b-6409-4b04-968f-2849a854173f",
            "ticker": "KXHIGHDEN-25MAR17-B70.5",
            "count": 4104,
            "created_time": "2025-03-17T18:50:13.983507Z",
            "yes_price": 1,
            "no_price": 99,
            "taker_side": "yes"
        },
        {
            "trade_id": "d803178d-e4a7-4d67-9068-adf2143df1c1",
            "ticker": "KXHIGHDEN-25MAR17-B70.5",
            "count": 40,
            "created_time": "2025-03-17T18:50:11.776714Z",
            "yes_price": 1,
            "no_price": 99,
            "taker_side": "yes"
        },
        {
            "trade_id": "c2a7c484-e3d1-4586-b327-a53b412070ce",
            "ticker": "KXHIGHDEN-25MAR17-B70.5",
            "count": 40,
            "created_time": "2025-03-17T18:45:13.697484Z",
            "yes_price": 1,
            "no_price": 99,
            "taker_side": "yes"
        },
        {
            "trade_id": "36666f1f-f565-4548-9265-1127cfeb4977",
            "ticker": "KXHIGHDEN-25MAR17-B70.5",
            "count": 111,
            "created_time": "2025-03-17T18:43:09.243363Z",
            "yes_price": 1,
            "no_price": 99,
            "taker_side": "yes"
        },
        {
            "trade_id": "113745d0-028a-4f67-905c-e9850daeb507",
            "ticker": "KXHIGHDEN-25MAR17-B70.5",
            "count": 9665,
            "created_time": "2025-03-17T18:42:53.338242Z",
            "yes_price": 1,
            "no_price": 99,
            "taker_side": "yes"
        },
        {
            "trade_id": "211773e8-1ff9-4474-a4e4-cc8d2040a203",
            "ticker": "KXHIGHDEN-25MAR17-B70.5",
            "count": 40,
            "created_time": "2025-03-17T18:42:08.507863Z",
            "yes_price": 1,
            "no_price": 99,
            "taker_side": "no"
        },
        {
            "trade_id": "f333340e-f6ae-4054-bcfd-3e6a85865e9b",
            "ticker": "KXHIGHDEN-25MAR17-B70.5",
            "count": 300,
            "created_time": "2025-03-17T18:36:17.647188Z",
            "yes_price": 2,
            "no_price": 98,
            "taker_side": "no"
        },
        {
            "trade_id": "b5839649-09bb-45ea-9510-62c1d79c1a9c",
            "ticker": "KXHIGHDEN-25MAR17-B70.5",
            "count": 129,
            "created_time": "2025-03-17T18:35:34.552911Z",
            "yes_price": 4,
            "no_price": 96,
            "taker_side": "no"
        },
        {
            "trade_id": "445af6ac-5d3c-469a-b05c-2481927851a5",
            "ticker": "KXHIGHDEN-25MAR17-B70.5",
            "count": 71,
            "created_time": "2025-03-17T18:35:34.552911Z",
            "yes_price": 2,
            "no_price": 98,
            "taker_side": "no"
        },
        {
            "trade_id": "dc74745b-cf87-4b02-a87b-afca280335fb",
            "ticker": "KXHIGHDEN-25MAR17-B70.5",
            "count": 111,
            "created_time": "2025-03-17T18:35:25.175028Z",
            "yes_price": 4,
            "no_price": 96,
            "taker_side": "no"
        },
        {
            "trade_id": "04160ef4-9346-4430-b079-b101b80d0460",
            "ticker": "KXHIGHDEN-25MAR17-B70.5",
            "count": 153,
            "created_time": "2025-03-17T18:30:49.106813Z",
            "yes_price": 5,
            "no_price": 95,
            "taker_side": "no"
        },
        {
            "trade_id": "6db47ae0-893c-42b3-a08b-1e7df46714e7",
            "ticker": "KXHIGHDEN-25MAR17-B70.5",
            "count": 18,
            "created_time": "2025-03-17T18:30:40.209926Z",
            "yes_price": 5,
            "no_price": 95,
            "taker_side": "no"
        },
        {
            "trade_id": "1735fdb6-3bb8-41ff-8c8b-b2936a06950e",
            "ticker": "KXHIGHDEN-25MAR17-B70.5",
            "count": 10,
            "created_time": "2025-03-17T18:30:14.676238Z",
            "yes_price": 4,
            "no_price": 96,
            "taker_side": "no"
        },
        {
            "trade_id": "6cee4cd0-261c-4913-bf7d-d2d626fad13a",
            "ticker": "KXHIGHDEN-25MAR17-B70.5",
            "count": 4,
            "created_time": "2025-03-17T18:27:51.710053Z",
            "yes_price": 5,
            "no_price": 95,
            "taker_side": "no"
        },
        {
            "trade_id": "91b8d209-cc5c-4a30-95a1-983c691b2585",
            "ticker": "KXHIGHDEN-25MAR17-B70.5",
            "count": 26,
            "created_time": "2025-03-17T18:27:51.152053Z",
            "yes_price": 5,
            "no_price": 95,
            "taker_side": "no"
        },
        {
            "trade_id": "cc64ad7c-c3f7-42cd-9aed-d180fc9504a4",
            "ticker": "KXHIGHDEN-25MAR17-B70.5",
            "count": 50,
            "created_time": "2025-03-17T18:07:38.546303Z",
            "yes_price": 16,
            "no_price": 84,
            "taker_side": "yes"
        },
        {
            "trade_id": "4ccf0713-b373-419f-a39d-19483dd41b6d",
            "ticker": "KXHIGHDEN-25MAR17-B70.5",
            "count": 100,
            "created_time": "2025-03-17T18:05:47.264342Z",
            "yes_price": 10,
            "no_price": 90,
            "taker_side": "no"
        },
        {
            "trade_id": "390adf6e-0535-4015-84cd-c8dfbfed803a",
            "ticker": "KXHIGHDEN-25MAR17-B70.5",
            "count": 50,
            "created_time": "2025-03-17T18:02:07.459968Z",
            "yes_price": 10,
            "no_price": 90,
            "taker_side": "no"
        },
        {
            "trade_id": "ed869f17-03cc-42fd-84e2-2b7c7b9d2dd5",
            "ticker": "KXHIGHDEN-25MAR17-B70.5",
            "count": 50,
            "created_time": "2025-03-17T18:01:47.233411Z",
            "yes_price": 10,
            "no_price": 90,
            "taker_side": "no"
        },
        {
            "trade_id": "e865effd-fbe1-420d-b63b-92e580545cee",
            "ticker": "KXHIGHDEN-25MAR17-B70.5",
            "count": 13,
            "created_time": "2025-03-17T17:46:59.855496Z",
            "yes_price": 7,
            "no_price": 93,
            "taker_side": "no"
        },
        {
            "trade_id": "e273c5ce-ce09-4bea-ae95-30df37157db2",
            "ticker": "KXHIGHDEN-25MAR17-B70.5",
            "count": 18,
            "created_time": "2025-03-17T17:46:45.699102Z",
            "yes_price": 26,
            "no_price": 74,
            "taker_side": "yes"
        },
        {
            "trade_id": "3f0c206c-6ea5-42d5-8e92-0222edb5e5c7",
            "ticker": "KXHIGHDEN-25MAR17-B70.5",
            "count": 9,
            "created_time": "2025-03-17T17:46:18.72993Z",
            "yes_price": 17,
            "no_price": 83,
            "taker_side": "yes"
        },
        {
            "trade_id": "2322f2da-7cb3-4029-b241-8dbcf26070bf",
            "ticker": "KXHIGHDEN-25MAR17-B70.5",
            "count": 20,
            "created_time": "2025-03-17T17:46:18.72993Z",
            "yes_price": 16,
            "no_price": 84,
            "taker_side": "yes"
        },
        {
            "trade_id": "061f5ba4-4021-4033-ad97-722df92f0451",
            "ticker": "KXHIGHDEN-25MAR17-B70.5",
            "count": 72,
            "created_time": "2025-03-17T17:35:22.364679Z",
            "yes_price": 7,
            "no_price": 93,
            "taker_side": "yes"
        },
        {
            "trade_id": "12366a9e-8678-44a4-8b90-f588dae0d0a5",
            "ticker": "KXHIGHDEN-25MAR17-B70.5",
            "count": 100,
            "created_time": "2025-03-17T17:31:24.61624Z",
            "yes_price": 6,
            "no_price": 94,
            "taker_side": "no"
        },
        {
            "trade_id": "8e49a1d1-f44b-42cd-8f66-1cea66b32886",
            "ticker": "KXHIGHDEN-25MAR17-B70.5",
            "count": 100,
            "created_time": "2025-03-17T17:31:16.113804Z",
            "yes_price": 6,
            "no_price": 94,
            "taker_side": "no"
        },
        {
            "trade_id": "71bfad32-d858-46d4-a550-9c407ec6216c",
            "ticker": "KXHIGHDEN-25MAR17-B70.5",
            "count": 100,
            "created_time": "2025-03-17T17:31:05.567565Z",
            "yes_price": 6,
            "no_price": 94,
            "taker_side": "no"
        },
        {
            "trade_id": "42d67577-0e32-4772-9af3-71a492ea4897",
            "ticker": "KXHIGHDEN-25MAR17-B70.5",
            "count": 28,
            "created_time": "2025-03-17T17:30:56.067157Z",
            "yes_price": 7,
            "no_price": 93,
            "taker_side": "no"
        },
        {
            "trade_id": "984cd30a-a926-4367-9bf3-2671e7670d7f",
            "ticker": "KXHIGHDEN-25MAR17-B70.5",
            "count": 100,
            "created_time": "2025-03-17T17:30:46.954992Z",
            "yes_price": 7,
            "no_price": 93,
            "taker_side": "no"
        },
        {
            "trade_id": "9c5bca3f-e3bc-412e-910f-1ffbe4d751f3",
            "ticker": "KXHIGHDEN-25MAR17-B70.5",
            "count": 9,
            "created_time": "2025-03-17T17:28:06.159001Z",
            "yes_price": 7,
            "no_price": 93,
            "taker_side": "no"
        },
        {
            "trade_id": "12eb4d05-5f3d-44b4-9169-625904ea0ba8",
            "ticker": "KXHIGHDEN-25MAR17-B70.5",
            "count": 2,
            "created_time": "2025-03-17T17:27:51.452134Z",
            "yes_price": 7,
            "no_price": 93,
            "taker_side": "no"
        },
        {
            "trade_id": "84008d78-7de4-46d3-b2cc-9baf5dbfe733",
            "ticker": "KXHIGHDEN-25MAR17-B70.5",
            "count": 240,
            "created_time": "2025-03-17T17:19:15.745262Z",
            "yes_price": 4,
            "no_price": 96,
            "taker_side": "yes"
        },
        {
            "trade_id": "0638ee25-ab49-41cf-b512-d4dedd2a9850",
            "ticker": "KXHIGHDEN-25MAR17-B70.5",
            "count": 19,
            "created_time": "2025-03-17T17:11:56.465219Z",
            "yes_price": 2,
            "no_price": 98,
            "taker_side": "yes"
        },
        {
            "trade_id": "20e04763-6215-4af9-aa4d-ca4e9ceb9304",
            "ticker": "KXHIGHDEN-25MAR17-B70.5",
            "count": 153,
            "created_time": "2025-03-17T17:01:44.897708Z",
            "yes_price": 1,
            "no_price": 99,
            "taker_side": "no"
        },
        {
            "trade_id": "31385042-a38c-411b-8cfb-00e85582f6a2",
            "ticker": "KXHIGHDEN-25MAR17-B70.5",
            "count": 50,
            "created_time": "2025-03-17T16:52:53.721007Z",
            "yes_price": 2,
            "no_price": 98,
            "taker_side": "yes"
        },
        {
            "trade_id": "9149c58e-fb4b-43dc-9f61-a923e2df13c8",
            "ticker": "KXHIGHDEN-25MAR17-B70.5",
            "count": 35,
            "created_time": "2025-03-17T16:50:25.545877Z",
            "yes_price": 2,
            "no_price": 98,
            "taker_side": "no"
        },
        {
            "trade_id": "af8eeefc-bda3-4158-a958-57f5049ef051",
            "ticker": "KXHIGHDEN-25MAR17-B70.5",
            "count": 200,
            "created_time": "2025-03-17T16:50:03.877643Z",
            "yes_price": 2,
            "no_price": 98,
            "taker_side": "no"
        },
        {
            "trade_id": "9ca1d5ac-d40e-4a3f-8276-3f0c8ae10ce0",
            "ticker": "KXHIGHDEN-25MAR17-B70.5",
            "count": 5,
            "created_time": "2025-03-17T16:37:44.934977Z",
            "yes_price": 2,
            "no_price": 98,
            "taker_side": "no"
        },
        {
            "trade_id": "2e5ec3e4-14d0-434e-b67b-eb9a3a1e8182",
            "ticker": "KXHIGHDEN-25MAR17-B70.5",
            "count": 10,
            "created_time": "2025-03-17T16:10:23.596623Z",
            "yes_price": 2,
            "no_price": 98,
            "taker_side": "no"
        },
        {
            "trade_id": "08027780-d504-438c-981a-5b33a066882c",
            "ticker": "KXHIGHDEN-25MAR17-B70.5",
            "count": 9,
            "created_time": "2025-03-17T16:00:26.188133Z",
            "yes_price": 2,
            "no_price": 98,
            "taker_side": "no"
        },
        {
            "trade_id": "1ca52a8f-99e8-4528-bff1-5aa81ab8ae3b",
            "ticker": "KXHIGHDEN-25MAR17-B70.5",
            "count": 11,
            "created_time": "2025-03-17T15:59:58.363144Z",
            "yes_price": 2,
            "no_price": 98,
            "taker_side": "no"
        },
        {
            "trade_id": "32e1d817-2d9e-4451-aadf-af340c566c21",
            "ticker": "KXHIGHDEN-25MAR17-B70.5",
            "count": 5,
            "created_time": "2025-03-17T15:39:10.073141Z",
            "yes_price": 2,
            "no_price": 98,
            "taker_side": "no"
        },
        {
            "trade_id": "176854c0-444d-48b0-b92d-a269c4084321",
            "ticker": "KXHIGHDEN-25MAR17-B70.5",
            "count": 10,
            "created_time": "2025-03-17T15:39:09.224675Z",
            "yes_price": 2,
            "no_price": 98,
            "taker_side": "no"
        },
        {
            "trade_id": "fc6fd84c-1501-41e2-aee0-5d2664bdd585",
            "ticker": "KXHIGHDEN-25MAR17-B70.5",
            "count": 11,
            "created_time": "2025-03-17T15:39:08.374532Z",
            "yes_price": 2,
            "no_price": 98,
            "taker_side": "no"
        },
        {
            "trade_id": "09033531-8575-456d-bc12-7c47c7759bee",
            "ticker": "KXHIGHDEN-25MAR17-B70.5",
            "count": 4,
            "created_time": "2025-03-17T15:38:57.541798Z",
            "yes_price": 2,
            "no_price": 98,
            "taker_side": "no"
        },
        {
            "trade_id": "003aa6d4-2958-4d1d-813a-eea3e557dd20",
            "ticker": "KXHIGHDEN-25MAR17-B70.5",
            "count": 103,
            "created_time": "2025-03-17T15:20:15.503944Z",
            "yes_price": 3,
            "no_price": 97,
            "taker_side": "no"
        },
        {
            "trade_id": "f2ebc30a-bb72-499f-803e-6ba4780c160c",
            "ticker": "KXHIGHDEN-25MAR17-B70.5",
            "count": 103,
            "created_time": "2025-03-17T15:18:55.684989Z",
            "yes_price": 3,
            "no_price": 97,
            "taker_side": "no"
        },
        {
            "trade_id": "822ae40c-1af7-43f4-9acf-2e7bd8269c4d",
            "ticker": "KXHIGHDEN-25MAR17-B70.5",
            "count": 10,
            "created_time": "2025-03-17T15:15:32.587016Z",
            "yes_price": 3,
            "no_price": 97,
            "taker_side": "no"
        },
        {
            "trade_id": "9f4fbf70-fc73-4729-b135-74de35366a0b",
            "ticker": "KXHIGHDEN-25MAR17-B70.5",
            "count": 8,
            "created_time": "2025-03-17T14:35:46.255992Z",
            "yes_price": 5,
            "no_price": 95,
            "taker_side": "yes"
        },
        {
            "trade_id": "6cec984e-4d83-4d32-a4ec-6000eed1d5e2",
            "ticker": "KXHIGHDEN-25MAR17-B70.5",
            "count": 10,
            "created_time": "2025-03-17T14:35:46.255992Z",
            "yes_price": 5,
            "no_price": 95,
            "taker_side": "yes"
        },
        {
            "trade_id": "078eb1ef-135b-437d-a58f-aceb1486a3de",
            "ticker": "KXHIGHDEN-25MAR17-B70.5",
            "count": 1,
            "created_time": "2025-03-17T14:35:46.255992Z",
            "yes_price": 5,
            "no_price": 95,
            "taker_side": "yes"
        },
        {
            "trade_id": "c94fe327-eb11-4893-9b91-a6ef4f49a2a7",
            "ticker": "KXHIGHDEN-25MAR17-B70.5",
            "count": 50,
            "created_time": "2025-03-17T13:41:25.672544Z",
            "yes_price": 5,
            "no_price": 95,
            "taker_side": "yes"
        },
        {
            "trade_id": "41f4c932-b780-4c8b-8cc0-d0856a28ccc6",
            "ticker": "KXHIGHDEN-25MAR17-B70.5",
            "count": 15,
            "created_time": "2025-03-17T13:41:25.672544Z",
            "yes_price": 4,
            "no_price": 96,
            "taker_side": "yes"
        },
        {
            "trade_id": "2d1d0ddb-f7ca-4b1e-bb54-03f58b36f393",
            "ticker": "KXHIGHDEN-25MAR17-B70.5",
            "count": 20,
            "created_time": "2025-03-17T13:41:25.672544Z",
            "yes_price": 4,
            "no_price": 96,
            "taker_side": "yes"
        },
        {
            "trade_id": "c0997d1a-fafd-40b6-8f25-c2a5a304203f",
            "ticker": "KXHIGHDEN-25MAR17-B70.5",
            "count": 240,
            "created_time": "2025-03-17T12:14:25.072405Z",
            "yes_price": 3,
            "no_price": 97,
            "taker_side": "no"
        },
        {
            "trade_id": "881b328f-7c31-40cf-86b1-2c0588e86434",
            "ticker": "KXHIGHDEN-25MAR17-B70.5",
            "count": 15,
            "created_time": "2025-03-17T12:14:25.072405Z",
            "yes_price": 5,
            "no_price": 95,
            "taker_side": "no"
        },
        {
            "trade_id": "807e35dc-41ba-4386-a763-25a2ea74d916",
            "ticker": "KXHIGHDEN-25MAR17-B70.5",
            "count": 15,
            "created_time": "2025-03-17T12:14:25.072405Z",
            "yes_price": 5,
            "no_price": 95,
            "taker_side": "no"
        },
        {
            "trade_id": "2c444633-bb36-4e96-ba14-a6d53cb15031",
            "ticker": "KXHIGHDEN-25MAR17-B70.5",
            "count": 40,
            "created_time": "2025-03-17T12:14:25.072405Z",
            "yes_price": 4,
            "no_price": 96,
            "taker_side": "no"
        },
        {
            "trade_id": "27739f10-c4be-43cc-b150-70600063bb46",
            "ticker": "KXHIGHDEN-25MAR17-B70.5",
            "count": 150,
            "created_time": "2025-03-17T12:14:25.072405Z",
            "yes_price": 4,
            "no_price": 96,
            "taker_side": "no"
        },
        {
            "trade_id": "2608a65c-1a6f-45fa-89b7-a7eb0b4b80b5",
            "ticker": "KXHIGHDEN-25MAR17-B70.5",
            "count": 61,
            "created_time": "2025-03-17T12:14:25.072405Z",
            "yes_price": 10,
            "no_price": 90,
            "taker_side": "no"
        },
        {
            "trade_id": "152ad346-92a6-4b88-a318-2d6b92910388",
            "ticker": "KXHIGHDEN-25MAR17-B70.5",
            "count": 56,
            "created_time": "2025-03-17T12:10:21.790736Z",
            "yes_price": 10,
            "no_price": 90,
            "taker_side": "no"
        },
        {
            "trade_id": "794be400-1ab5-4e7f-835a-8e85cbe86052",
            "ticker": "KXHIGHDEN-25MAR17-B70.5",
            "count": 1,
            "created_time": "2025-03-17T12:08:27.82752Z",
            "yes_price": 10,
            "no_price": 90,
            "taker_side": "no"
        },
        {
            "trade_id": "c2c0927f-e27e-46d7-abb2-54c9372465d1",
            "ticker": "KXHIGHDEN-25MAR17-B70.5",
            "count": 1,
            "created_time": "2025-03-17T12:08:25.736147Z",
            "yes_price": 10,
            "no_price": 90,
            "taker_side": "no"
        },
        {
            "trade_id": "a2033af7-6263-4af3-9dbe-9446bdc8d333",
            "ticker": "KXHIGHDEN-25MAR17-B70.5",
            "count": 1,
            "created_time": "2025-03-17T12:05:04.338538Z",
            "yes_price": 10,
            "no_price": 90,
            "taker_side": "no"
        },
        {
            "trade_id": "a43b471c-f131-48d5-88de-93749a191092",
            "ticker": "KXHIGHDEN-25MAR17-B70.5",
            "count": 1,
            "created_time": "2025-03-17T12:04:58.537525Z",
            "yes_price": 10,
            "no_price": 90,
            "taker_side": "no"
        },
        {
            "trade_id": "412fea76-6a9f-48b2-92f6-81edc8475d31",
            "ticker": "KXHIGHDEN-25MAR17-B70.5",
            "count": 13,
            "created_time": "2025-03-17T12:02:18.428178Z",
            "yes_price": 10,
            "no_price": 90,
            "taker_side": "no"
        },
        {
            "trade_id": "2b591160-60e8-48b4-a08d-06c94b939b7f",
            "ticker": "KXHIGHDEN-25MAR17-B70.5",
            "count": 66,
            "created_time": "2025-03-17T12:00:10.697768Z",
            "yes_price": 10,
            "no_price": 90,
            "taker_side": "no"
        },
        {
            "trade_id": "f4b1534c-74e9-4e97-b90f-c1c56fca3721",
            "ticker": "KXHIGHDEN-25MAR17-B70.5",
            "count": 2,
            "created_time": "2025-03-17T12:00:04.181119Z",
            "yes_price": 14,
            "no_price": 86,
            "taker_side": "no"
        },
        {
            "trade_id": "62708d60-8708-42e9-9dab-0f54215e421c",
            "ticker": "KXHIGHDEN-25MAR17-B70.5",
            "count": 50,
            "created_time": "2025-03-17T12:00:04.181119Z",
            "yes_price": 14,
            "no_price": 86,
            "taker_side": "no"
        },
        {
            "trade_id": "916cd05a-77ed-4b2d-879f-537669858f64",
            "ticker": "KXHIGHDEN-25MAR17-B70.5",
            "count": 42,
            "created_time": "2025-03-17T12:00:04.122339Z",
            "yes_price": 14,
            "no_price": 86,
            "taker_side": "no"
        },
        {
            "trade_id": "02dbbe8b-37ce-43eb-a0ec-a997645e007c",
            "ticker": "KXHIGHDEN-25MAR17-B70.5",
            "count": 20,
            "created_time": "2025-03-17T12:00:04.122339Z",
            "yes_price": 15,
            "no_price": 85,
            "taker_side": "no"
        },
        {
            "trade_id": "c1680e7f-cae9-4e60-9d20-544153b7d134",
            "ticker": "KXHIGHDEN-25MAR17-B70.5",
            "count": 50,
            "created_time": "2025-03-17T05:03:13.387425Z",
            "yes_price": 14,
            "no_price": 86,
            "taker_side": "no"
        },
        {
            "trade_id": "a9380ff9-e1f3-46f8-889b-fd2d38e8fa69",
            "ticker": "KXHIGHDEN-25MAR17-B70.5",
            "count": 1,
            "created_time": "2025-03-17T04:57:53.307115Z",
            "yes_price": 14,
            "no_price": 86,
            "taker_side": "no"
        },
        {
            "trade_id": "fe5169e6-7351-41aa-acf0-d332171632da",
            "ticker": "KXHIGHDEN-25MAR17-B70.5",
            "count": 2,
            "created_time": "2025-03-17T04:55:13.627471Z",
            "yes_price": 14,
            "no_price": 86,
            "taker_side": "no"
        },
        {
            "trade_id": "1589eeff-9ce7-4e85-829c-41261a370557",
            "ticker": "KXHIGHDEN-25MAR17-B70.5",
            "count": 11,
            "created_time": "2025-03-17T04:42:57.005839Z",
            "yes_price": 14,
            "no_price": 86,
            "taker_side": "no"
        },
        {
            "trade_id": "830126a0-8e49-4b18-a735-85075e42bacc",
            "ticker": "KXHIGHDEN-25MAR17-B70.5",
            "count": 1,
            "created_time": "2025-03-17T04:24:54.97663Z",
            "yes_price": 14,
            "no_price": 86,
            "taker_side": "no"
        },
        {
            "trade_id": "81110942-b2e4-447a-99a4-01c63c2db0bb",
            "ticker": "KXHIGHDEN-25MAR17-B70.5",
            "count": 7,
            "created_time": "2025-03-17T04:22:05.407858Z",
            "yes_price": 14,
            "no_price": 86,
            "taker_side": "no"
        },
        {
            "trade_id": "2494fca8-89d3-4b10-9af5-5ad70630edd7",
            "ticker": "KXHIGHDEN-25MAR17-B70.5",
            "count": 17,
            "created_time": "2025-03-17T04:19:55.116901Z",
            "yes_price": 14,
            "no_price": 86,
            "taker_side": "no"
        },
        {
            "trade_id": "7231f88f-26b8-4e7a-b74a-b2ae0d2abe91",
            "ticker": "KXHIGHDEN-25MAR17-B70.5",
            "count": 11,
            "created_time": "2025-03-17T04:19:04.266311Z",
            "yes_price": 14,
            "no_price": 86,
            "taker_side": "no"
        },
        {
            "trade_id": "3afef804-9ef5-4799-80e6-0f01cf68ae0f",
            "ticker": "KXHIGHDEN-25MAR17-B70.5",
            "count": 1,
            "created_time": "2025-03-17T04:13:01.338733Z",
            "yes_price": 14,
            "no_price": 86,
            "taker_side": "no"
        },
        {
            "trade_id": "fd565342-8844-44ce-95f6-3ad2e66dc473",
            "ticker": "KXHIGHDEN-25MAR17-B70.5",
            "count": 1,
            "created_time": "2025-03-17T04:10:53.297846Z",
            "yes_price": 14,
            "no_price": 86,
            "taker_side": "yes"
        },
        {
            "trade_id": "3b4cf227-d781-4bb0-838d-2d68ea674cac",
            "ticker": "KXHIGHDEN-25MAR17-B70.5",
            "count": 3,
            "created_time": "2025-03-17T04:10:53.297846Z",
            "yes_price": 14,
            "no_price": 86,
            "taker_side": "yes"
        },
        {
            "trade_id": "13b61fa5-486b-450d-826f-374dc020c91b",
            "ticker": "KXHIGHDEN-25MAR17-B70.5",
            "count": 3,
            "created_time": "2025-03-17T04:10:53.297846Z",
            "yes_price": 14,
            "no_price": 86,
            "taker_side": "yes"
        },
        {
            "trade_id": "fd2dd0e9-d34f-490e-9470-ffddee1db426",
            "ticker": "KXHIGHDEN-25MAR17-B70.5",
            "count": 23,
            "created_time": "2025-03-17T04:01:54.330633Z",
            "yes_price": 14,
            "no_price": 86,
            "taker_side": "yes"
        },
        {
            "trade_id": "937a80b9-b1ab-4e00-a66f-afc16a9d6f5b",
            "ticker": "KXHIGHDEN-25MAR17-B70.5",
            "count": 10,
            "created_time": "2025-03-17T04:01:54.330633Z",
            "yes_price": 14,
            "no_price": 86,
            "taker_side": "yes"
        },
        {
            "trade_id": "eb5a56f7-d796-4efe-8d5f-e48fe1d8b4e3",
            "ticker": "KXHIGHDEN-25MAR17-B70.5",
            "count": 721,
            "created_time": "2025-03-17T03:15:00.022979Z",
            "yes_price": 20,
            "no_price": 80,
            "taker_side": "yes"
        },
        {
            "trade_id": "c29ff67c-4e8b-4dd5-89db-d17eb4a0f5bb",
            "ticker": "KXHIGHDEN-25MAR17-B70.5",
            "count": 77,
            "created_time": "2025-03-17T03:15:00.022979Z",
            "yes_price": 19,
            "no_price": 81,
            "taker_side": "yes"
        },
        {
            "trade_id": "b1332614-42ae-42e9-b80f-49b8edf6552f",
            "ticker": "KXHIGHDEN-25MAR17-B70.5",
            "count": 2,
            "created_time": "2025-03-17T03:15:00.022979Z",
            "yes_price": 19,
            "no_price": 81,
            "taker_side": "yes"
        },
        {
            "trade_id": "b13746a6-6522-43aa-b075-b9abfa453bf1",
            "ticker": "KXHIGHDEN-25MAR17-B70.5",
            "count": 12,
            "created_time": "2025-03-17T02:43:43.249335Z",
            "yes_price": 18,
            "no_price": 82,
            "taker_side": "yes"
        },
        {
            "trade_id": "8c610ed5-2aaa-40fd-85f8-7507d11fb517",
            "ticker": "KXHIGHDEN-25MAR17-B70.5",
            "count": 66,
            "created_time": "2025-03-17T02:43:43.249335Z",
            "yes_price": 18,
            "no_price": 82,
            "taker_side": "yes"
        },
        {
            "trade_id": "51fe81df-180a-48d4-9391-d9d2e171b3e7",
            "ticker": "KXHIGHDEN-25MAR17-B70.5",
            "count": 8,
            "created_time": "2025-03-17T02:43:43.249335Z",
            "yes_price": 19,
            "no_price": 81,
            "taker_side": "yes"
        },
        {
            "trade_id": "3dc7a941-1f00-4069-a3ec-26038889e773",
            "ticker": "KXHIGHDEN-25MAR17-B70.5",
            "count": 67,
            "created_time": "2025-03-17T02:43:43.249335Z",
            "yes_price": 20,
            "no_price": 80,
            "taker_side": "yes"
        },
        {
            "trade_id": "d3fbaaf1-ad13-4090-bb37-588ecddf430e",
            "ticker": "KXHIGHDEN-25MAR17-B70.5",
            "count": 24,
            "created_time": "2025-03-17T02:09:23.958067Z",
            "yes_price": 20,
            "no_price": 80,
            "taker_side": "yes"
        },
        {
            "trade_id": "399da04a-08e5-4367-8b5b-7fe0ebda1daa",
            "ticker": "KXHIGHDEN-25MAR17-B70.5",
            "count": 4,
            "created_time": "2025-03-17T01:59:10.696572Z",
            "yes_price": 20,
            "no_price": 80,
            "taker_side": "yes"
        },
        {
            "trade_id": "f2096f1a-3ffe-4c90-a794-86a8daf7590c",
            "ticker": "KXHIGHDEN-25MAR17-B70.5",
            "count": 66,
            "created_time": "2025-03-17T01:51:21.180293Z",
            "yes_price": 16,
            "no_price": 84,
            "taker_side": "yes"
        },
        {
            "trade_id": "97fa92ec-30df-4e1a-9b74-56d783c0065d",
            "ticker": "KXHIGHDEN-25MAR17-B70.5",
            "count": 10,
            "created_time": "2025-03-17T01:51:21.180293Z",
            "yes_price": 19,
            "no_price": 81,
            "taker_side": "yes"
        },
        {
            "trade_id": "8d946f69-9fc9-46df-928e-ab14520d8b47",
            "ticker": "KXHIGHDEN-25MAR17-B70.5",
            "count": 33,
            "created_time": "2025-03-17T01:51:21.180293Z",
            "yes_price": 20,
            "no_price": 80,
            "taker_side": "yes"
        },
        {
            "trade_id": "7a9d1df8-d48c-4a36-a076-874cf0138291",
            "ticker": "KXHIGHDEN-25MAR17-B70.5",
            "count": 2,
            "created_time": "2025-03-17T01:51:21.180293Z",
            "yes_price": 16,
            "no_price": 84,
            "taker_side": "yes"
        },
        {
            "trade_id": "cf8ee110-3ac8-4030-b9f9-8274c669cbe1",
            "ticker": "KXHIGHDEN-25MAR17-B70.5",
            "count": 2,
            "created_time": "2025-03-16T23:35:16.272881Z",
            "yes_price": 12,
            "no_price": 88,
            "taker_side": "no"
        },
        {
            "trade_id": "6fdb370e-0000-4cf2-abd0-609e43ef0ab7",
            "ticker": "KXHIGHDEN-25MAR17-B70.5",
            "count": 66,
            "created_time": "2025-03-16T23:35:16.272881Z",
            "yes_price": 10,
            "no_price": 90,
            "taker_side": "no"
        },
        {
            "trade_id": "2d958aaa-88b8-4c31-b37b-265089bca1c6",
            "ticker": "KXHIGHDEN-25MAR17-B70.5",
            "count": 43,
            "created_time": "2025-03-16T23:35:16.272881Z",
            "yes_price": 12,
            "no_price": 88,
            "taker_side": "no"
        },
        {
            "trade_id": "7d6bc463-60b0-4ceb-a4ab-1fdefd31c2a6",
            "ticker": "KXHIGHDEN-25MAR17-B70.5",
            "count": 33,
            "created_time": "2025-03-16T22:42:17.728064Z",
            "yes_price": 12,
            "no_price": 88,
            "taker_side": "no"
        },
        {
            "trade_id": "d5314d8b-bd5e-48a7-a8ea-a843a1ece8d9",
            "ticker": "KXHIGHDEN-25MAR17-B70.5",
            "count": 118,
            "created_time": "2025-03-16T22:42:05.035294Z",
            "yes_price": 13,
            "no_price": 87,
            "taker_side": "no"
        },
        {
            "trade_id": "fda69d7d-be93-4594-82be-64e36df63f8e",
            "ticker": "KXHIGHDEN-25MAR17-B70.5",
            "count": 118,
            "created_time": "2025-03-16T22:41:54.984863Z",
            "yes_price": 14,
            "no_price": 86,
            "taker_side": "no"
        },
        {
            "trade_id": "0abb2676-7cd2-4307-882b-f360b7af0633",
            "ticker": "KXHIGHDEN-25MAR17-B70.5",
            "count": 20,
            "created_time": "2025-03-16T22:41:54.984863Z",
            "yes_price": 14,
            "no_price": 86,
            "taker_side": "no"
        },
        {
            "trade_id": "25326056-da0a-4015-9583-aa9ce9e26fa9",
            "ticker": "KXHIGHDEN-25MAR17-B70.5",
            "count": 118,
            "created_time": "2025-03-16T22:41:43.798627Z",
            "yes_price": 15,
            "no_price": 85,
            "taker_side": "no"
        },
        {
            "trade_id": "4f22b291-a9cb-41c5-995b-58b42c0b1f79",
            "ticker": "KXHIGHDEN-25MAR17-B70.5",
            "count": 1,
            "created_time": "2025-03-16T22:41:22.053708Z",
            "yes_price": 16,
            "no_price": 84,
            "taker_side": "no"
        },
        {
            "trade_id": "007b5a13-f8a6-4924-bd8c-3f77121b26be",
            "ticker": "KXHIGHDEN-25MAR17-B70.5",
            "count": 47,
            "created_time": "2025-03-16T22:41:22.053708Z",
            "yes_price": 16,
            "no_price": 84,
            "taker_side": "no"
        },
        {
            "trade_id": "f814c277-3b3e-403b-9eb7-634868b520ed",
            "ticker": "KXHIGHDEN-25MAR17-B70.5",
            "count": 13,
            "created_time": "2025-03-16T21:35:13.951111Z",
            "yes_price": 18,
            "no_price": 82,
            "taker_side": "no"
        },
        {
            "trade_id": "ac65e73b-071f-483a-b538-1b02db6f9f4f",
            "ticker": "KXHIGHDEN-25MAR17-B70.5",
            "count": 59,
            "created_time": "2025-03-16T21:27:49.271893Z",
            "yes_price": 19,
            "no_price": 81,
            "taker_side": "yes"
        },
        {
            "trade_id": "370b1d69-2223-4717-8c4a-95fed6321677",
            "ticker": "KXHIGHDEN-25MAR17-B70.5",
            "count": 143,
            "created_time": "2025-03-16T21:27:49.271893Z",
            "yes_price": 23,
            "no_price": 77,
            "taker_side": "yes"
        },
        {
            "trade_id": "3681c975-b1af-40bc-a8dd-ed0e945b9fa2",
            "ticker": "KXHIGHDEN-25MAR17-B70.5",
            "count": 240,
            "created_time": "2025-03-16T21:27:49.271893Z",
            "yes_price": 21,
            "no_price": 79,
            "taker_side": "yes"
        },
        {
            "trade_id": "212aedaf-79cd-4d62-97f7-fb9fe45189fc",
            "ticker": "KXHIGHDEN-25MAR17-B70.5",
            "count": 13,
            "created_time": "2025-03-16T21:27:49.271893Z",
            "yes_price": 21,
            "no_price": 79,
            "taker_side": "yes"
        }
    ],
    "KXHIGHDEN-25MAR17-B72.5": [
        {
            "trade_id": "1d55bf71-7c7e-4689-a826-601d6fa64b07",
            "ticker": "KXHIGHDEN-25MAR17-B72.5",
            "count": 20,
            "created_time": "2025-03-18T01:49:02.674499Z",
            "yes_price": 1,
            "no_price": 99,
            "taker_side": "yes"
        },
        {
            "trade_id": "e1eec0b9-e9d4-4b0c-adfa-9ee9c9a997a5",
            "ticker": "KXHIGHDEN-25MAR17-B72.5",
            "count": 16769,
            "created_time": "2025-03-18T01:33:12.122201Z",
            "yes_price": 1,
            "no_price": 99,
            "taker_side": "yes"
        },
        {
            "trade_id": "d471d451-3215-4496-9416-b46c11c9cc89",
            "ticker": "KXHIGHDEN-25MAR17-B72.5",
            "count": 200,
            "created_time": "2025-03-18T00:10:43.802749Z",
            "yes_price": 1,
            "no_price": 99,
            "taker_side": "yes"
        },
        {
            "trade_id": "7b64ffcb-1a33-46e8-b67f-00a2132abd6b",
            "ticker": "KXHIGHDEN-25MAR17-B72.5",
            "count": 150,
            "created_time": "2025-03-17T22:58:35.105326Z",
            "yes_price": 1,
            "no_price": 99,
            "taker_side": "yes"
        },
        {
            "trade_id": "5a1570d4-a5b0-4530-bd73-ddd4f2622691",
            "ticker": "KXHIGHDEN-25MAR17-B72.5",
            "count": 2416,
            "created_time": "2025-03-17T22:36:28.053873Z",
            "yes_price": 1,
            "no_price": 99,
            "taker_side": "yes"
        },
        {
            "trade_id": "7839a3cd-7979-481b-bcb7-2b16cf8b42ff",
            "ticker": "KXHIGHDEN-25MAR17-B72.5",
            "count": 1007,
            "created_time": "2025-03-17T22:29:27.626324Z",
            "yes_price": 1,
            "no_price": 99,
            "taker_side": "yes"
        },
        {
            "trade_id": "2309695f-d3cb-4190-8da9-c0dba4a13f75",
            "ticker": "KXHIGHDEN-25MAR17-B72.5",
            "count": 268,
            "created_time": "2025-03-17T22:28:16.828815Z",
            "yes_price": 1,
            "no_price": 99,
            "taker_side": "yes"
        },
        {
            "trade_id": "5b230b74-bf8c-457f-8a58-263df526fb54",
            "ticker": "KXHIGHDEN-25MAR17-B72.5",
            "count": 1,
            "created_time": "2025-03-17T22:27:23.515355Z",
            "yes_price": 1,
            "no_price": 99,
            "taker_side": "yes"
        },
        {
            "trade_id": "cf5d738d-a289-419e-9b41-94ba523ac8c8",
            "ticker": "KXHIGHDEN-25MAR17-B72.5",
            "count": 739,
            "created_time": "2025-03-17T22:26:30.62484Z",
            "yes_price": 1,
            "no_price": 99,
            "taker_side": "yes"
        },
        {
            "trade_id": "c9d12e7e-6ef4-474e-9781-5548494d0b5b",
            "ticker": "KXHIGHDEN-25MAR17-B72.5",
            "count": 4442,
            "created_time": "2025-03-17T22:26:30.62484Z",
            "yes_price": 1,
            "no_price": 99,
            "taker_side": "yes"
        },
        {
            "trade_id": "aff22c33-f8dc-46d8-bc98-92cb052a009c",
            "ticker": "KXHIGHDEN-25MAR17-B72.5",
            "count": 2000,
            "created_time": "2025-03-17T22:26:30.62484Z",
            "yes_price": 1,
            "no_price": 99,
            "taker_side": "yes"
        },
        {
            "trade_id": "85d2cde1-1222-40ae-9b67-d495abf91df4",
            "ticker": "KXHIGHDEN-25MAR17-B72.5",
            "count": 1,
            "created_time": "2025-03-17T22:26:30.62484Z",
            "yes_price": 1,
            "no_price": 99,
            "taker_side": "yes"
        },
        {
            "trade_id": "804a226e-0dda-4abc-b315-01792d5610ab",
            "ticker": "KXHIGHDEN-25MAR17-B72.5",
            "count": 1000,
            "created_time": "2025-03-17T22:26:30.62484Z",
            "yes_price": 1,
            "no_price": 99,
            "taker_side": "yes"
        },
        {
            "trade_id": "5ccfb9b9-3cab-4111-9df5-6a2acf8ca2cc",
            "ticker": "KXHIGHDEN-25MAR17-B72.5",
            "count": 42,
            "created_time": "2025-03-17T22:26:30.62484Z",
            "yes_price": 8,
            "no_price": 92,
            "taker_side": "yes"
        },
        {
            "trade_id": "9a95573c-64e1-4d9a-a2d0-08fee4b9f2ad",
            "ticker": "KXHIGHDEN-25MAR17-B72.5",
            "count": 1095,
            "created_time": "2025-03-17T22:25:27.20226Z",
            "yes_price": 1,
            "no_price": 99,
            "taker_side": "yes"
        },
        {
            "trade_id": "6001bdda-d171-4a95-a6fb-e46269118fee",
            "ticker": "KXHIGHDEN-25MAR17-B72.5",
            "count": 9563,
            "created_time": "2025-03-17T22:23:19.09546Z",
            "yes_price": 1,
            "no_price": 99,
            "taker_side": "yes"
        },
        {
            "trade_id": "aed0a74e-bbe7-4c9d-a3e8-0b0280d8c18a",
            "ticker": "KXHIGHDEN-25MAR17-B72.5",
            "count": 4900,
            "created_time": "2025-03-17T22:22:21.556257Z",
            "yes_price": 1,
            "no_price": 99,
            "taker_side": "yes"
        },
        {
            "trade_id": "38a2c7ee-9412-4be4-8d8a-06fb386cd81d",
            "ticker": "KXHIGHDEN-25MAR17-B72.5",
            "count": 100,
            "created_time": "2025-03-17T22:22:21.556257Z",
            "yes_price": 1,
            "no_price": 99,
            "taker_side": "yes"
        },
        {
            "trade_id": "f80133c7-255f-4535-889b-c35233895873",
            "ticker": "KXHIGHDEN-25MAR17-B72.5",
            "count": 31,
            "created_time": "2025-03-17T22:17:44.456139Z",
            "yes_price": 1,
            "no_price": 99,
            "taker_side": "yes"
        },
        {
            "trade_id": "e4b28b02-b325-47eb-b12d-38b527033df6",
            "ticker": "KXHIGHDEN-25MAR17-B72.5",
            "count": 165,
            "created_time": "2025-03-17T22:17:14.175761Z",
            "yes_price": 16,
            "no_price": 84,
            "taker_side": "yes"
        },
        {
            "trade_id": "d339a078-3fdc-40d1-b7f0-6bb84ecfa295",
            "ticker": "KXHIGHDEN-25MAR17-B72.5",
            "count": 20,
            "created_time": "2025-03-17T22:17:14.175761Z",
            "yes_price": 15,
            "no_price": 85,
            "taker_side": "yes"
        },
        {
            "trade_id": "c63eac37-3e48-46e5-840b-7740ac510807",
            "ticker": "KXHIGHDEN-25MAR17-B72.5",
            "count": 62,
            "created_time": "2025-03-17T22:17:14.175761Z",
            "yes_price": 6,
            "no_price": 94,
            "taker_side": "yes"
        },
        {
            "trade_id": "c3aae1f8-033f-46d5-ae12-9734d5d9bb46",
            "ticker": "KXHIGHDEN-25MAR17-B72.5",
            "count": 2,
            "created_time": "2025-03-17T22:17:14.175761Z",
            "yes_price": 15,
            "no_price": 85,
            "taker_side": "yes"
        },
        {
            "trade_id": "099edcc3-af15-4145-a6c0-43faf36eca8b",
            "ticker": "KXHIGHDEN-25MAR17-B72.5",
            "count": 30,
            "created_time": "2025-03-17T22:17:14.175761Z",
            "yes_price": 15,
            "no_price": 85,
            "taker_side": "yes"
        },
        {
            "trade_id": "2ca54aa9-4cb0-4873-990d-c4203f976e9d",
            "ticker": "KXHIGHDEN-25MAR17-B72.5",
            "count": 62,
            "created_time": "2025-03-17T22:17:11.598081Z",
            "yes_price": 6,
            "no_price": 94,
            "taker_side": "no"
        },
        {
            "trade_id": "046b7526-d4f0-4842-b552-2a9be4d9297d",
            "ticker": "KXHIGHDEN-25MAR17-B72.5",
            "count": 1,
            "created_time": "2025-03-17T22:17:05.795471Z",
            "yes_price": 6,
            "no_price": 94,
            "taker_side": "no"
        },
        {
            "trade_id": "ff4068d7-798d-4fed-9dc1-6dec2289aaaf",
            "ticker": "KXHIGHDEN-25MAR17-B72.5",
            "count": 30,
            "created_time": "2025-03-17T22:17:05.107956Z",
            "yes_price": 22,
            "no_price": 78,
            "taker_side": "no"
        },
        {
            "trade_id": "fc29f178-8fb1-4a47-80d1-9120762b5565",
            "ticker": "KXHIGHDEN-25MAR17-B72.5",
            "count": 300,
            "created_time": "2025-03-17T22:17:05.107956Z",
            "yes_price": 17,
            "no_price": 83,
            "taker_side": "no"
        },
        {
            "trade_id": "efb99be1-a991-4aaa-9bea-10d3a6fc4dc3",
            "ticker": "KXHIGHDEN-25MAR17-B72.5",
            "count": 64,
            "created_time": "2025-03-17T22:17:05.107956Z",
            "yes_price": 20,
            "no_price": 80,
            "taker_side": "no"
        },
        {
            "trade_id": "ea1519d4-643f-414d-a1fa-8c65f8fc358b",
            "ticker": "KXHIGHDEN-25MAR17-B72.5",
            "count": 64,
            "created_time": "2025-03-17T22:17:05.107956Z",
            "yes_price": 21,
            "no_price": 79,
            "taker_side": "no"
        },
        {
            "trade_id": "8f784bb0-6d8f-4184-9883-e3f382771df4",
            "ticker": "KXHIGHDEN-25MAR17-B72.5",
            "count": 64,
            "created_time": "2025-03-17T22:17:05.107956Z",
            "yes_price": 19,
            "no_price": 81,
            "taker_side": "no"
        },
        {
            "trade_id": "84b5ea9a-628a-442b-aa3c-2033dd57229e",
            "ticker": "KXHIGHDEN-25MAR17-B72.5",
            "count": 300,
            "created_time": "2025-03-17T22:17:05.107956Z",
            "yes_price": 20,
            "no_price": 80,
            "taker_side": "no"
        },
        {
            "trade_id": "34aedbe9-c3b9-429c-9b3d-65f87f6e7e76",
            "ticker": "KXHIGHDEN-25MAR17-B72.5",
            "count": 20,
            "created_time": "2025-03-17T22:17:05.107956Z",
            "yes_price": 22,
            "no_price": 78,
            "taker_side": "no"
        },
        {
            "trade_id": "e7a2f28c-5d47-4134-b54b-7609605df7ce",
            "ticker": "KXHIGHDEN-25MAR17-B72.5",
            "count": 50,
            "created_time": "2025-03-17T22:15:39.35031Z",
            "yes_price": 31,
            "no_price": 69,
            "taker_side": "no"
        },
        {
            "trade_id": "9ff0fce2-ed9d-428b-94c9-87796adb848d",
            "ticker": "KXHIGHDEN-25MAR17-B72.5",
            "count": 25,
            "created_time": "2025-03-17T22:13:42.585412Z",
            "yes_price": 31,
            "no_price": 69,
            "taker_side": "no"
        },
        {
            "trade_id": "70b94ef9-a6d0-4627-b1af-5fccb0578d19",
            "ticker": "KXHIGHDEN-25MAR17-B72.5",
            "count": 369,
            "created_time": "2025-03-17T22:13:28.10056Z",
            "yes_price": 35,
            "no_price": 65,
            "taker_side": "no"
        },
        {
            "trade_id": "54cc74cf-097d-443f-8d91-bf1495637fa7",
            "ticker": "KXHIGHDEN-25MAR17-B72.5",
            "count": 347,
            "created_time": "2025-03-17T22:13:06.132191Z",
            "yes_price": 46,
            "no_price": 54,
            "taker_side": "yes"
        },
        {
            "trade_id": "aab8d38f-74b9-44bc-a1de-927f3bc1a75a",
            "ticker": "KXHIGHDEN-25MAR17-B72.5",
            "count": 31,
            "created_time": "2025-03-17T22:12:37.083394Z",
            "yes_price": 35,
            "no_price": 65,
            "taker_side": "no"
        },
        {
            "trade_id": "c65fe3f7-5ff1-422c-873a-4b718eac54e9",
            "ticker": "KXHIGHDEN-25MAR17-B72.5",
            "count": 20,
            "created_time": "2025-03-17T22:11:27.917212Z",
            "yes_price": 31,
            "no_price": 69,
            "taker_side": "no"
        },
        {
            "trade_id": "9edf0318-ba67-4cda-9691-461448918f70",
            "ticker": "KXHIGHDEN-25MAR17-B72.5",
            "count": 20,
            "created_time": "2025-03-17T22:11:27.917212Z",
            "yes_price": 32,
            "no_price": 68,
            "taker_side": "no"
        },
        {
            "trade_id": "08d8ce7e-1603-4a3b-8a15-3b672a60f45e",
            "ticker": "KXHIGHDEN-25MAR17-B72.5",
            "count": 30,
            "created_time": "2025-03-17T22:11:27.917212Z",
            "yes_price": 32,
            "no_price": 68,
            "taker_side": "no"
        },
        {
            "trade_id": "a0d53b99-588d-4203-afb2-10dddb26d50d",
            "ticker": "KXHIGHDEN-25MAR17-B72.5",
            "count": 20,
            "created_time": "2025-03-17T22:10:13.605104Z",
            "yes_price": 60,
            "no_price": 40,
            "taker_side": "yes"
        },
        {
            "trade_id": "9d98afe6-add7-44ff-8431-539ca6be89b2",
            "ticker": "KXHIGHDEN-25MAR17-B72.5",
            "count": 30,
            "created_time": "2025-03-17T22:10:13.605104Z",
            "yes_price": 59,
            "no_price": 41,
            "taker_side": "yes"
        },
        {
            "trade_id": "63a050a9-fe94-4843-a12f-c73fd738402e",
            "ticker": "KXHIGHDEN-25MAR17-B72.5",
            "count": 8,
            "created_time": "2025-03-17T22:10:13.605104Z",
            "yes_price": 59,
            "no_price": 41,
            "taker_side": "yes"
        },
        {
            "trade_id": "39249100-68a0-4b81-ad9c-935666312242",
            "ticker": "KXHIGHDEN-25MAR17-B72.5",
            "count": 8,
            "created_time": "2025-03-17T22:10:13.605104Z",
            "yes_price": 59,
            "no_price": 41,
            "taker_side": "yes"
        },
        {
            "trade_id": "e8d8144d-1274-4272-90b3-b9bad7e88b4d",
            "ticker": "KXHIGHDEN-25MAR17-B72.5",
            "count": 16,
            "created_time": "2025-03-17T22:09:15.560562Z",
            "yes_price": 49,
            "no_price": 51,
            "taker_side": "yes"
        },
        {
            "trade_id": "858864a1-5020-4594-a685-975db3d45e7b",
            "ticker": "KXHIGHDEN-25MAR17-B72.5",
            "count": 100,
            "created_time": "2025-03-17T22:09:15.560562Z",
            "yes_price": 50,
            "no_price": 50,
            "taker_side": "yes"
        },
        {
            "trade_id": "148ed74f-75f6-4e29-83ec-1dac2a7d73c1",
            "ticker": "KXHIGHDEN-25MAR17-B72.5",
            "count": 16,
            "created_time": "2025-03-17T22:09:15.560562Z",
            "yes_price": 49,
            "no_price": 51,
            "taker_side": "yes"
        },
        {
            "trade_id": "54c211b0-e764-4d2b-ace3-e51af67ecafd",
            "ticker": "KXHIGHDEN-25MAR17-B72.5",
            "count": 32,
            "created_time": "2025-03-17T22:08:19.479876Z",
            "yes_price": 41,
            "no_price": 59,
            "taker_side": "yes"
        },
        {
            "trade_id": "f39b86c4-3e20-48d6-ad09-edd3b2ca0ddd",
            "ticker": "KXHIGHDEN-25MAR17-B72.5",
            "count": 20,
            "created_time": "2025-03-17T22:05:53.031252Z",
            "yes_price": 50,
            "no_price": 50,
            "taker_side": "yes"
        },
        {
            "trade_id": "a1866284-947f-4d9e-9f2c-78022a06f715",
            "ticker": "KXHIGHDEN-25MAR17-B72.5",
            "count": 32,
            "created_time": "2025-03-17T22:05:53.031252Z",
            "yes_price": 51,
            "no_price": 49,
            "taker_side": "yes"
        },
        {
            "trade_id": "9c9726c8-a97d-42f6-b38b-3bbdc5df552f",
            "ticker": "KXHIGHDEN-25MAR17-B72.5",
            "count": 7,
            "created_time": "2025-03-17T22:05:53.031252Z",
            "yes_price": 55,
            "no_price": 45,
            "taker_side": "yes"
        },
        {
            "trade_id": "368fa29c-4323-4455-b905-66697b2e3633",
            "ticker": "KXHIGHDEN-25MAR17-B72.5",
            "count": 2,
            "created_time": "2025-03-17T22:05:53.031252Z",
            "yes_price": 75,
            "no_price": 25,
            "taker_side": "yes"
        },
        {
            "trade_id": "30cb9b66-12ff-465c-a0de-b386f2220302",
            "ticker": "KXHIGHDEN-25MAR17-B72.5",
            "count": 125,
            "created_time": "2025-03-17T22:05:53.031252Z",
            "yes_price": 52,
            "no_price": 48,
            "taker_side": "yes"
        },
        {
            "trade_id": "28a7d099-d012-479a-8883-ca05f4f6fe76",
            "ticker": "KXHIGHDEN-25MAR17-B72.5",
            "count": 2,
            "created_time": "2025-03-17T22:05:53.031252Z",
            "yes_price": 50,
            "no_price": 50,
            "taker_side": "yes"
        },
        {
            "trade_id": "918a7024-91cb-49f3-a628-e21c30d7a187",
            "ticker": "KXHIGHDEN-25MAR17-B72.5",
            "count": 64,
            "created_time": "2025-03-17T22:05:14.401992Z",
            "yes_price": 41,
            "no_price": 59,
            "taker_side": "no"
        },
        {
            "trade_id": "7694eed6-c62a-4b98-99d7-874945f3be88",
            "ticker": "KXHIGHDEN-25MAR17-B72.5",
            "count": 11,
            "created_time": "2025-03-17T22:05:14.401992Z",
            "yes_price": 41,
            "no_price": 59,
            "taker_side": "no"
        },
        {
            "trade_id": "578f9174-0998-4a30-9bd5-c7fa8a0a07cd",
            "ticker": "KXHIGHDEN-25MAR17-B72.5",
            "count": 1857,
            "created_time": "2025-03-17T22:05:14.401992Z",
            "yes_price": 40,
            "no_price": 60,
            "taker_side": "no"
        },
        {
            "trade_id": "b7274b7f-cf9e-4b4b-9bbc-5db0f70531ab",
            "ticker": "KXHIGHDEN-25MAR17-B72.5",
            "count": 98,
            "created_time": "2025-03-17T22:03:59.0551Z",
            "yes_price": 50,
            "no_price": 50,
            "taker_side": "yes"
        },
        {
            "trade_id": "a6b20845-4a00-4cd3-b39d-b53c4daa8124",
            "ticker": "KXHIGHDEN-25MAR17-B72.5",
            "count": 100,
            "created_time": "2025-03-17T22:03:59.0551Z",
            "yes_price": 49,
            "no_price": 51,
            "taker_side": "yes"
        },
        {
            "trade_id": "5039b45a-9d5d-4b0b-851e-b577f078a4a9",
            "ticker": "KXHIGHDEN-25MAR17-B72.5",
            "count": 11,
            "created_time": "2025-03-17T22:01:32.57964Z",
            "yes_price": 48,
            "no_price": 52,
            "taker_side": "yes"
        },
        {
            "trade_id": "332fc45e-95a8-4c59-9c4d-043b52fcc9fa",
            "ticker": "KXHIGHDEN-25MAR17-B72.5",
            "count": 97,
            "created_time": "2025-03-17T22:01:32.57964Z",
            "yes_price": 45,
            "no_price": 55,
            "taker_side": "yes"
        },
        {
            "trade_id": "0eb222f8-b442-4fb2-b871-07a52c038e06",
            "ticker": "KXHIGHDEN-25MAR17-B72.5",
            "count": 1999,
            "created_time": "2025-03-17T22:01:31.454458Z",
            "yes_price": 41,
            "no_price": 59,
            "taker_side": "no"
        },
        {
            "trade_id": "e0b8943a-1212-4215-ae92-f7d2803218f2",
            "ticker": "KXHIGHDEN-25MAR17-B72.5",
            "count": 3,
            "created_time": "2025-03-17T22:01:19.301263Z",
            "yes_price": 45,
            "no_price": 55,
            "taker_side": "yes"
        },
        {
            "trade_id": "79d50ff0-1aa9-4d55-84d0-bec03a3b535b",
            "ticker": "KXHIGHDEN-25MAR17-B72.5",
            "count": 20,
            "created_time": "2025-03-17T22:00:36.819977Z",
            "yes_price": 41,
            "no_price": 59,
            "taker_side": "no"
        },
        {
            "trade_id": "767c79c0-984d-4cff-8919-c34f5d540018",
            "ticker": "KXHIGHDEN-25MAR17-B72.5",
            "count": 30,
            "created_time": "2025-03-17T22:00:36.819977Z",
            "yes_price": 41,
            "no_price": 59,
            "taker_side": "no"
        },
        {
            "trade_id": "35d3200a-8581-46b8-b972-517e2f738b39",
            "ticker": "KXHIGHDEN-25MAR17-B72.5",
            "count": 143,
            "created_time": "2025-03-17T22:00:36.819977Z",
            "yes_price": 40,
            "no_price": 60,
            "taker_side": "no"
        },
        {
            "trade_id": "1c226514-683f-4d50-bd2a-0a35fd3122e3",
            "ticker": "KXHIGHDEN-25MAR17-B72.5",
            "count": 100,
            "created_time": "2025-03-17T21:59:31.510028Z",
            "yes_price": 40,
            "no_price": 60,
            "taker_side": "yes"
        },
        {
            "trade_id": "5369312e-7659-4da4-9c09-622ef75cd4ce",
            "ticker": "KXHIGHDEN-25MAR17-B72.5",
            "count": 100,
            "created_time": "2025-03-17T21:58:19.355153Z",
            "yes_price": 40,
            "no_price": 60,
            "taker_side": "yes"
        },
        {
            "trade_id": "d075d8e0-5e01-4b06-8af9-2b114065a333",
            "ticker": "KXHIGHDEN-25MAR17-B72.5",
            "count": 50,
            "created_time": "2025-03-17T21:56:59.909976Z",
            "yes_price": 48,
            "no_price": 52,
            "taker_side": "yes"
        },
        {
            "trade_id": "ce7c2195-f46f-4202-b72d-3f31284a1106",
            "ticker": "KXHIGHDEN-25MAR17-B72.5",
            "count": 100,
            "created_time": "2025-03-17T21:56:59.909976Z",
            "yes_price": 50,
            "no_price": 50,
            "taker_side": "yes"
        },
        {
            "trade_id": "cb7db8b5-29c4-4f1e-8332-70d7ee9793b9",
            "ticker": "KXHIGHDEN-25MAR17-B72.5",
            "count": 30,
            "created_time": "2025-03-17T21:56:59.909976Z",
            "yes_price": 47,
            "no_price": 53,
            "taker_side": "yes"
        },
        {
            "trade_id": "557e03ae-a5ea-4e60-b1ef-a983b20dfeec",
            "ticker": "KXHIGHDEN-25MAR17-B72.5",
            "count": 20,
            "created_time": "2025-03-17T21:56:59.909976Z",
            "yes_price": 47,
            "no_price": 53,
            "taker_side": "yes"
        },
        {
            "trade_id": "29081dbf-23e1-4f9b-932f-ce141cfe13af",
            "ticker": "KXHIGHDEN-25MAR17-B72.5",
            "count": 100,
            "created_time": "2025-03-17T21:56:59.909976Z",
            "yes_price": 49,
            "no_price": 51,
            "taker_side": "yes"
        },
        {
            "trade_id": "732a3267-3238-4281-b26c-3d8cacd5b692",
            "ticker": "KXHIGHDEN-25MAR17-B72.5",
            "count": 443,
            "created_time": "2025-03-17T21:55:30.025152Z",
            "yes_price": 45,
            "no_price": 55,
            "taker_side": "no"
        },
        {
            "trade_id": "8c7fe6da-5f31-4cc9-9f4f-f41550743e8e",
            "ticker": "KXHIGHDEN-25MAR17-B72.5",
            "count": 50,
            "created_time": "2025-03-17T21:55:20.166188Z",
            "yes_price": 48,
            "no_price": 52,
            "taker_side": "yes"
        },
        {
            "trade_id": "6e5799fb-6020-4642-86f1-198b75f57663",
            "ticker": "KXHIGHDEN-25MAR17-B72.5",
            "count": 268,
            "created_time": "2025-03-17T21:55:14.339873Z",
            "yes_price": 45,
            "no_price": 55,
            "taker_side": "no"
        },
        {
            "trade_id": "21763e7f-4906-4152-8f97-47ee6144de7b",
            "ticker": "KXHIGHDEN-25MAR17-B72.5",
            "count": 100,
            "created_time": "2025-03-17T21:55:04.411555Z",
            "yes_price": 46,
            "no_price": 54,
            "taker_side": "yes"
        },
        {
            "trade_id": "0b2d8a22-ab98-4a5e-a19f-11e13ee42999",
            "ticker": "KXHIGHDEN-25MAR17-B72.5",
            "count": 200,
            "created_time": "2025-03-17T21:54:18.164369Z",
            "yes_price": 45,
            "no_price": 55,
            "taker_side": "no"
        },
        {
            "trade_id": "9b249e2c-ac15-4129-a157-8c9c2e99eb7f",
            "ticker": "KXHIGHDEN-25MAR17-B72.5",
            "count": 500,
            "created_time": "2025-03-17T21:54:10.295686Z",
            "yes_price": 45,
            "no_price": 55,
            "taker_side": "no"
        },
        {
            "trade_id": "8be6b908-af40-4470-a6dc-327b6798a7c0",
            "ticker": "KXHIGHDEN-25MAR17-B72.5",
            "count": 500,
            "created_time": "2025-03-17T21:53:10.096751Z",
            "yes_price": 45,
            "no_price": 55,
            "taker_side": "no"
        },
        {
            "trade_id": "dc0bfbaf-540d-47f7-80b8-ebadf8686266",
            "ticker": "KXHIGHDEN-25MAR17-B72.5",
            "count": 89,
            "created_time": "2025-03-17T21:52:06.865342Z",
            "yes_price": 42,
            "no_price": 58,
            "taker_side": "yes"
        },
        {
            "trade_id": "75a8f94d-a0f1-4dc3-9aa1-faec5997e9af",
            "ticker": "KXHIGHDEN-25MAR17-B72.5",
            "count": 11,
            "created_time": "2025-03-17T21:52:00.413372Z",
            "yes_price": 42,
            "no_price": 58,
            "taker_side": "yes"
        },
        {
            "trade_id": "4f095370-957c-4f04-b2fd-0f63c1fde411",
            "ticker": "KXHIGHDEN-25MAR17-B72.5",
            "count": 500,
            "created_time": "2025-03-17T21:49:13.388862Z",
            "yes_price": 41,
            "no_price": 59,
            "taker_side": "no"
        },
        {
            "trade_id": "d87c3c2c-316e-4b1d-9d61-813cb73c30bd",
            "ticker": "KXHIGHDEN-25MAR17-B72.5",
            "count": 19,
            "created_time": "2025-03-17T21:49:03.031928Z",
            "yes_price": 42,
            "no_price": 58,
            "taker_side": "no"
        },
        {
            "trade_id": "5cff9506-b94e-4ecd-86e3-723a325ed3e1",
            "ticker": "KXHIGHDEN-25MAR17-B72.5",
            "count": 148,
            "created_time": "2025-03-17T21:49:03.031928Z",
            "yes_price": 41,
            "no_price": 59,
            "taker_side": "no"
        },
        {
            "trade_id": "326db2a0-cb7c-44f9-8ad4-b53674ef7b8c",
            "ticker": "KXHIGHDEN-25MAR17-B72.5",
            "count": 3,
            "created_time": "2025-03-17T21:46:39.533198Z",
            "yes_price": 55,
            "no_price": 45,
            "taker_side": "yes"
        },
        {
            "trade_id": "eeb5cb41-63e4-41b3-8c72-3f916b7e8be3",
            "ticker": "KXHIGHDEN-25MAR17-B72.5",
            "count": 100,
            "created_time": "2025-03-17T21:46:33.922669Z",
            "yes_price": 45,
            "no_price": 55,
            "taker_side": "yes"
        },
        {
            "trade_id": "78d95716-487f-4cf9-916c-1d31963d10dc",
            "ticker": "KXHIGHDEN-25MAR17-B72.5",
            "count": 100,
            "created_time": "2025-03-17T21:46:33.922669Z",
            "yes_price": 47,
            "no_price": 53,
            "taker_side": "yes"
        },
        {
            "trade_id": "374b103e-384f-4d87-a80a-f80376811110",
            "ticker": "KXHIGHDEN-25MAR17-B72.5",
            "count": 19,
            "created_time": "2025-03-17T21:46:33.922669Z",
            "yes_price": 54,
            "no_price": 46,
            "taker_side": "yes"
        },
        {
            "trade_id": "1f439d0c-740c-43b4-940e-38a475afaa09",
            "ticker": "KXHIGHDEN-25MAR17-B72.5",
            "count": 240,
            "created_time": "2025-03-17T21:46:33.922669Z",
            "yes_price": 55,
            "no_price": 45,
            "taker_side": "yes"
        },
        {
            "trade_id": "ebdfa523-6047-4f90-ab5e-49ced8dafd77",
            "ticker": "KXHIGHDEN-25MAR17-B72.5",
            "count": 175,
            "created_time": "2025-03-17T21:46:05.660048Z",
            "yes_price": 43,
            "no_price": 57,
            "taker_side": "yes"
        },
        {
            "trade_id": "ea79a1af-5a99-4536-b4ef-f1478da3c1f2",
            "ticker": "KXHIGHDEN-25MAR17-B72.5",
            "count": 90,
            "created_time": "2025-03-17T21:46:05.660048Z",
            "yes_price": 47,
            "no_price": 53,
            "taker_side": "yes"
        },
        {
            "trade_id": "e2d87210-fc73-43e5-909b-d8b1acc55b14",
            "ticker": "KXHIGHDEN-25MAR17-B72.5",
            "count": 100,
            "created_time": "2025-03-17T21:46:05.660048Z",
            "yes_price": 42,
            "no_price": 58,
            "taker_side": "yes"
        },
        {
            "trade_id": "c682f622-62e4-4922-98a0-fd5e07075c34",
            "ticker": "KXHIGHDEN-25MAR17-B72.5",
            "count": 100,
            "created_time": "2025-03-17T21:46:05.660048Z",
            "yes_price": 38,
            "no_price": 62,
            "taker_side": "yes"
        },
        {
            "trade_id": "ac24c316-c01a-4f9c-b7ac-25af09b959ba",
            "ticker": "KXHIGHDEN-25MAR17-B72.5",
            "count": 73,
            "created_time": "2025-03-17T21:46:05.660048Z",
            "yes_price": 40,
            "no_price": 60,
            "taker_side": "yes"
        },
        {
            "trade_id": "87d47a57-d638-4bf9-ba31-f71934339665",
            "ticker": "KXHIGHDEN-25MAR17-B72.5",
            "count": 100,
            "created_time": "2025-03-17T21:46:05.660048Z",
            "yes_price": 41,
            "no_price": 59,
            "taker_side": "yes"
        },
        {
            "trade_id": "54289eab-cc19-444e-beba-842c5d9bb861",
            "ticker": "KXHIGHDEN-25MAR17-B72.5",
            "count": 180,
            "created_time": "2025-03-17T21:46:05.660048Z",
            "yes_price": 45,
            "no_price": 55,
            "taker_side": "yes"
        },
        {
            "trade_id": "4578f2a8-1d55-4c98-b53a-7170b3dca3e7",
            "ticker": "KXHIGHDEN-25MAR17-B72.5",
            "count": 100,
            "created_time": "2025-03-17T21:46:05.660048Z",
            "yes_price": 39,
            "no_price": 61,
            "taker_side": "yes"
        },
        {
            "trade_id": "39f60610-d0dc-4ab1-afb0-3405df00d27e",
            "ticker": "KXHIGHDEN-25MAR17-B72.5",
            "count": 100,
            "created_time": "2025-03-17T21:46:05.660048Z",
            "yes_price": 45,
            "no_price": 55,
            "taker_side": "yes"
        },
        {
            "trade_id": "05d78828-7def-4772-a6e3-f8d266004b40",
            "ticker": "KXHIGHDEN-25MAR17-B72.5",
            "count": 170,
            "created_time": "2025-03-17T21:46:05.660048Z",
            "yes_price": 41,
            "no_price": 59,
            "taker_side": "yes"
        },
        {
            "trade_id": "7b48bfd3-ed56-476f-b32f-a023720a5d6f",
            "ticker": "KXHIGHDEN-25MAR17-B72.5",
            "count": 100,
            "created_time": "2025-03-17T21:44:57.762238Z",
            "yes_price": 36,
            "no_price": 64,
            "taker_side": "yes"
        },
        {
            "trade_id": "2e2b019e-5fec-4c83-b999-d2059331efec",
            "ticker": "KXHIGHDEN-25MAR17-B72.5",
            "count": 100,
            "created_time": "2025-03-17T21:44:30.897387Z",
            "yes_price": 39,
            "no_price": 61,
            "taker_side": "yes"
        },
        {
            "trade_id": "b7fca3be-4b2c-4985-aaf3-1fece765e70b",
            "ticker": "KXHIGHDEN-25MAR17-B72.5",
            "count": 200,
            "created_time": "2025-03-17T21:43:25.710704Z",
            "yes_price": 35,
            "no_price": 65,
            "taker_side": "no"
        },
        {
            "trade_id": "49eb9eeb-165e-4f59-9950-d008d78a3138",
            "ticker": "KXHIGHDEN-25MAR17-B72.5",
            "count": 150,
            "created_time": "2025-03-17T21:42:22.886068Z",
            "yes_price": 35,
            "no_price": 65,
            "taker_side": "no"
        },
        {
            "trade_id": "c6d184fb-96cc-4dfb-975b-21c52c0bd6a5",
            "ticker": "KXHIGHDEN-25MAR17-B72.5",
            "count": 20,
            "created_time": "2025-03-17T21:42:10.545971Z",
            "yes_price": 32,
            "no_price": 68,
            "taker_side": "no"
        },
        {
            "trade_id": "9cc9f8ce-371f-4209-9a16-73eaf93cf98c",
            "ticker": "KXHIGHDEN-25MAR17-B72.5",
            "count": 150,
            "created_time": "2025-03-17T21:42:10.545971Z",
            "yes_price": 31,
            "no_price": 69,
            "taker_side": "no"
        },
        {
            "trade_id": "4dc6900a-07d0-4a24-8a34-b7fe389377ab",
            "ticker": "KXHIGHDEN-25MAR17-B72.5",
            "count": 19,
            "created_time": "2025-03-17T21:41:34.627465Z",
            "yes_price": 32,
            "no_price": 68,
            "taker_side": "no"
        },
        {
            "trade_id": "ab29822c-83cf-4f9e-90e1-5265722ee318",
            "ticker": "KXHIGHDEN-25MAR17-B72.5",
            "count": 100,
            "created_time": "2025-03-17T21:38:28.266345Z",
            "yes_price": 39,
            "no_price": 61,
            "taker_side": "yes"
        },
        {
            "trade_id": "0a7afdcb-e908-4d70-9bc2-f76f09ddcf01",
            "ticker": "KXHIGHDEN-25MAR17-B72.5",
            "count": 27,
            "created_time": "2025-03-17T21:38:28.266345Z",
            "yes_price": 40,
            "no_price": 60,
            "taker_side": "yes"
        },
        {
            "trade_id": "76fc92a7-25d5-481e-8c12-a81e1524ca57",
            "ticker": "KXHIGHDEN-25MAR17-B72.5",
            "count": 20,
            "created_time": "2025-03-17T21:34:45.114563Z",
            "yes_price": 39,
            "no_price": 61,
            "taker_side": "yes"
        },
        {
            "trade_id": "fa02067f-9291-4fd4-9db8-dce0d7e0b9fd",
            "ticker": "KXHIGHDEN-25MAR17-B72.5",
            "count": 100,
            "created_time": "2025-03-17T21:34:36.347154Z",
            "yes_price": 38,
            "no_price": 62,
            "taker_side": "yes"
        },
        {
            "trade_id": "c3cc1509-3763-4304-bd8e-6167a9b370e2",
            "ticker": "KXHIGHDEN-25MAR17-B72.5",
            "count": 100,
            "created_time": "2025-03-17T21:34:36.347154Z",
            "yes_price": 40,
            "no_price": 60,
            "taker_side": "yes"
        },
        {
            "trade_id": "8f54b040-1546-45c1-adba-fe6e3db02f87",
            "ticker": "KXHIGHDEN-25MAR17-B72.5",
            "count": 500,
            "created_time": "2025-03-17T21:34:36.347154Z",
            "yes_price": 38,
            "no_price": 62,
            "taker_side": "yes"
        },
        {
            "trade_id": "6e79b6b3-902c-45b3-a5f9-36b8a99d6a6e",
            "ticker": "KXHIGHDEN-25MAR17-B72.5",
            "count": 500,
            "created_time": "2025-03-17T21:34:36.347154Z",
            "yes_price": 39,
            "no_price": 61,
            "taker_side": "yes"
        },
        {
            "trade_id": "592fe00d-4ab4-4fdf-9736-815f03817bb7",
            "ticker": "KXHIGHDEN-25MAR17-B72.5",
            "count": 150,
            "created_time": "2025-03-17T21:34:36.347154Z",
            "yes_price": 36,
            "no_price": 64,
            "taker_side": "yes"
        },
        {
            "trade_id": "19aec235-9da7-454c-97f5-65bfbcc9c1bf",
            "ticker": "KXHIGHDEN-25MAR17-B72.5",
            "count": 200,
            "created_time": "2025-03-17T21:34:36.347154Z",
            "yes_price": 40,
            "no_price": 60,
            "taker_side": "yes"
        },
        {
            "trade_id": "17e0ce8e-3544-4c8f-8bd8-11455b4bb7d7",
            "ticker": "KXHIGHDEN-25MAR17-B72.5",
            "count": 474,
            "created_time": "2025-03-17T21:34:36.347154Z",
            "yes_price": 37,
            "no_price": 63,
            "taker_side": "yes"
        },
        {
            "trade_id": "c927d66f-1647-4587-8405-e251332683d5",
            "ticker": "KXHIGHDEN-25MAR17-B72.5",
            "count": 13,
            "created_time": "2025-03-17T21:33:18.922014Z",
            "yes_price": 37,
            "no_price": 63,
            "taker_side": "yes"
        },
        {
            "trade_id": "f00bea7f-a10a-4f63-8ebf-03bfda62ebd2",
            "ticker": "KXHIGHDEN-25MAR17-B72.5",
            "count": 150,
            "created_time": "2025-03-17T21:32:55.376141Z",
            "yes_price": 31,
            "no_price": 69,
            "taker_side": "yes"
        },
        {
            "trade_id": "e3ae6c49-86ab-45a8-950e-2a795fddf144",
            "ticker": "KXHIGHDEN-25MAR17-B72.5",
            "count": 100,
            "created_time": "2025-03-17T21:32:55.376141Z",
            "yes_price": 35,
            "no_price": 65,
            "taker_side": "yes"
        },
        {
            "trade_id": "e129a3f2-2e96-4b4a-8522-f1cea6dba111",
            "ticker": "KXHIGHDEN-25MAR17-B72.5",
            "count": 100,
            "created_time": "2025-03-17T21:32:55.376141Z",
            "yes_price": 35,
            "no_price": 65,
            "taker_side": "yes"
        },
        {
            "trade_id": "c5ca8208-8ce1-4004-a08b-67aa016aa770",
            "ticker": "KXHIGHDEN-25MAR17-B72.5",
            "count": 100,
            "created_time": "2025-03-17T21:32:55.376141Z",
            "yes_price": 33,
            "no_price": 67,
            "taker_side": "yes"
        },
        {
            "trade_id": "c5097164-9175-47b7-b16f-b2ef94bc6390",
            "ticker": "KXHIGHDEN-25MAR17-B72.5",
            "count": 100,
            "created_time": "2025-03-17T21:32:55.376141Z",
            "yes_price": 29,
            "no_price": 71,
            "taker_side": "yes"
        },
        {
            "trade_id": "822f063e-ba3e-4a05-801b-068900aca0e3",
            "ticker": "KXHIGHDEN-25MAR17-B72.5",
            "count": 19,
            "created_time": "2025-03-17T21:32:55.376141Z",
            "yes_price": 33,
            "no_price": 67,
            "taker_side": "yes"
        },
        {
            "trade_id": "5cf139cf-cb0f-4f77-b5bb-ac374f8b0941",
            "ticker": "KXHIGHDEN-25MAR17-B72.5",
            "count": 100,
            "created_time": "2025-03-17T21:32:55.376141Z",
            "yes_price": 31,
            "no_price": 69,
            "taker_side": "yes"
        },
        {
            "trade_id": "409ae88f-5132-4091-b231-3ac4d24be871",
            "ticker": "KXHIGHDEN-25MAR17-B72.5",
            "count": 500,
            "created_time": "2025-03-17T21:32:55.376141Z",
            "yes_price": 34,
            "no_price": 66,
            "taker_side": "yes"
        },
        {
            "trade_id": "30248f0c-7d3f-47ee-9665-e1fa41b365db",
            "ticker": "KXHIGHDEN-25MAR17-B72.5",
            "count": 500,
            "created_time": "2025-03-17T21:32:55.376141Z",
            "yes_price": 35,
            "no_price": 65,
            "taker_side": "yes"
        },
        {
            "trade_id": "2ab7837d-1313-4451-be78-9da1d7e71d53",
            "ticker": "KXHIGHDEN-25MAR17-B72.5",
            "count": 468,
            "created_time": "2025-03-17T21:32:55.376141Z",
            "yes_price": 30,
            "no_price": 70,
            "taker_side": "yes"
        },
        {
            "trade_id": "11fa572f-2114-4142-91fb-855c994e71b4",
            "ticker": "KXHIGHDEN-25MAR17-B72.5",
            "count": 13,
            "created_time": "2025-03-17T21:32:55.376141Z",
            "yes_price": 37,
            "no_price": 63,
            "taker_side": "yes"
        },
        {
            "trade_id": "06ebe206-efd4-41b3-8cd2-bc695bf41a00",
            "ticker": "KXHIGHDEN-25MAR17-B72.5",
            "count": 500,
            "created_time": "2025-03-17T21:32:55.376141Z",
            "yes_price": 36,
            "no_price": 64,
            "taker_side": "yes"
        },
        {
            "trade_id": "9b4b3cef-8fd9-4f5e-8703-58b4b56f6bbf",
            "ticker": "KXHIGHDEN-25MAR17-B72.5",
            "count": 6,
            "created_time": "2025-03-17T21:31:46.018499Z",
            "yes_price": 29,
            "no_price": 71,
            "taker_side": "yes"
        },
        {
            "trade_id": "8b155dc1-96dc-451d-8566-1062db917627",
            "ticker": "KXHIGHDEN-25MAR17-B72.5",
            "count": 32,
            "created_time": "2025-03-17T21:29:48.355412Z",
            "yes_price": 30,
            "no_price": 70,
            "taker_side": "yes"
        },
        {
            "trade_id": "b8d87676-ee8d-4ef6-b381-7d06d9cab500",
            "ticker": "KXHIGHDEN-25MAR17-B72.5",
            "count": 150,
            "created_time": "2025-03-17T21:29:22.244134Z",
            "yes_price": 16,
            "no_price": 84,
            "taker_side": "no"
        },
        {
            "trade_id": "9ef23163-fa0d-47b3-8b7a-ff1b0ec459f9",
            "ticker": "KXHIGHDEN-25MAR17-B72.5",
            "count": 50,
            "created_time": "2025-03-17T21:29:22.244134Z",
            "yes_price": 16,
            "no_price": 84,
            "taker_side": "no"
        },
        {
            "trade_id": "cc276841-3989-4d48-9f9c-b0ebf9ac9f46",
            "ticker": "KXHIGHDEN-25MAR17-B72.5",
            "count": 150,
            "created_time": "2025-03-17T21:27:05.69646Z",
            "yes_price": 26,
            "no_price": 74,
            "taker_side": "yes"
        },
        {
            "trade_id": "83acf039-58e2-4f32-8354-56b67c720f60",
            "ticker": "KXHIGHDEN-25MAR17-B72.5",
            "count": 100,
            "created_time": "2025-03-17T21:27:05.69646Z",
            "yes_price": 28,
            "no_price": 72,
            "taker_side": "yes"
        },
        {
            "trade_id": "78c61a6d-034e-49d2-9a0b-db50f4191878",
            "ticker": "KXHIGHDEN-25MAR17-B72.5",
            "count": 100,
            "created_time": "2025-03-17T21:27:05.69646Z",
            "yes_price": 25,
            "no_price": 75,
            "taker_side": "yes"
        },
        {
            "trade_id": "ebe02b4a-9de0-41e3-891f-9614046e2843",
            "ticker": "KXHIGHDEN-25MAR17-B72.5",
            "count": 20,
            "created_time": "2025-03-17T21:25:13.066176Z",
            "yes_price": 13,
            "no_price": 87,
            "taker_side": "no"
        },
        {
            "trade_id": "7edc2e23-54b3-4908-a9bb-8f35e31cd400",
            "ticker": "KXHIGHDEN-25MAR17-B72.5",
            "count": 150,
            "created_time": "2025-03-17T21:23:48.383764Z",
            "yes_price": 14,
            "no_price": 86,
            "taker_side": "no"
        },
        {
            "trade_id": "28bd00f4-6ba5-4c45-879b-fb369331a0fb",
            "ticker": "KXHIGHDEN-25MAR17-B72.5",
            "count": 250,
            "created_time": "2025-03-17T21:23:48.383764Z",
            "yes_price": 14,
            "no_price": 86,
            "taker_side": "no"
        },
        {
            "trade_id": "4c653463-ad74-4cbe-a92c-55122139eab9",
            "ticker": "KXHIGHDEN-25MAR17-B72.5",
            "count": 150,
            "created_time": "2025-03-17T21:23:43.537152Z",
            "yes_price": 14,
            "no_price": 86,
            "taker_side": "no"
        },
        {
            "trade_id": "d49986df-0503-41c7-996d-a9a85c3c7f03",
            "ticker": "KXHIGHDEN-25MAR17-B72.5",
            "count": 17,
            "created_time": "2025-03-17T21:20:42.65985Z",
            "yes_price": 14,
            "no_price": 86,
            "taker_side": "no"
        },
        {
            "trade_id": "6c701a45-a748-478e-8565-fe759208dce3",
            "ticker": "KXHIGHDEN-25MAR17-B72.5",
            "count": 150,
            "created_time": "2025-03-17T21:20:42.65985Z",
            "yes_price": 12,
            "no_price": 88,
            "taker_side": "no"
        },
        {
            "trade_id": "152d4d33-3e94-4358-81c4-7b804021ff2c",
            "ticker": "KXHIGHDEN-25MAR17-B72.5",
            "count": 326,
            "created_time": "2025-03-17T21:20:42.65985Z",
            "yes_price": 11,
            "no_price": 89,
            "taker_side": "no"
        },
        {
            "trade_id": "07e23aac-8bc6-48b0-9cbc-764efe8a10e1",
            "ticker": "KXHIGHDEN-25MAR17-B72.5",
            "count": 5,
            "created_time": "2025-03-17T21:17:58.417569Z",
            "yes_price": 14,
            "no_price": 86,
            "taker_side": "no"
        },
        {
            "trade_id": "f490b99b-9212-4840-accc-a5d2dcabe5e2",
            "ticker": "KXHIGHDEN-25MAR17-B72.5",
            "count": 15,
            "created_time": "2025-03-17T21:17:36.474731Z",
            "yes_price": 18,
            "no_price": 82,
            "taker_side": "no"
        },
        {
            "trade_id": "551ec64f-4643-4aee-bc2b-af0fdce83f9b",
            "ticker": "KXHIGHDEN-25MAR17-B72.5",
            "count": 300,
            "created_time": "2025-03-17T21:17:36.474731Z",
            "yes_price": 17,
            "no_price": 83,
            "taker_side": "no"
        },
        {
            "trade_id": "87035ea9-9266-4b45-872f-6c67b32aabae",
            "ticker": "KXHIGHDEN-25MAR17-B72.5",
            "count": 15,
            "created_time": "2025-03-17T21:07:58.867128Z",
            "yes_price": 31,
            "no_price": 69,
            "taker_side": "yes"
        },
        {
            "trade_id": "1395c240-5f52-4747-9fff-d4f259a18780",
            "ticker": "KXHIGHDEN-25MAR17-B72.5",
            "count": 1,
            "created_time": "2025-03-17T21:06:10.450342Z",
            "yes_price": 20,
            "no_price": 80,
            "taker_side": "no"
        },
        {
            "trade_id": "73826b6c-5906-4213-af0c-34b03fb0981e",
            "ticker": "KXHIGHDEN-25MAR17-B72.5",
            "count": 2000,
            "created_time": "2025-03-17T21:03:58.644496Z",
            "yes_price": 27,
            "no_price": 73,
            "taker_side": "no"
        },
        {
            "trade_id": "7210ccc6-b380-4717-a5d4-05f51a035443",
            "ticker": "KXHIGHDEN-25MAR17-B72.5",
            "count": 150,
            "created_time": "2025-03-17T21:03:58.644496Z",
            "yes_price": 27,
            "no_price": 73,
            "taker_side": "no"
        },
        {
            "trade_id": "d18482c4-bc09-40ee-aa98-15067dd561f9",
            "ticker": "KXHIGHDEN-25MAR17-B72.5",
            "count": 25,
            "created_time": "2025-03-17T21:03:57.416393Z",
            "yes_price": 31,
            "no_price": 69,
            "taker_side": "no"
        },
        {
            "trade_id": "04f62705-0234-4667-8ec9-c93e262575d7",
            "ticker": "KXHIGHDEN-25MAR17-B72.5",
            "count": 269,
            "created_time": "2025-03-17T21:03:31.546493Z",
            "yes_price": 34,
            "no_price": 66,
