{
    "KXHIGHDEN-25MAY04-T71": [
        {
            "trade_id": "bcecb3fc-b606-4c31-af70-3fb1756d7a3a",
            "ticker": "KXHIGHDEN-25MAY04-T71",
            "count": 20,
            "created_time": "2025-05-04T19:55:05.965552Z",
            "yes_price": 1,
            "no_price": 99,
            "taker_side": "yes"
        },
        {
            "trade_id": "45f742b1-6f01-4edc-bf80-74545774e29b",
            "ticker": "KXHIGHDEN-25MAY04-T71",
            "count": 259,
            "created_time": "2025-05-04T19:55:05.965552Z",
            "yes_price": 1,
            "no_price": 99,
            "taker_side": "yes"
        }
    ],
    "KXHIGHDEN-25MAY04-B71.5": [
        {
            "trade_id": "8e13a355-bf59-457a-bf66-cf4c33706d53",
            "ticker": "KXHIGHDEN-25MAY04-B71.5",
            "count": 250,
            "created_time": "2025-05-04T19:54:40.283509Z",
            "yes_price": 1,
            "no_price": 99,
            "taker_side": "yes"
        },
        {
            "trade_id": "7f78943d-78ef-4273-840b-58034e3c0f3a",
            "ticker": "KXHIGHDEN-25MAY04-B71.5",
            "count": 9,
            "created_time": "2025-05-04T19:54:40.283509Z",
            "yes_price": 1,
            "no_price": 99,
            "taker_side": "yes"
        },
        {
            "trade_id": "37143220-104f-4ef7-85f2-672c36d3e0c7",
            "ticker": "KXHIGHDEN-25MAY04-B71.5",
            "count": 20,
            "created_time": "2025-05-04T19:54:40.283509Z",
            "yes_price": 1,
            "no_price": 99,
            "taker_side": "yes"
        }
    ],
    "KXHIGHDEN-25MAY04-B73.5": [
        {
            "trade_id": "09a8cc3e-c014-46ad-99ac-263b1d26205b",
            "ticker": "KXHIGHDEN-25MAY04-B73.5",
            "count": 23,
            "created_time": "2025-05-04T17:47:54.710787Z",
            "yes_price": 1,
            "no_price": 99,
            "taker_side": "yes"
        },
        {
            "trade_id": "c46d8c41-cd98-45a9-a686-8c376f121424",
            "ticker": "KXHIGHDEN-25MAY04-B73.5",
            "count": 40,
            "created_time": "2025-05-04T17:26:34.574306Z",
            "yes_price": 1,
            "no_price": 99,
            "taker_side": "no"
        },
        {
            "trade_id": "14e340c3-a286-46af-adf0-3dd25af35729",
            "ticker": "KXHIGHDEN-25MAY04-B73.5",
            "count": 7,
            "created_time": "2025-05-04T17:03:04.747005Z",
            "yes_price": 1,
            "no_price": 99,
            "taker_side": "no"
        },
        {
            "trade_id": "1656d7ea-4502-4a15-98c2-c73e266f4ace",
            "ticker": "KXHIGHDEN-25MAY04-B73.5",
            "count": 16,
            "created_time": "2025-05-04T16:04:03.641039Z",
            "yes_price": 2,
            "no_price": 98,
            "taker_side": "no"
        },
        {
            "trade_id": "b9b3ce21-58f0-4f97-9995-c24fde132544",
            "ticker": "KXHIGHDEN-25MAY04-B73.5",
            "count": 14,
            "created_time": "2025-05-04T14:02:14.676436Z",
            "yes_price": 1,
            "no_price": 99,
            "taker_side": "no"
        },
        {
            "trade_id": "c36623e1-e553-4c7d-83a7-25e29209336b",
            "ticker": "KXHIGHDEN-25MAY04-B73.5",
            "count": 5,
            "created_time": "2025-05-04T13:40:44.069129Z",
            "yes_price": 4,
            "no_price": 96,
            "taker_side": "yes"
        },
        {
            "trade_id": "ae77629e-723c-4c2b-a414-1fea4ef35161",
            "ticker": "KXHIGHDEN-25MAY04-B73.5",
            "count": 37,
            "created_time": "2025-05-04T12:00:50.021975Z",
            "yes_price": 1,
            "no_price": 99,
            "taker_side": "no"
        }
    ],
    "KXHIGHDEN-25MAY04-B75.5": [
        {
            "trade_id": "a1c3d5dd-1955-4163-8887-2102e29228e7",
            "ticker": "KXHIGHDEN-25MAY04-B75.5",
            "count": 58,
            "created_time": "2025-05-04T20:48:47.411425Z",
            "yes_price": 1,
            "no_price": 99,
            "taker_side": "yes"
        },
        {
            "trade_id": "5f45f9f3-1837-4d88-837a-796f47a3b399",
            "ticker": "KXHIGHDEN-25MAY04-B75.5",
            "count": 1,
            "created_time": "2025-05-04T20:02:15.737018Z",
            "yes_price": 1,
            "no_price": 99,
            "taker_side": "yes"
        },
        {
            "trade_id": "99609584-3b06-4bea-8317-a73b42b6809e",
            "ticker": "KXHIGHDEN-25MAY04-B75.5",
            "count": 467,
            "created_time": "2025-05-04T19:40:28.945615Z",
            "yes_price": 1,
            "no_price": 99,
            "taker_side": "yes"
        },
        {
            "trade_id": "7ae7eb40-fa63-42c6-8535-ec62b0ee9847",
            "ticker": "KXHIGHDEN-25MAY04-B75.5",
            "count": 561,
            "created_time": "2025-05-04T19:38:04.959808Z",
            "yes_price": 1,
            "no_price": 99,
            "taker_side": "yes"
        },
        {
            "trade_id": "b4cc353c-3cec-4e22-855f-ab0c16d31a72",
            "ticker": "KXHIGHDEN-25MAY04-B75.5",
            "count": 935,
            "created_time": "2025-05-04T18:11:55.687222Z",
            "yes_price": 1,
            "no_price": 99,
            "taker_side": "yes"
        },
        {
            "trade_id": "d5dc6777-40aa-4552-b53b-3b5ff069420f",
            "ticker": "KXHIGHDEN-25MAY04-B75.5",
            "count": 40,
            "created_time": "2025-05-04T18:07:07.770571Z",
            "yes_price": 3,
            "no_price": 97,
            "taker_side": "no"
        },
        {
            "trade_id": "d3d722d5-699e-49ba-85f4-9dd01e8e8f1e",
            "ticker": "KXHIGHDEN-25MAY04-B75.5",
            "count": 13,
            "created_time": "2025-05-04T18:07:07.770571Z",
            "yes_price": 4,
            "no_price": 96,
            "taker_side": "no"
        },
        {
            "trade_id": "d26c72dc-956a-445a-b3d0-44163117aeab",
            "ticker": "KXHIGHDEN-25MAY04-B75.5",
            "count": 10,
            "created_time": "2025-05-04T18:07:07.770571Z",
            "yes_price": 14,
            "no_price": 86,
            "taker_side": "no"
        },
        {
            "trade_id": "c702db12-aa14-4737-92c1-18a10db9427d",
            "ticker": "KXHIGHDEN-25MAY04-B75.5",
            "count": 30,
            "created_time": "2025-05-04T18:07:07.770571Z",
            "yes_price": 13,
            "no_price": 87,
            "taker_side": "no"
        },
        {
            "trade_id": "59edf833-8b16-4d15-811f-9451e571cb1f",
            "ticker": "KXHIGHDEN-25MAY04-B75.5",
            "count": 40,
            "created_time": "2025-05-04T18:07:07.770571Z",
            "yes_price": 5,
            "no_price": 95,
            "taker_side": "no"
        },
        {
            "trade_id": "4faf8cc4-b441-4d6d-90c8-7bb01b71cc9f",
            "ticker": "KXHIGHDEN-25MAY04-B75.5",
            "count": 9,
            "created_time": "2025-05-04T18:07:07.770571Z",
            "yes_price": 6,
            "no_price": 94,
            "taker_side": "no"
        },
        {
            "trade_id": "053149b5-1c8d-4c9d-bdf6-00689d008184",
            "ticker": "KXHIGHDEN-25MAY04-B75.5",
            "count": 1,
            "created_time": "2025-05-04T18:07:07.770571Z",
            "yes_price": 12,
            "no_price": 88,
            "taker_side": "no"
        },
        {
            "trade_id": "4a9eb781-df63-4926-ab1a-a0e489994340",
            "ticker": "KXHIGHDEN-25MAY04-B75.5",
            "count": 2,
            "created_time": "2025-05-04T17:48:02.209595Z",
            "yes_price": 14,
            "no_price": 86,
            "taker_side": "no"
        },
        {
            "trade_id": "0f1dcd83-98de-4c22-9fcd-6b211abcffef",
            "ticker": "KXHIGHDEN-25MAY04-B75.5",
            "count": 1,
            "created_time": "2025-05-04T17:48:02.209595Z",
            "yes_price": 13,
            "no_price": 87,
            "taker_side": "no"
        },
        {
            "trade_id": "337f1e73-8a4f-4220-9f59-311957e38761",
            "ticker": "KXHIGHDEN-25MAY04-B75.5",
            "count": 17,
            "created_time": "2025-05-04T17:47:07.090449Z",
            "yes_price": 16,
            "no_price": 84,
            "taker_side": "yes"
        },
        {
            "trade_id": "94b46f4c-f9e9-4e29-9f2e-9524ecda053b",
            "ticker": "KXHIGHDEN-25MAY04-B75.5",
            "count": 109,
            "created_time": "2025-05-04T17:28:19.884696Z",
            "yes_price": 14,
            "no_price": 86,
            "taker_side": "no"
        },
        {
            "trade_id": "1340e21b-0042-4aa8-8f2d-a87b33b4d73c",
            "ticker": "KXHIGHDEN-25MAY04-B75.5",
            "count": 3,
            "created_time": "2025-05-04T17:21:49.944839Z",
            "yes_price": 15,
            "no_price": 85,
            "taker_side": "no"
        },
        {
            "trade_id": "c3d42b75-8773-4ee7-99e0-bf0b61baf724",
            "ticker": "KXHIGHDEN-25MAY04-B75.5",
            "count": 1,
            "created_time": "2025-05-04T17:05:19.378049Z",
            "yes_price": 14,
            "no_price": 86,
            "taker_side": "no"
        },
        {
            "trade_id": "89b06d7c-88a2-4ddb-af00-3343cc65539a",
            "ticker": "KXHIGHDEN-25MAY04-B75.5",
            "count": 40,
            "created_time": "2025-05-04T17:04:31.92162Z",
            "yes_price": 14,
            "no_price": 86,
            "taker_side": "yes"
        },
        {
            "trade_id": "6f0eebc4-ccbc-4fdc-9527-d05d4b31733e",
            "ticker": "KXHIGHDEN-25MAY04-B75.5",
            "count": 50,
            "created_time": "2025-05-04T16:34:05.728121Z",
            "yes_price": 11,
            "no_price": 89,
            "taker_side": "yes"
        },
        {
            "trade_id": "e440e9ca-c97f-41f1-8fb0-f0a644cf1baf",
            "ticker": "KXHIGHDEN-25MAY04-B75.5",
            "count": 20,
            "created_time": "2025-05-04T16:12:56.12279Z",
            "yes_price": 14,
            "no_price": 86,
            "taker_side": "yes"
        },
        {
            "trade_id": "ca6f57ac-bc22-4a4e-9a1b-f6b68c979f68",
            "ticker": "KXHIGHDEN-25MAY04-B75.5",
            "count": 13,
            "created_time": "2025-05-04T16:03:56.464972Z",
            "yes_price": 12,
            "no_price": 88,
            "taker_side": "no"
        },
        {
            "trade_id": "898f6143-6f59-4800-8fa8-bb5e1fb8dea5",
            "ticker": "KXHIGHDEN-25MAY04-B75.5",
            "count": 36,
            "created_time": "2025-05-04T16:03:56.464972Z",
            "yes_price": 11,
            "no_price": 89,
            "taker_side": "no"
        },
        {
            "trade_id": "2540bd0f-b32a-4bd3-8882-347f66eb28f9",
            "ticker": "KXHIGHDEN-25MAY04-B75.5",
            "count": 50,
            "created_time": "2025-05-04T16:03:56.464972Z",
            "yes_price": 11,
            "no_price": 89,
            "taker_side": "no"
        },
        {
            "trade_id": "05dd2aea-124e-4967-ba0f-a711b73c10f2",
            "ticker": "KXHIGHDEN-25MAY04-B75.5",
            "count": 3,
            "created_time": "2025-05-04T15:35:42.225103Z",
            "yes_price": 19,
            "no_price": 81,
            "taker_side": "yes"
        },
        {
            "trade_id": "da4bf07c-2163-41ef-8117-447abdf08efe",
            "ticker": "KXHIGHDEN-25MAY04-B75.5",
            "count": 24,
            "created_time": "2025-05-04T15:34:32.618551Z",
            "yes_price": 19,
            "no_price": 81,
            "taker_side": "yes"
        },
        {
            "trade_id": "b0751f8a-4d82-4b17-a86a-a52f7606e2cb",
            "ticker": "KXHIGHDEN-25MAY04-B75.5",
            "count": 50,
            "created_time": "2025-05-04T15:03:29.771666Z",
            "yes_price": 16,
            "no_price": 84,
            "taker_side": "yes"
        },
        {
            "trade_id": "e685236c-c83b-4b0b-94bf-d62fef1e0d5c",
            "ticker": "KXHIGHDEN-25MAY04-B75.5",
            "count": 40,
            "created_time": "2025-05-04T14:36:33.522627Z",
            "yes_price": 15,
            "no_price": 85,
            "taker_side": "yes"
        },
        {
            "trade_id": "d74d70b5-86d8-45a6-ac77-41427347e58a",
            "ticker": "KXHIGHDEN-25MAY04-B75.5",
            "count": 50,
            "created_time": "2025-05-04T14:36:27.461929Z",
            "yes_price": 12,
            "no_price": 88,
            "taker_side": "no"
        },
        {
            "trade_id": "27b6f6d7-93c2-4957-82cc-1b779a5ffd39",
            "ticker": "KXHIGHDEN-25MAY04-B75.5",
            "count": 62,
            "created_time": "2025-05-04T14:36:27.461929Z",
            "yes_price": 12,
            "no_price": 88,
            "taker_side": "no"
        },
        {
            "trade_id": "c289ab84-c617-4fb9-940e-0bff4c5336f4",
            "ticker": "KXHIGHDEN-25MAY04-B75.5",
            "count": 15,
            "created_time": "2025-05-04T14:21:04.946726Z",
            "yes_price": 13,
            "no_price": 87,
            "taker_side": "no"
        },
        {
            "trade_id": "a091e231-9cb1-46fa-a918-239d15cca7af",
            "ticker": "KXHIGHDEN-25MAY04-B75.5",
            "count": 5,
            "created_time": "2025-05-04T14:02:06.741943Z",
            "yes_price": 15,
            "no_price": 85,
            "taker_side": "no"
        },
        {
            "trade_id": "d2eb9945-dfaa-4d2b-8dc7-7176acbbb55b",
            "ticker": "KXHIGHDEN-25MAY04-B75.5",
            "count": 15,
            "created_time": "2025-05-04T13:27:55.70327Z",
            "yes_price": 16,
            "no_price": 84,
            "taker_side": "yes"
        },
        {
            "trade_id": "750cea57-9bc9-4a43-b289-46cb1cf907b7",
            "ticker": "KXHIGHDEN-25MAY04-B75.5",
            "count": 50,
            "created_time": "2025-05-04T13:27:55.70327Z",
            "yes_price": 17,
            "no_price": 83,
            "taker_side": "yes"
        },
        {
            "trade_id": "6f5a21e4-53d1-48bc-8dd1-a8fc4bf15c01",
            "ticker": "KXHIGHDEN-25MAY04-B75.5",
            "count": 19,
            "created_time": "2025-05-04T13:27:55.70327Z",
            "yes_price": 19,
            "no_price": 81,
            "taker_side": "yes"
        },
        {
            "trade_id": "68847975-bf98-4170-9755-3ed7ef27e624",
            "ticker": "KXHIGHDEN-25MAY04-B75.5",
            "count": 25,
            "created_time": "2025-05-04T13:27:55.70327Z",
            "yes_price": 17,
            "no_price": 83,
            "taker_side": "yes"
        },
        {
            "trade_id": "786281e1-cd4f-44e9-978e-2631aff3d0b5",
            "ticker": "KXHIGHDEN-25MAY04-B75.5",
            "count": 7,
            "created_time": "2025-05-04T12:29:44.039759Z",
            "yes_price": 15,
            "no_price": 85,
            "taker_side": "no"
        },
        {
            "trade_id": "1627f5ce-fe0b-4dd2-b299-6e9eaf0afffc",
            "ticker": "KXHIGHDEN-25MAY04-B75.5",
            "count": 51,
            "created_time": "2025-05-04T12:29:44.039759Z",
            "yes_price": 15,
            "no_price": 85,
            "taker_side": "no"
        },
        {
            "trade_id": "93ae1366-f6c5-4d2a-82d1-db6c459c55a2",
            "ticker": "KXHIGHDEN-25MAY04-B75.5",
            "count": 13,
            "created_time": "2025-05-04T12:00:50.020633Z",
            "yes_price": 20,
            "no_price": 80,
            "taker_side": "no"
        },
        {
            "trade_id": "702c96dd-857d-4147-bc92-3fe0cc964c9d",
            "ticker": "KXHIGHDEN-25MAY04-B75.5",
            "count": 15,
            "created_time": "2025-05-04T12:00:50.020633Z",
            "yes_price": 16,
            "no_price": 84,
            "taker_side": "no"
        },
        {
            "trade_id": "12407fa5-df5b-4778-90ba-cbed073abe65",
            "ticker": "KXHIGHDEN-25MAY04-B75.5",
            "count": 9,
            "created_time": "2025-05-04T12:00:50.020633Z",
            "yes_price": 15,
            "no_price": 85,
            "taker_side": "no"
        },
        {
            "trade_id": "422227c1-fd84-4ab2-b40b-6bad60d7bbeb",
            "ticker": "KXHIGHDEN-25MAY04-B75.5",
            "count": 79,
            "created_time": "2025-05-04T12:00:49.982083Z",
            "yes_price": 20,
            "no_price": 80,
            "taker_side": "no"
        },
        {
            "trade_id": "20cae4c4-bb5f-46a3-83de-a2f0132797cb",
            "ticker": "KXHIGHDEN-25MAY04-B75.5",
            "count": 118,
            "created_time": "2025-05-04T12:00:18.20252Z",
            "yes_price": 20,
            "no_price": 80,
            "taker_side": "no"
        },
        {
            "trade_id": "408e56c0-284a-4193-98da-57277c88ce85",
            "ticker": "KXHIGHDEN-25MAY04-B75.5",
            "count": 118,
            "created_time": "2025-05-04T12:00:12.871484Z",
            "yes_price": 20,
            "no_price": 80,
            "taker_side": "no"
        },
        {
            "trade_id": "6e7db6a1-0dbc-4477-b63b-4e11c0075f08",
            "ticker": "KXHIGHDEN-25MAY04-B75.5",
            "count": 93,
            "created_time": "2025-05-04T12:00:07.343005Z",
            "yes_price": 20,
            "no_price": 80,
            "taker_side": "no"
        },
        {
            "trade_id": "3727ac2c-ece6-49af-a417-f6181e3fd5a8",
            "ticker": "KXHIGHDEN-25MAY04-B75.5",
            "count": 25,
            "created_time": "2025-05-04T12:00:07.343005Z",
            "yes_price": 21,
            "no_price": 79,
            "taker_side": "no"
        },
        {
            "trade_id": "10265bb6-694e-46f6-9139-73da6ee4dcc2",
            "ticker": "KXHIGHDEN-25MAY04-B75.5",
            "count": 79,
            "created_time": "2025-05-04T12:00:05.572928Z",
            "yes_price": 20,
            "no_price": 80,
            "taker_side": "no"
        },
        {
            "trade_id": "059c6e69-b58c-4aeb-bb69-4cc39c141cf0",
            "ticker": "KXHIGHDEN-25MAY04-B75.5",
            "count": 176,
            "created_time": "2025-05-04T06:42:24.82505Z",
            "yes_price": 27,
            "no_price": 73,
            "taker_side": "yes"
        },
        {
            "trade_id": "6c68b2db-79df-438a-a5c8-af877791bc81",
            "ticker": "KXHIGHDEN-25MAY04-B75.5",
            "count": 168,
            "created_time": "2025-05-04T06:25:12.562006Z",
            "yes_price": 27,
            "no_price": 73,
            "taker_side": "yes"
        },
        {
            "trade_id": "0f82b3d5-076b-4d18-82bc-342759d59a0e",
            "ticker": "KXHIGHDEN-25MAY04-B75.5",
            "count": 8,
            "created_time": "2025-05-04T06:25:12.562006Z",
            "yes_price": 26,
            "no_price": 74,
            "taker_side": "yes"
        },
        {
            "trade_id": "1a16d997-1cb9-445b-969a-0a043a71c925",
            "ticker": "KXHIGHDEN-25MAY04-B75.5",
            "count": 400,
            "created_time": "2025-05-04T06:14:37.641693Z",
            "yes_price": 27,
            "no_price": 73,
            "taker_side": "yes"
        },
        {
            "trade_id": "a7d537e4-8829-4947-972a-68432c9f8358",
            "ticker": "KXHIGHDEN-25MAY04-B75.5",
            "count": 40,
            "created_time": "2025-05-04T06:14:16.73805Z",
            "yes_price": 26,
            "no_price": 74,
            "taker_side": "yes"
        },
        {
            "trade_id": "54c805b2-8e2e-443b-ae5b-d48569079e5c",
            "ticker": "KXHIGHDEN-25MAY04-B75.5",
            "count": 48,
            "created_time": "2025-05-04T06:14:16.73805Z",
            "yes_price": 26,
            "no_price": 74,
            "taker_side": "yes"
        },
        {
            "trade_id": "96de3037-7fdb-4e58-80e7-52e7fba9c958",
            "ticker": "KXHIGHDEN-25MAY04-B75.5",
            "count": 30,
            "created_time": "2025-05-04T04:30:00.551479Z",
            "yes_price": 25,
            "no_price": 75,
            "taker_side": "yes"
        },
        {
            "trade_id": "731711eb-9a67-4beb-b5d9-55922e4a05d8",
            "ticker": "KXHIGHDEN-25MAY04-B75.5",
            "count": 734,
            "created_time": "2025-05-04T02:52:55.481149Z",
            "yes_price": 22,
            "no_price": 78,
            "taker_side": "yes"
        },
        {
            "trade_id": "d6f276af-813a-4c4f-b703-fe2e5c1cd6b7",
            "ticker": "KXHIGHDEN-25MAY04-B75.5",
            "count": 25,
            "created_time": "2025-05-04T02:43:23.473429Z",
            "yes_price": 22,
            "no_price": 78,
            "taker_side": "yes"
        },
        {
            "trade_id": "f17fd67f-8b27-4591-a385-6ac58268f243",
            "ticker": "KXHIGHDEN-25MAY04-B75.5",
            "count": 50,
            "created_time": "2025-05-04T02:43:05.916289Z",
            "yes_price": 22,
            "no_price": 78,
            "taker_side": "yes"
        },
        {
            "trade_id": "c923c122-653a-4930-936c-7dfaa9fa8c28",
            "ticker": "KXHIGHDEN-25MAY04-B75.5",
            "count": 1,
            "created_time": "2025-05-04T02:42:44.153064Z",
            "yes_price": 21,
            "no_price": 79,
            "taker_side": "yes"
        },
        {
            "trade_id": "1287f796-f006-4c8f-8c93-d986e446bec6",
            "ticker": "KXHIGHDEN-25MAY04-B75.5",
            "count": 4,
            "created_time": "2025-05-04T02:33:47.412917Z",
            "yes_price": 22,
            "no_price": 78,
            "taker_side": "yes"
        },
        {
            "trade_id": "3fbc20bc-b497-41c4-a651-529e581e0a11",
            "ticker": "KXHIGHDEN-25MAY04-B75.5",
            "count": 38,
            "created_time": "2025-05-04T02:32:12.824082Z",
            "yes_price": 22,
            "no_price": 78,
            "taker_side": "yes"
        },
        {
            "trade_id": "cb048078-4e51-45d4-b370-b24e8e083527",
            "ticker": "KXHIGHDEN-25MAY04-B75.5",
            "count": 34,
            "created_time": "2025-05-04T02:30:45.354148Z",
            "yes_price": 22,
            "no_price": 78,
            "taker_side": "yes"
        },
        {
            "trade_id": "e44f6abc-090a-4d0e-a266-67b9ef538061",
            "ticker": "KXHIGHDEN-25MAY04-B75.5",
            "count": 93,
            "created_time": "2025-05-04T02:29:58.708497Z",
            "yes_price": 22,
            "no_price": 78,
            "taker_side": "no"
        },
        {
            "trade_id": "b9c30e5f-6350-4400-a391-09e2471bb1d3",
            "ticker": "KXHIGHDEN-25MAY04-B75.5",
            "count": 22,
            "created_time": "2025-05-04T02:29:58.708497Z",
            "yes_price": 22,
            "no_price": 78,
            "taker_side": "no"
        },
        {
            "trade_id": "e8841b23-0878-435a-9397-23df67e0152f",
            "ticker": "KXHIGHDEN-25MAY04-B75.5",
            "count": 1,
            "created_time": "2025-05-04T02:25:15.584446Z",
            "yes_price": 24,
            "no_price": 76,
            "taker_side": "no"
        },
        {
            "trade_id": "f2995834-a513-4fd8-806d-f032ce2e113c",
            "ticker": "KXHIGHDEN-25MAY04-B75.5",
            "count": 6,
            "created_time": "2025-05-04T02:13:36.068075Z",
            "yes_price": 28,
            "no_price": 72,
            "taker_side": "yes"
        },
        {
            "trade_id": "7d9f52aa-945c-47eb-8d3a-67d58871e854",
            "ticker": "KXHIGHDEN-25MAY04-B75.5",
            "count": 6,
            "created_time": "2025-05-04T02:09:28.601646Z",
            "yes_price": 28,
            "no_price": 72,
            "taker_side": "yes"
        },
        {
            "trade_id": "9e8cde31-09e5-4594-9cac-a8e6b2812759",
            "ticker": "KXHIGHDEN-25MAY04-B75.5",
            "count": 1,
            "created_time": "2025-05-04T01:31:39.902256Z",
            "yes_price": 27,
            "no_price": 73,
            "taker_side": "yes"
        },
        {
            "trade_id": "29f33440-68ee-4889-9fa9-73be440f0c53",
            "ticker": "KXHIGHDEN-25MAY04-B75.5",
            "count": 9,
            "created_time": "2025-05-04T01:31:39.902256Z",
            "yes_price": 28,
            "no_price": 72,
            "taker_side": "yes"
        },
        {
            "trade_id": "07c508f4-b783-433e-9080-bbebe8f8bff3",
            "ticker": "KXHIGHDEN-25MAY04-B75.5",
            "count": 4,
            "created_time": "2025-05-04T01:30:31.945642Z",
            "yes_price": 27,
            "no_price": 73,
            "taker_side": "yes"
        },
        {
            "trade_id": "f3e46ff1-486a-4cf9-8b4f-b1f8977f20e3",
            "ticker": "KXHIGHDEN-25MAY04-B75.5",
            "count": 9,
            "created_time": "2025-05-03T23:51:37.493466Z",
            "yes_price": 28,
            "no_price": 72,
            "taker_side": "yes"
        },
        {
            "trade_id": "cbc492a4-3523-41a6-a473-344189004ebf",
            "ticker": "KXHIGHDEN-25MAY04-B75.5",
            "count": 25,
            "created_time": "2025-05-03T23:51:37.493466Z",
            "yes_price": 28,
            "no_price": 72,
            "taker_side": "yes"
        },
        {
            "trade_id": "d2b14fef-7c85-437a-995b-8637188127b1",
            "ticker": "KXHIGHDEN-25MAY04-B75.5",
            "count": 45,
            "created_time": "2025-05-03T21:23:42.230527Z",
            "yes_price": 20,
            "no_price": 80,
            "taker_side": "no"
        },
        {
            "trade_id": "c2c18509-f1ac-4a8a-bddc-18ee16b08f41",
            "ticker": "KXHIGHDEN-25MAY04-B75.5",
            "count": 5,
            "created_time": "2025-05-03T21:23:42.230527Z",
            "yes_price": 21,
            "no_price": 79,
            "taker_side": "no"
        },
        {
            "trade_id": "cec5c682-b57e-487e-abc5-139d9fb2f59c",
            "ticker": "KXHIGHDEN-25MAY04-B75.5",
            "count": 15,
            "created_time": "2025-05-03T20:09:26.678668Z",
            "yes_price": 21,
            "no_price": 79,
            "taker_side": "yes"
        },
        {
            "trade_id": "318558f3-f149-4918-93d0-9d21d0e9ab77",
            "ticker": "KXHIGHDEN-25MAY04-B75.5",
            "count": 30,
            "created_time": "2025-05-03T20:09:26.678668Z",
            "yes_price": 21,
            "no_price": 79,
            "taker_side": "yes"
        },
        {
            "trade_id": "a7a65654-d7b1-4673-9e79-c34590cf96ef",
            "ticker": "KXHIGHDEN-25MAY04-B75.5",
            "count": 24,
            "created_time": "2025-05-03T18:39:44.813782Z",
            "yes_price": 25,
            "no_price": 75,
            "taker_side": "no"
        },
        {
            "trade_id": "4cbe5233-07c9-4a71-8883-4592732a2ac1",
            "ticker": "KXHIGHDEN-25MAY04-B75.5",
            "count": 26,
            "created_time": "2025-05-03T18:36:40.193748Z",
            "yes_price": 25,
            "no_price": 75,
            "taker_side": "no"
        },
        {
            "trade_id": "fcbd063e-1ce7-4670-b449-b3970ff0a9d0",
            "ticker": "KXHIGHDEN-25MAY04-B75.5",
            "count": 9,
            "created_time": "2025-05-03T15:08:44.113013Z",
            "yes_price": 30,
            "no_price": 70,
            "taker_side": "yes"
        },
        {
            "trade_id": "a7d982c2-9933-4781-be16-ba7fc368cae2",
            "ticker": "KXHIGHDEN-25MAY04-B75.5",
            "count": 4,
            "created_time": "2025-05-03T15:06:03.137171Z",
            "yes_price": 30,
            "no_price": 70,
            "taker_side": "yes"
        },
        {
            "trade_id": "49ff93ad-b804-449e-b333-5265aa31ee27",
            "ticker": "KXHIGHDEN-25MAY04-B75.5",
            "count": 94,
            "created_time": "2025-05-03T15:04:14.894792Z",
            "yes_price": 30,
            "no_price": 70,
            "taker_side": "yes"
        },
        {
            "trade_id": "ec3f2317-840b-466c-b636-d467106ca6ff",
            "ticker": "KXHIGHDEN-25MAY04-B75.5",
            "count": 75,
            "created_time": "2025-05-03T15:00:03.323731Z",
            "yes_price": 29,
            "no_price": 71,
            "taker_side": "yes"
        }
    ],
    "KXHIGHDEN-25MAY04-B77.5": [
        {
            "trade_id": "69ea5577-db24-4e0a-a3c3-251a828461dd",
            "ticker": "KXHIGHDEN-25MAY04-B77.5",
            "count": 40,
            "created_time": "2025-05-04T20:50:33.35597Z",
            "yes_price": 1,
            "no_price": 99,
            "taker_side": "yes"
        },
        {
            "trade_id": "2d397003-3ff3-4f8e-bcee-06763cef97a4",
            "ticker": "KXHIGHDEN-25MAY04-B77.5",
            "count": 40,
            "created_time": "2025-05-04T20:50:32.271239Z",
            "yes_price": 1,
            "no_price": 99,
            "taker_side": "yes"
        },
        {
            "trade_id": "1b4bfbf7-bc92-4634-84f8-01851e369766",
            "ticker": "KXHIGHDEN-25MAY04-B77.5",
            "count": 1,
            "created_time": "2025-05-04T20:35:53.192112Z",
            "yes_price": 1,
            "no_price": 99,
            "taker_side": "yes"
        },
        {
            "trade_id": "b9b9e793-8bf1-4c7a-85fb-303d79236de1",
            "ticker": "KXHIGHDEN-25MAY04-B77.5",
            "count": 935,
            "created_time": "2025-05-04T20:25:12.962123Z",
            "yes_price": 1,
            "no_price": 99,
            "taker_side": "yes"
        },
        {
            "trade_id": "b23096e1-c893-46ac-b952-9dcc1d521a69",
            "ticker": "KXHIGHDEN-25MAY04-B77.5",
            "count": 1402,
            "created_time": "2025-05-04T20:00:06.977745Z",
            "yes_price": 1,
            "no_price": 99,
            "taker_side": "yes"
        },
        {
            "trade_id": "e55f8bd3-82fa-4d60-89e6-ff74ab75443b",
            "ticker": "KXHIGHDEN-25MAY04-B77.5",
            "count": 280,
            "created_time": "2025-05-04T19:52:47.473787Z",
            "yes_price": 1,
            "no_price": 99,
            "taker_side": "yes"
        },
        {
            "trade_id": "a3f8d94b-bd45-4d87-8629-6374d699bf03",
            "ticker": "KXHIGHDEN-25MAY04-B77.5",
            "count": 203,
            "created_time": "2025-05-04T19:51:31.913832Z",
            "yes_price": 1,
            "no_price": 99,
            "taker_side": "yes"
        },
        {
            "trade_id": "5fdbc8e9-e44f-4a1d-ac46-617ff906393b",
            "ticker": "KXHIGHDEN-25MAY04-B77.5",
            "count": 100,
            "created_time": "2025-05-04T19:48:41.848126Z",
            "yes_price": 1,
            "no_price": 99,
            "taker_side": "yes"
        },
        {
            "trade_id": "b6295547-0469-41ff-8a3c-4a678c902c2e",
            "ticker": "KXHIGHDEN-25MAY04-B77.5",
            "count": 467,
            "created_time": "2025-05-04T19:47:51.664667Z",
            "yes_price": 1,
            "no_price": 99,
            "taker_side": "yes"
        },
        {
            "trade_id": "416c36ad-eb5b-4904-a0ff-5ec40a4b4975",
            "ticker": "KXHIGHDEN-25MAY04-B77.5",
            "count": 19,
            "created_time": "2025-05-04T19:47:07.671851Z",
            "yes_price": 1,
            "no_price": 99,
            "taker_side": "no"
        },
        {
            "trade_id": "24346dd7-7706-4b19-a9b5-0914192612c8",
            "ticker": "KXHIGHDEN-25MAY04-B77.5",
            "count": 403,
            "created_time": "2025-05-04T19:47:03.470262Z",
            "yes_price": 2,
            "no_price": 98,
            "taker_side": "no"
        },
        {
            "trade_id": "86d57657-1992-4ac8-a00c-5a1c237308c2",
            "ticker": "KXHIGHDEN-25MAY04-B77.5",
            "count": 40,
            "created_time": "2025-05-04T19:47:02.566253Z",
            "yes_price": 3,
            "no_price": 97,
            "taker_side": "no"
        },
        {
            "trade_id": "5c4a6a54-98d6-47da-9f70-5888e6ae7d92",
            "ticker": "KXHIGHDEN-25MAY04-B77.5",
            "count": 200,
            "created_time": "2025-05-04T19:44:31.64236Z",
            "yes_price": 20,
            "no_price": 80,
            "taker_side": "no"
        },
        {
            "trade_id": "7e2f97f6-b64a-4e03-bbe3-0dfc24c9d5e3",
            "ticker": "KXHIGHDEN-25MAY04-B77.5",
            "count": 8,
            "created_time": "2025-05-04T19:39:31.468541Z",
            "yes_price": 24,
            "no_price": 76,
            "taker_side": "yes"
        },
        {
            "trade_id": "6068746e-b117-4586-9067-b49ff267de70",
            "ticker": "KXHIGHDEN-25MAY04-B77.5",
            "count": 2,
            "created_time": "2025-05-04T19:39:31.468541Z",
            "yes_price": 25,
            "no_price": 75,
            "taker_side": "yes"
        },
        {
            "trade_id": "b0271d0a-71ca-4b11-9823-bd711eee3ccf",
            "ticker": "KXHIGHDEN-25MAY04-B77.5",
            "count": 7,
            "created_time": "2025-05-04T19:39:28.012359Z",
            "yes_price": 24,
            "no_price": 76,
            "taker_side": "yes"
        },
        {
            "trade_id": "a0aef745-27bd-4ca3-8937-3787e8028108",
            "ticker": "KXHIGHDEN-25MAY04-B77.5",
            "count": 15,
            "created_time": "2025-05-04T19:38:44.951611Z",
            "yes_price": 22,
            "no_price": 78,
            "taker_side": "no"
        },
        {
            "trade_id": "1d2594b9-4ce4-4484-8e77-cc95a4b1f6b4",
            "ticker": "KXHIGHDEN-25MAY04-B77.5",
            "count": 285,
            "created_time": "2025-05-04T19:38:44.951611Z",
            "yes_price": 21,
            "no_price": 79,
            "taker_side": "no"
        },
        {
            "trade_id": "6bbc23dc-b2cb-4d6b-94b0-021960590691",
            "ticker": "KXHIGHDEN-25MAY04-B77.5",
            "count": 5,
            "created_time": "2025-05-04T19:37:37.309586Z",
            "yes_price": 29,
            "no_price": 71,
            "taker_side": "yes"
        },
        {
            "trade_id": "2baa5049-0109-4a04-bc5a-477be0e2899f",
            "ticker": "KXHIGHDEN-25MAY04-B77.5",
            "count": 1,
            "created_time": "2025-05-04T19:36:07.992643Z",
            "yes_price": 25,
            "no_price": 75,
            "taker_side": "yes"
        },
        {
            "trade_id": "34ef59a2-b2c9-439f-bd2d-37867fde1c07",
            "ticker": "KXHIGHDEN-25MAY04-B77.5",
            "count": 10,
            "created_time": "2025-05-04T19:33:59.931752Z",
            "yes_price": 28,
            "no_price": 72,
            "taker_side": "yes"
        },
        {
            "trade_id": "e77c75f6-ce79-424e-b0c8-116dd5d9b601",
            "ticker": "KXHIGHDEN-25MAY04-B77.5",
            "count": 15,
            "created_time": "2025-05-04T19:31:26.420943Z",
            "yes_price": 22,
            "no_price": 78,
            "taker_side": "yes"
        },
        {
            "trade_id": "6bd64ced-4e92-4517-beac-c13b04d21afb",
            "ticker": "KXHIGHDEN-25MAY04-B77.5",
            "count": 15,
            "created_time": "2025-05-04T19:30:24.022917Z",
            "yes_price": 28,
            "no_price": 72,
            "taker_side": "no"
        },
        {
            "trade_id": "997e698f-e614-47d2-ba38-6c4ecf3ab037",
            "ticker": "KXHIGHDEN-25MAY04-B77.5",
            "count": 15,
            "created_time": "2025-05-04T19:23:38.169567Z",
            "yes_price": 24,
            "no_price": 76,
            "taker_side": "no"
        },
        {
            "trade_id": "88c209d9-fb4e-42f2-9211-6a2fb19456d2",
            "ticker": "KXHIGHDEN-25MAY04-B77.5",
            "count": 40,
            "created_time": "2025-05-04T19:23:38.169567Z",
            "yes_price": 25,
            "no_price": 75,
            "taker_side": "no"
        },
        {
            "trade_id": "68a1ee1d-9b2a-4b07-9dc8-3e2e50896b22",
            "ticker": "KXHIGHDEN-25MAY04-B77.5",
            "count": 12,
            "created_time": "2025-05-04T19:23:38.169567Z",
            "yes_price": 23,
            "no_price": 77,
            "taker_side": "no"
        },
        {
            "trade_id": "f8710472-5ffa-4822-b5c8-b66470484023",
            "ticker": "KXHIGHDEN-25MAY04-B77.5",
            "count": 8,
            "created_time": "2025-05-04T19:14:35.87268Z",
            "yes_price": 31,
            "no_price": 69,
            "taker_side": "yes"
        },
        {
            "trade_id": "4251323a-9670-4ed5-a5c0-b727732f5e95",
            "ticker": "KXHIGHDEN-25MAY04-B77.5",
            "count": 25,
            "created_time": "2025-05-04T19:14:35.87268Z",
            "yes_price": 35,
            "no_price": 65,
            "taker_side": "yes"
        },
        {
            "trade_id": "4213e968-9771-40aa-a57a-75923f1499c1",
            "ticker": "KXHIGHDEN-25MAY04-B77.5",
            "count": 50,
            "created_time": "2025-05-04T19:14:35.87268Z",
            "yes_price": 31,
            "no_price": 69,
            "taker_side": "yes"
        },
        {
            "trade_id": "5e14deb8-54cd-4409-a40e-56bc43087d31",
            "ticker": "KXHIGHDEN-25MAY04-B77.5",
            "count": 15,
            "created_time": "2025-05-04T19:10:39.063028Z",
            "yes_price": 34,
            "no_price": 66,
            "taker_side": "yes"
        },
        {
            "trade_id": "4d8ad34d-b1dc-488e-ad60-f3dfeea7bd36",
            "ticker": "KXHIGHDEN-25MAY04-B77.5",
            "count": 17,
            "created_time": "2025-05-04T19:10:18.5995Z",
            "yes_price": 28,
            "no_price": 72,
            "taker_side": "yes"
        },
        {
            "trade_id": "096bb036-0ce0-4de3-a335-dc844c4f7718",
            "ticker": "KXHIGHDEN-25MAY04-B77.5",
            "count": 50,
            "created_time": "2025-05-04T19:10:18.5995Z",
            "yes_price": 27,
            "no_price": 73,
            "taker_side": "yes"
        },
        {
            "trade_id": "56795ee8-a698-4d43-bd52-c8a312410d37",
            "ticker": "KXHIGHDEN-25MAY04-B77.5",
            "count": 12,
            "created_time": "2025-05-04T18:58:58.982598Z",
            "yes_price": 13,
            "no_price": 87,
            "taker_side": "no"
        },
        {
            "trade_id": "cfafbd48-e4f2-4c87-a154-5f499f75c3c6",
            "ticker": "KXHIGHDEN-25MAY04-B77.5",
            "count": 1,
            "created_time": "2025-05-04T18:56:44.364855Z",
            "yes_price": 13,
            "no_price": 87,
            "taker_side": "no"
        },
        {
            "trade_id": "6e0f5aac-532c-4e1d-9e50-4eb4dab8401c",
            "ticker": "KXHIGHDEN-25MAY04-B77.5",
            "count": 15,
            "created_time": "2025-05-04T18:56:12.101801Z",
            "yes_price": 12,
            "no_price": 88,
            "taker_side": "no"
        },
        {
            "trade_id": "e4e255b9-9275-44c4-b6f5-4cca3a9b23fb",
            "ticker": "KXHIGHDEN-25MAY04-B77.5",
            "count": 3,
            "created_time": "2025-05-04T18:55:39.708042Z",
            "yes_price": 13,
            "no_price": 87,
            "taker_side": "no"
        },
        {
            "trade_id": "af78fcfe-f325-45a7-8313-7562e44a1c4d",
            "ticker": "KXHIGHDEN-25MAY04-B77.5",
            "count": 5,
            "created_time": "2025-05-04T18:54:48.714901Z",
            "yes_price": 13,
            "no_price": 87,
            "taker_side": "no"
        },
        {
            "trade_id": "8d79651d-4856-426f-912d-0481bc643ad3",
            "ticker": "KXHIGHDEN-25MAY04-B77.5",
            "count": 5,
            "created_time": "2025-05-04T18:49:54.634572Z",
            "yes_price": 25,
            "no_price": 75,
            "taker_side": "no"
        },
        {
            "trade_id": "41738c5e-3190-4104-8655-07e3849c3adc",
            "ticker": "KXHIGHDEN-25MAY04-B77.5",
            "count": 50,
            "created_time": "2025-05-04T18:49:54.634572Z",
            "yes_price": 25,
            "no_price": 75,
            "taker_side": "no"
        },
        {
            "trade_id": "1a1ecb80-d145-40e0-8c0f-1d398c79c1bb",
            "ticker": "KXHIGHDEN-25MAY04-B77.5",
            "count": 60,
            "created_time": "2025-05-04T18:37:37.617742Z",
            "yes_price": 28,
            "no_price": 72,
            "taker_side": "no"
        },
        {
            "trade_id": "a3c16d91-fc24-4bf8-981b-6180acea1bb7",
            "ticker": "KXHIGHDEN-25MAY04-B77.5",
            "count": 3,
            "created_time": "2025-05-04T18:34:25.460882Z",
            "yes_price": 36,
            "no_price": 64,
            "taker_side": "no"
        },
        {
            "trade_id": "9f220137-b9df-4148-8870-e1a5c00771d3",
            "ticker": "KXHIGHDEN-25MAY04-B77.5",
            "count": 14,
            "created_time": "2025-05-04T18:34:25.460882Z",
            "yes_price": 29,
            "no_price": 71,
            "taker_side": "no"
        },
        {
            "trade_id": "7a07e179-865e-4911-9cda-75092c681642",
            "ticker": "KXHIGHDEN-25MAY04-B77.5",
            "count": 34,
            "created_time": "2025-05-04T18:34:25.460882Z",
            "yes_price": 38,
            "no_price": 62,
            "taker_side": "no"
        },
        {
            "trade_id": "7557ea62-ae59-4781-aa53-5b1bbadce6aa",
            "ticker": "KXHIGHDEN-25MAY04-B77.5",
            "count": 200,
            "created_time": "2025-05-04T18:34:25.460882Z",
            "yes_price": 35,
            "no_price": 65,
            "taker_side": "no"
        },
        {
            "trade_id": "5c0035a0-bf9e-47ec-91a3-366c7e18ce52",
            "ticker": "KXHIGHDEN-25MAY04-B77.5",
            "count": 18,
            "created_time": "2025-05-04T18:34:25.460882Z",
            "yes_price": 27,
            "no_price": 73,
            "taker_side": "no"
        },
        {
            "trade_id": "51cbc275-4706-4007-83dd-204c2f7c31be",
            "ticker": "KXHIGHDEN-25MAY04-B77.5",
            "count": 29,
            "created_time": "2025-05-04T18:34:25.460882Z",
            "yes_price": 28,
            "no_price": 72,
            "taker_side": "no"
        },
        {
            "trade_id": "3c26b0f9-7b75-4892-89ea-45d4551d6ca4",
            "ticker": "KXHIGHDEN-25MAY04-B77.5",
            "count": 6,
            "created_time": "2025-05-04T18:34:25.460882Z",
            "yes_price": 30,
            "no_price": 70,
            "taker_side": "no"
        },
        {
            "trade_id": "378a43b5-ace4-4059-b2a2-1a8d6501cc28",
            "ticker": "KXHIGHDEN-25MAY04-B77.5",
            "count": 108,
            "created_time": "2025-05-04T18:34:25.460882Z",
            "yes_price": 36,
            "no_price": 64,
            "taker_side": "no"
        },
        {
            "trade_id": "231df8ec-654d-4f24-981a-2e2a1cbccc99",
            "ticker": "KXHIGHDEN-25MAY04-B77.5",
            "count": 88,
            "created_time": "2025-05-04T18:34:25.460882Z",
            "yes_price": 37,
            "no_price": 63,
            "taker_side": "no"
        },
        {
            "trade_id": "e19420ac-0c9d-4309-9518-2b56917a4b88",
            "ticker": "KXHIGHDEN-25MAY04-B77.5",
            "count": 150,
            "created_time": "2025-05-04T18:25:59.126485Z",
            "yes_price": 46,
            "no_price": 54,
            "taker_side": "no"
        },
        {
            "trade_id": "75ffad25-cdd5-4f02-b461-638b48ee4987",
            "ticker": "KXHIGHDEN-25MAY04-B77.5",
            "count": 20,
            "created_time": "2025-05-04T18:25:58.290313Z",
            "yes_price": 47,
            "no_price": 53,
            "taker_side": "no"
        },
        {
            "trade_id": "ccc08ff0-9241-465c-80db-1a3fc852c240",
            "ticker": "KXHIGHDEN-25MAY04-B77.5",
            "count": 6,
            "created_time": "2025-05-04T18:25:43.336351Z",
            "yes_price": 46,
            "no_price": 54,
            "taker_side": "no"
        },
        {
            "trade_id": "d3edb009-05a4-43fd-9950-fcf0a8c7f890",
            "ticker": "KXHIGHDEN-25MAY04-B77.5",
            "count": 5,
            "created_time": "2025-05-04T18:23:30.274326Z",
            "yes_price": 47,
            "no_price": 53,
            "taker_side": "no"
        },
        {
            "trade_id": "7673a7e4-1320-4f60-ae91-f9a8eececcb6",
            "ticker": "KXHIGHDEN-25MAY04-B77.5",
            "count": 3,
            "created_time": "2025-05-04T18:23:30.274326Z",
            "yes_price": 46,
            "no_price": 54,
            "taker_side": "no"
        },
        {
            "trade_id": "2a690fc8-5329-4d3d-b995-5e646ee07074",
            "ticker": "KXHIGHDEN-25MAY04-B77.5",
            "count": 5,
            "created_time": "2025-05-04T18:19:53.323063Z",
            "yes_price": 47,
            "no_price": 53,
            "taker_side": "no"
        },
        {
            "trade_id": "f9cc633e-0f84-4828-844a-53a98b5acf67",
            "ticker": "KXHIGHDEN-25MAY04-B77.5",
            "count": 17,
            "created_time": "2025-05-04T18:16:43.345235Z",
            "yes_price": 47,
            "no_price": 53,
            "taker_side": "no"
        },
        {
            "trade_id": "f7a15151-35f4-4f68-8e6d-cc1ffc795afe",
            "ticker": "KXHIGHDEN-25MAY04-B77.5",
            "count": 1,
            "created_time": "2025-05-04T18:16:43.345235Z",
            "yes_price": 47,
            "no_price": 53,
            "taker_side": "no"
        },
        {
            "trade_id": "d8387039-1e0d-43bc-b6ab-853f60e23e73",
            "ticker": "KXHIGHDEN-25MAY04-B77.5",
            "count": 5,
            "created_time": "2025-05-04T18:16:43.345235Z",
            "yes_price": 47,
            "no_price": 53,
            "taker_side": "no"
        },
        {
            "trade_id": "1208ec36-5f62-40cb-af0d-633ed9ee1c84",
            "ticker": "KXHIGHDEN-25MAY04-B77.5",
            "count": 15,
            "created_time": "2025-05-04T18:16:43.345235Z",
            "yes_price": 47,
            "no_price": 53,
            "taker_side": "no"
        },
        {
            "trade_id": "ccd1c655-b722-4f12-883f-9358a903d7f9",
            "ticker": "KXHIGHDEN-25MAY04-B77.5",
            "count": 7,
            "created_time": "2025-05-04T18:15:43.450295Z",
            "yes_price": 58,
            "no_price": 42,
            "taker_side": "no"
        },
        {
            "trade_id": "000daff9-cf17-43ab-beec-1a8da5c77d9f",
            "ticker": "KXHIGHDEN-25MAY04-B77.5",
            "count": 15,
            "created_time": "2025-05-04T18:10:33.863606Z",
            "yes_price": 59,
            "no_price": 41,
            "taker_side": "yes"
        },
        {
            "trade_id": "d42a8c52-2003-4de1-80f8-570c1ddc47d4",
            "ticker": "KXHIGHDEN-25MAY04-B77.5",
            "count": 18,
            "created_time": "2025-05-04T18:09:08.35412Z",
            "yes_price": 58,
            "no_price": 42,
            "taker_side": "yes"
        },
        {
            "trade_id": "9f31b6d8-10ad-4852-8c19-d0dcdb82f760",
            "ticker": "KXHIGHDEN-25MAY04-B77.5",
            "count": 5,
            "created_time": "2025-05-04T18:08:48.506037Z",
            "yes_price": 58,
            "no_price": 42,
            "taker_side": "yes"
        },
        {
            "trade_id": "eec01e17-2c64-43bd-8fe5-49e3306446dc",
            "ticker": "KXHIGHDEN-25MAY04-B77.5",
            "count": 1,
            "created_time": "2025-05-04T18:07:47.741109Z",
            "yes_price": 51,
            "no_price": 49,
            "taker_side": "no"
        },
        {
            "trade_id": "82489353-c4ab-4adb-bebf-650142ce9b3e",
            "ticker": "KXHIGHDEN-25MAY04-B77.5",
            "count": 35,
            "created_time": "2025-05-04T18:07:47.741109Z",
            "yes_price": 51,
            "no_price": 49,
            "taker_side": "no"
        },
        {
            "trade_id": "70258a58-73f6-4fa8-a5bb-d5083ba98381",
            "ticker": "KXHIGHDEN-25MAY04-B77.5",
            "count": 18,
            "created_time": "2025-05-04T18:07:47.741109Z",
            "yes_price": 47,
            "no_price": 53,
            "taker_side": "no"
        },
        {
            "trade_id": "69cc576b-375b-4583-8840-8369b2d0e1a3",
            "ticker": "KXHIGHDEN-25MAY04-B77.5",
            "count": 1,
            "created_time": "2025-05-04T18:07:47.741109Z",
            "yes_price": 49,
            "no_price": 51,
            "taker_side": "no"
        },
        {
            "trade_id": "1f89098c-0195-4e1e-b5d3-71598eab98bc",
            "ticker": "KXHIGHDEN-25MAY04-B77.5",
            "count": 15,
            "created_time": "2025-05-04T18:07:47.741109Z",
            "yes_price": 52,
            "no_price": 48,
            "taker_side": "no"
        },
        {
            "trade_id": "09cf20ff-4a67-43cb-92de-1950178795e4",
            "ticker": "KXHIGHDEN-25MAY04-B77.5",
            "count": 18,
            "created_time": "2025-05-04T17:49:21.939871Z",
            "yes_price": 58,
            "no_price": 42,
            "taker_side": "yes"
        },
        {
            "trade_id": "08005903-68bf-43c7-9286-adc1d7d87cde",
            "ticker": "KXHIGHDEN-25MAY04-B77.5",
            "count": 50,
            "created_time": "2025-05-04T17:49:21.939871Z",
            "yes_price": 58,
            "no_price": 42,
            "taker_side": "yes"
        },
        {
            "trade_id": "04e8b0dd-724f-4e79-8fa6-891b52826edf",
            "ticker": "KXHIGHDEN-25MAY04-B77.5",
            "count": 32,
            "created_time": "2025-05-04T17:49:21.939871Z",
            "yes_price": 60,
            "no_price": 40,
            "taker_side": "yes"
        },
        {
            "trade_id": "bf2534e0-55a2-4c67-92e9-4546ebfa017a",
            "ticker": "KXHIGHDEN-25MAY04-B77.5",
            "count": 14,
            "created_time": "2025-05-04T17:38:37.589032Z",
            "yes_price": 60,
            "no_price": 40,
            "taker_side": "yes"
        },
        {
            "trade_id": "ab9101ae-d572-4f07-b34d-66796a7fa936",
            "ticker": "KXHIGHDEN-25MAY04-B77.5",
            "count": 2,
            "created_time": "2025-05-04T17:38:37.589032Z",
            "yes_price": 57,
            "no_price": 43,
            "taker_side": "yes"
        },
        {
            "trade_id": "27f8c044-6980-4596-9057-8ac0508c4797",
            "ticker": "KXHIGHDEN-25MAY04-B77.5",
            "count": 1,
            "created_time": "2025-05-04T17:38:37.589032Z",
            "yes_price": 55,
            "no_price": 45,
            "taker_side": "yes"
        },
        {
            "trade_id": "e4f1793d-7177-4268-9fc7-0d927de0eb11",
            "ticker": "KXHIGHDEN-25MAY04-B77.5",
            "count": 1,
            "created_time": "2025-05-04T17:22:13.206828Z",
            "yes_price": 54,
            "no_price": 46,
            "taker_side": "yes"
        },
        {
            "trade_id": "754c4e56-fa86-4c30-a03f-43541d3b7782",
            "ticker": "KXHIGHDEN-25MAY04-B77.5",
            "count": 4,
            "created_time": "2025-05-04T17:22:13.206828Z",
            "yes_price": 57,
            "no_price": 43,
            "taker_side": "yes"
        },
        {
            "trade_id": "f3d6f536-d7ea-4d8f-8550-9ea0b5e294f2",
            "ticker": "KXHIGHDEN-25MAY04-B77.5",
            "count": 30,
            "created_time": "2025-05-04T17:02:45.944561Z",
            "yes_price": 56,
            "no_price": 44,
            "taker_side": "yes"
        },
        {
            "trade_id": "f82d86db-9451-4d4a-84df-8329bbf7e256",
            "ticker": "KXHIGHDEN-25MAY04-B77.5",
            "count": 10,
            "created_time": "2025-05-04T16:47:05.724627Z",
            "yes_price": 57,
            "no_price": 43,
            "taker_side": "yes"
        },
        {
            "trade_id": "744e7ba2-1443-4f43-ac9d-9b1fcb4410b5",
            "ticker": "KXHIGHDEN-25MAY04-B77.5",
            "count": 12,
            "created_time": "2025-05-04T16:44:23.281243Z",
            "yes_price": 53,
            "no_price": 47,
            "taker_side": "yes"
        },
        {
            "trade_id": "35ffe9d4-1821-4ff4-ba78-2a2cf2280e9a",
            "ticker": "KXHIGHDEN-25MAY04-B77.5",
            "count": 22,
            "created_time": "2025-05-04T16:44:23.281243Z",
            "yes_price": 53,
            "no_price": 47,
            "taker_side": "yes"
        },
        {
            "trade_id": "b7865dc1-9de2-44d3-94b2-9120df747c56",
            "ticker": "KXHIGHDEN-25MAY04-B77.5",
            "count": 8,
            "created_time": "2025-05-04T16:32:09.798233Z",
            "yes_price": 56,
            "no_price": 44,
            "taker_side": "yes"
        },
        {
            "trade_id": "9a4d08b7-a8f2-4302-b0dc-656aba605750",
            "ticker": "KXHIGHDEN-25MAY04-B77.5",
            "count": 10,
            "created_time": "2025-05-04T15:55:22.985177Z",
            "yes_price": 56,
            "no_price": 44,
            "taker_side": "yes"
        },
        {
            "trade_id": "99cec65e-5b89-41e5-87e7-217bcd061e89",
            "ticker": "KXHIGHDEN-25MAY04-B77.5",
            "count": 7,
            "created_time": "2025-05-04T15:55:22.985177Z",
            "yes_price": 57,
            "no_price": 43,
            "taker_side": "yes"
        },
        {
            "trade_id": "84c09b51-8685-48f6-adfc-25d374bc9d08",
            "ticker": "KXHIGHDEN-25MAY04-B77.5",
            "count": 50,
            "created_time": "2025-05-04T15:50:05.660332Z",
            "yes_price": 55,
            "no_price": 45,
            "taker_side": "yes"
        },
        {
            "trade_id": "5ea482c6-65b8-4fdd-8f10-e7298b2e5af3",
            "ticker": "KXHIGHDEN-25MAY04-B77.5",
            "count": 1,
            "created_time": "2025-05-04T15:29:06.151556Z",
            "yes_price": 51,
            "no_price": 49,
            "taker_side": "yes"
        },
        {
            "trade_id": "158f1600-c0c7-4b50-a191-142bca3a7a84",
            "ticker": "KXHIGHDEN-25MAY04-B77.5",
            "count": 30,
            "created_time": "2025-05-04T14:35:08.470574Z",
            "yes_price": 52,
            "no_price": 48,
            "taker_side": "yes"
        },
        {
            "trade_id": "d5239f2f-698e-4bf7-8355-f3fc588c20d5",
            "ticker": "KXHIGHDEN-25MAY04-B77.5",
            "count": 17,
            "created_time": "2025-05-04T14:32:46.807296Z",
            "yes_price": 47,
            "no_price": 53,
            "taker_side": "no"
        },
        {
            "trade_id": "92a1f527-08f9-4639-98b4-f216625f245b",
            "ticker": "KXHIGHDEN-25MAY04-B77.5",
            "count": 171,
            "created_time": "2025-05-04T14:32:46.807296Z",
            "yes_price": 47,
            "no_price": 53,
            "taker_side": "no"
        },
        {
            "trade_id": "57865659-5ed5-44a1-8aa8-4069ab591c28",
            "ticker": "KXHIGHDEN-25MAY04-B77.5",
            "count": 12,
            "created_time": "2025-05-04T14:32:46.807296Z",
            "yes_price": 47,
            "no_price": 53,
            "taker_side": "no"
        },
        {
            "trade_id": "ec849cc5-c0be-4ebc-b1f2-33679ffc8f86",
            "ticker": "KXHIGHDEN-25MAY04-B77.5",
            "count": 37,
            "created_time": "2025-05-04T13:50:00.217465Z",
            "yes_price": 52,
            "no_price": 48,
            "taker_side": "yes"
        },
        {
            "trade_id": "a4b0dc87-53b8-497a-b9fb-66fe2f71baab",
            "ticker": "KXHIGHDEN-25MAY04-B77.5",
            "count": 117,
            "created_time": "2025-05-04T13:48:51.264709Z",
            "yes_price": 52,
            "no_price": 48,
            "taker_side": "yes"
        },
        {
            "trade_id": "f1b43fbd-0fc1-411b-a8a1-b20d2c7a3f1a",
            "ticker": "KXHIGHDEN-25MAY04-B77.5",
            "count": 101,
            "created_time": "2025-05-04T13:48:33.927017Z",
            "yes_price": 51,
            "no_price": 49,
            "taker_side": "yes"
        },
        {
            "trade_id": "58fe5bc0-44b9-4e5c-91e6-5cda3a39d705",
            "ticker": "KXHIGHDEN-25MAY04-B77.5",
            "count": 50,
            "created_time": "2025-05-04T13:48:33.927017Z",
            "yes_price": 51,
            "no_price": 49,
            "taker_side": "yes"
        },
        {
            "trade_id": "b341a1a0-6157-455c-bde9-7c4f84547775",
            "ticker": "KXHIGHDEN-25MAY04-B77.5",
            "count": 30,
            "created_time": "2025-05-04T13:29:14.169062Z",
            "yes_price": 50,
            "no_price": 50,
            "taker_side": "yes"
        },
        {
            "trade_id": "84d7df11-4a9c-477a-b084-0d988eaba715",
            "ticker": "KXHIGHDEN-25MAY04-B77.5",
            "count": 11,
            "created_time": "2025-05-04T13:29:14.169062Z",
            "yes_price": 50,
            "no_price": 50,
            "taker_side": "yes"
        },
        {
            "trade_id": "8010b3b8-1c68-44ad-af05-5ccc9c087605",
            "ticker": "KXHIGHDEN-25MAY04-B77.5",
            "count": 6,
            "created_time": "2025-05-04T13:29:14.169062Z",
            "yes_price": 50,
            "no_price": 50,
            "taker_side": "yes"
        },
        {
            "trade_id": "79986925-b1b8-4b14-8c84-0cd12f990876",
            "ticker": "KXHIGHDEN-25MAY04-B77.5",
            "count": 50,
            "created_time": "2025-05-04T13:29:14.169062Z",
            "yes_price": 50,
            "no_price": 50,
            "taker_side": "yes"
        },
        {
            "trade_id": "aa0e9bbb-620d-42e8-8e86-4975b12af01d",
            "ticker": "KXHIGHDEN-25MAY04-B77.5",
            "count": 70,
            "created_time": "2025-05-04T12:30:10.556583Z",
            "yes_price": 51,
            "no_price": 49,
            "taker_side": "yes"
        },
        {
            "trade_id": "93312c88-1161-42fa-a4b4-42e6243b6efd",
            "ticker": "KXHIGHDEN-25MAY04-B77.5",
            "count": 25,
            "created_time": "2025-05-04T12:30:10.556583Z",
            "yes_price": 49,
            "no_price": 51,
            "taker_side": "yes"
        },
        {
            "trade_id": "da91687f-e2ea-4c29-9f56-6570cb92338a",
            "ticker": "KXHIGHDEN-25MAY04-B77.5",
            "count": 25,
            "created_time": "2025-05-04T12:27:22.955491Z",
            "yes_price": 49,
            "no_price": 51,
            "taker_side": "yes"
        },
        {
            "trade_id": "f65af565-61c5-4832-bfe9-f9307eabc03a",
            "ticker": "KXHIGHDEN-25MAY04-B77.5",
            "count": 9,
            "created_time": "2025-05-04T12:17:53.693921Z",
            "yes_price": 49,
            "no_price": 51,
            "taker_side": "yes"
        },
        {
            "trade_id": "c391b613-87c7-4b01-b347-98a563036d77",
            "ticker": "KXHIGHDEN-25MAY04-B77.5",
            "count": 51,
            "created_time": "2025-05-04T12:08:11.891558Z",
            "yes_price": 49,
            "no_price": 51,
            "taker_side": "yes"
        },
        {
            "trade_id": "de5da209-21e2-4539-a2ec-e6c8e6a84825",
            "ticker": "KXHIGHDEN-25MAY04-B77.5",
            "count": 100,
            "created_time": "2025-05-04T12:04:09.725994Z",
            "yes_price": 47,
            "no_price": 53,
            "taker_side": "no"
        },
        {
            "trade_id": "14b2e989-345d-4127-9119-11055f64bb33",
            "ticker": "KXHIGHDEN-25MAY04-B77.5",
            "count": 92,
            "created_time": "2025-05-04T12:00:50.021675Z",
            "yes_price": 47,
            "no_price": 53,
            "taker_side": "no"
        },
        {
            "trade_id": "227701b6-0002-4dd8-8303-dfe01019139d",
            "ticker": "KXHIGHDEN-25MAY04-B77.5",
            "count": 37,
            "created_time": "2025-05-04T12:00:49.981436Z",
            "yes_price": 47,
            "no_price": 53,
            "taker_side": "no"
        },
        {
            "trade_id": "563ece02-9ea9-412f-a1b5-b4d5dbe978a2",
            "ticker": "KXHIGHDEN-25MAY04-B77.5",
            "count": 20,
            "created_time": "2025-05-04T03:41:03.323905Z",
            "yes_price": 47,
            "no_price": 53,
            "taker_side": "yes"
        },
        {
            "trade_id": "8496fabd-e401-447f-aa13-dd0b1b05186c",
            "ticker": "KXHIGHDEN-25MAY04-B77.5",
            "count": 17,
            "created_time": "2025-05-04T03:39:21.664203Z",
            "yes_price": 46,
            "no_price": 54,
            "taker_side": "no"
        },
        {
            "trade_id": "9897793d-ee9d-4473-b34f-02a1b8fb293a",
            "ticker": "KXHIGHDEN-25MAY04-B77.5",
            "count": 16,
            "created_time": "2025-05-04T03:25:12.652672Z",
            "yes_price": 47,
            "no_price": 53,
            "taker_side": "no"
        },
        {
            "trade_id": "36a6852d-e534-431d-b06d-a560e96dd75b",
            "ticker": "KXHIGHDEN-25MAY04-B77.5",
            "count": 7,
            "created_time": "2025-05-04T03:25:07.403394Z",
            "yes_price": 47,
            "no_price": 53,
            "taker_side": "no"
        },
        {
            "trade_id": "3473cc4e-e9f1-41ea-8878-1eb288954e0e",
            "ticker": "KXHIGHDEN-25MAY04-B77.5",
            "count": 34,
            "created_time": "2025-05-04T03:25:07.403394Z",
            "yes_price": 47,
            "no_price": 53,
            "taker_side": "no"
        },
        {
            "trade_id": "6d6b57fb-94d3-421f-baf7-4afe2863dc80",
            "ticker": "KXHIGHDEN-25MAY04-B77.5",
            "count": 40,
            "created_time": "2025-05-04T03:19:53.17017Z",
            "yes_price": 48,
            "no_price": 52,
            "taker_side": "yes"
        },
        {
            "trade_id": "5eb96e93-6cf2-4f1a-85f8-ce53a6ed7b7c",
            "ticker": "KXHIGHDEN-25MAY04-B77.5",
            "count": 43,
            "created_time": "2025-05-04T03:15:36.61239Z",
            "yes_price": 47,
            "no_price": 53,
            "taker_side": "no"
        },
        {
            "trade_id": "b2e9cdc8-60f4-4ff4-969a-fe3e8acd107e",
            "ticker": "KXHIGHDEN-25MAY04-B77.5",
            "count": 5,
            "created_time": "2025-05-04T03:12:40.09613Z",
            "yes_price": 47,
            "no_price": 53,
            "taker_side": "yes"
        },
        {
            "trade_id": "c2a56760-93fa-4e45-9d7f-73f8a69d42bc",
            "ticker": "KXHIGHDEN-25MAY04-B77.5",
            "count": 21,
            "created_time": "2025-05-04T03:02:52.861243Z",
            "yes_price": 47,
            "no_price": 53,
            "taker_side": "yes"
        },
        {
            "trade_id": "4e8d9dac-c7fc-4ade-a8a2-fe6ab50c4363",
            "ticker": "KXHIGHDEN-25MAY04-B77.5",
            "count": 33,
            "created_time": "2025-05-04T03:02:52.861243Z",
            "yes_price": 47,
            "no_price": 53,
            "taker_side": "yes"
        },
        {
            "trade_id": "a037925a-fa60-4050-8b9d-b940acd70e0f",
            "ticker": "KXHIGHDEN-25MAY04-B77.5",
            "count": 11,
            "created_time": "2025-05-04T02:50:23.708536Z",
            "yes_price": 47,
            "no_price": 53,
            "taker_side": "yes"
        },
        {
            "trade_id": "5d8a05a4-52a3-4783-8e72-05ed635c5a7d",
            "ticker": "KXHIGHDEN-25MAY04-B77.5",
            "count": 12,
            "created_time": "2025-05-04T02:50:23.708536Z",
            "yes_price": 47,
            "no_price": 53,
            "taker_side": "yes"
        },
        {
            "trade_id": "de7ef22f-15e0-4d1f-8b94-25fb467ccb96",
            "ticker": "KXHIGHDEN-25MAY04-B77.5",
            "count": 57,
            "created_time": "2025-05-04T02:42:41.409134Z",
            "yes_price": 46,
            "no_price": 54,
            "taker_side": "yes"
        },
        {
            "trade_id": "dd7430d2-08ea-4277-8456-4693cf02fc77",
            "ticker": "KXHIGHDEN-25MAY04-B77.5",
            "count": 68,
            "created_time": "2025-05-04T02:42:41.409134Z",
            "yes_price": 47,
            "no_price": 53,
            "taker_side": "yes"
        },
        {
            "trade_id": "7b6c01c2-4a52-4e48-a571-b8de084040b5",
            "ticker": "KXHIGHDEN-25MAY04-B77.5",
            "count": 1,
            "created_time": "2025-05-04T02:25:11.263535Z",
            "yes_price": 45,
            "no_price": 55,
            "taker_side": "no"
        },
        {
            "trade_id": "52356bac-8396-437a-acc6-55ffb21405eb",
            "ticker": "KXHIGHDEN-25MAY04-B77.5",
            "count": 50,
            "created_time": "2025-05-04T01:41:06.66356Z",
            "yes_price": 46,
            "no_price": 54,
            "taker_side": "yes"
        },
        {
            "trade_id": "bedcfcd0-5ef2-4665-a469-2f19a094f95f",
            "ticker": "KXHIGHDEN-25MAY04-B77.5",
            "count": 83,
            "created_time": "2025-05-04T00:51:46.951078Z",
            "yes_price": 46,
            "no_price": 54,
            "taker_side": "yes"
        },
        {
            "trade_id": "c73b8202-0411-4ad1-9b80-4f45d057f241",
            "ticker": "KXHIGHDEN-25MAY04-B77.5",
            "count": 80,
            "created_time": "2025-05-04T00:51:46.071947Z",
            "yes_price": 45,
            "no_price": 55,
            "taker_side": "no"
        },
        {
            "trade_id": "3edcfe14-b7a5-4f58-9dcd-c14b068e3561",
            "ticker": "KXHIGHDEN-25MAY04-B77.5",
            "count": 80,
            "created_time": "2025-05-04T00:51:42.533056Z",
            "yes_price": 45,
            "no_price": 55,
            "taker_side": "no"
        },
        {
            "trade_id": "4cbc3acc-0052-4396-9ecd-f151341ec979",
            "ticker": "KXHIGHDEN-25MAY04-B77.5",
            "count": 118,
            "created_time": "2025-05-04T00:51:37.432929Z",
            "yes_price": 45,
            "no_price": 55,
            "taker_side": "no"
        },
        {
            "trade_id": "b9fe6f4a-ea6a-448d-a733-6a294dd91d23",
            "ticker": "KXHIGHDEN-25MAY04-B77.5",
            "count": 80,
            "created_time": "2025-05-04T00:51:33.306268Z",
            "yes_price": 44,
            "no_price": 56,
            "taker_side": "yes"
        },
        {
            "trade_id": "57acda8f-1f94-4f13-bb5a-cca056cae087",
            "ticker": "KXHIGHDEN-25MAY04-B77.5",
            "count": 21,
            "created_time": "2025-05-04T00:51:33.306268Z",
            "yes_price": 45,
            "no_price": 55,
            "taker_side": "yes"
        },
        {
            "trade_id": "1b37bb4d-4b68-4c09-87b4-e728bf82491e",
            "ticker": "KXHIGHDEN-25MAY04-B77.5",
            "count": 38,
            "created_time": "2025-05-04T00:51:33.306268Z",
            "yes_price": 45,
            "no_price": 55,
            "taker_side": "yes"
        },
        {
            "trade_id": "b9fbe7bd-f9db-4d06-8faa-5e683637ad8c",
            "ticker": "KXHIGHDEN-25MAY04-B77.5",
            "count": 9,
            "created_time": "2025-05-04T00:22:54.356276Z",
            "yes_price": 39,
            "no_price": 61,
            "taker_side": "no"
        },
        {
            "trade_id": "852bf0e7-f8a8-4d6a-8c18-9d7e7bd188d9",
            "ticker": "KXHIGHDEN-25MAY04-B77.5",
            "count": 16,
            "created_time": "2025-05-04T00:22:54.356276Z",
            "yes_price": 38,
            "no_price": 62,
            "taker_side": "no"
        },
        {
            "trade_id": "ec751c62-77b6-46e9-9b40-c3686a76c0b2",
            "ticker": "KXHIGHDEN-25MAY04-B77.5",
            "count": 240,
            "created_time": "2025-05-03T23:08:11.997997Z",
            "yes_price": 42,
            "no_price": 58,
            "taker_side": "yes"
        },
        {
            "trade_id": "bf16789a-b99b-4ae1-9c31-da9546b7d788",
            "ticker": "KXHIGHDEN-25MAY04-B77.5",
            "count": 186,
            "created_time": "2025-05-03T23:08:11.997997Z",
            "yes_price": 44,
            "no_price": 56,
            "taker_side": "yes"
        },
        {
            "trade_id": "4f934ea7-6629-4db6-ace3-379aba439904",
            "ticker": "KXHIGHDEN-25MAY04-B77.5",
            "count": 74,
            "created_time": "2025-05-03T23:08:11.997997Z",
            "yes_price": 40,
            "no_price": 60,
            "taker_side": "yes"
        },
        {
            "trade_id": "beeea6fa-7ec8-441c-bde0-cceeafba635f",
            "ticker": "KXHIGHDEN-25MAY04-B77.5",
            "count": 16,
            "created_time": "2025-05-03T22:05:03.892186Z",
            "yes_price": 39,
            "no_price": 61,
            "taker_side": "no"
        },
        {
            "trade_id": "abc61faa-dfc0-4654-a930-a557ed5013b0",
            "ticker": "KXHIGHDEN-25MAY04-B77.5",
            "count": 64,
            "created_time": "2025-05-03T21:43:42.242619Z",
            "yes_price": 40,
            "no_price": 60,
            "taker_side": "yes"
        },
        {
            "trade_id": "9ac7fd61-2578-4127-ad82-036586df7b2a",
            "ticker": "KXHIGHDEN-25MAY04-B77.5",
            "count": 3,
            "created_time": "2025-05-03T21:43:42.242619Z",
            "yes_price": 40,
            "no_price": 60,
            "taker_side": "yes"
        },
        {
            "trade_id": "fc2f4b43-1348-4280-afdb-667876d38a7e",
            "ticker": "KXHIGHDEN-25MAY04-B77.5",
            "count": 49,
            "created_time": "2025-05-03T21:23:12.574597Z",
            "yes_price": 41,
            "no_price": 59,
            "taker_side": "yes"
        },
        {
            "trade_id": "c077736d-be43-4e11-b2d3-636f9552493e",
            "ticker": "KXHIGHDEN-25MAY04-B77.5",
            "count": 20,
            "created_time": "2025-05-03T21:23:12.574597Z",
            "yes_price": 42,
            "no_price": 58,
            "taker_side": "yes"
        },
        {
            "trade_id": "e6302325-b522-4c3d-93ac-21feada80bb0",
            "ticker": "KXHIGHDEN-25MAY04-B77.5",
            "count": 20,
            "created_time": "2025-05-03T20:09:44.961165Z",
            "yes_price": 39,
            "no_price": 61,
            "taker_side": "yes"
        },
        {
            "trade_id": "84a2debc-8a3b-48dd-8e32-2905f15553b8",
            "ticker": "KXHIGHDEN-25MAY04-B77.5",
            "count": 25,
            "created_time": "2025-05-03T20:09:44.961165Z",
            "yes_price": 39,
            "no_price": 61,
            "taker_side": "yes"
        },
        {
            "trade_id": "e93cc939-c423-4d42-95fa-39c5a3e7828f",
            "ticker": "KXHIGHDEN-25MAY04-B77.5",
            "count": 20,
            "created_time": "2025-05-03T15:16:04.888009Z",
            "yes_price": 36,
            "no_price": 64,
            "taker_side": "no"
        },
        {
            "trade_id": "d7a28cdc-ce8c-4fa0-84d7-036d71f97eb3",
            "ticker": "KXHIGHDEN-25MAY04-B77.5",
            "count": 14,
            "created_time": "2025-05-03T15:04:50.256377Z",
            "yes_price": 40,
            "no_price": 60,
            "taker_side": "yes"
        },
        {
            "trade_id": "de77d355-a3af-4a8a-a968-70a211fbe265",
            "ticker": "KXHIGHDEN-25MAY04-B77.5",
            "count": 118,
            "created_time": "2025-05-03T14:59:42.44356Z",
            "yes_price": 41,
            "no_price": 59,
            "taker_side": "yes"
        },
        {
            "trade_id": "f72e967e-d690-4371-bc60-87429ce19505",
            "ticker": "KXHIGHDEN-25MAY04-B77.5",
            "count": 117,
            "created_time": "2025-05-03T14:59:29.535409Z",
            "yes_price": 40,
            "no_price": 60,
            "taker_side": "yes"
        },
        {
            "trade_id": "e7e99816-1383-48f0-8047-5a6f5d588726",
            "ticker": "KXHIGHDEN-25MAY04-B77.5",
            "count": 118,
            "created_time": "2025-05-03T14:59:23.953862Z",
            "yes_price": 39,
            "no_price": 61,
            "taker_side": "yes"
        },
        {
            "trade_id": "cc3bf921-a7d0-4015-9046-cd31561b810c",
            "ticker": "KXHIGHDEN-25MAY04-B77.5",
            "count": 10,
            "created_time": "2025-05-03T14:13:52.609209Z",
            "yes_price": 46,
            "no_price": 54,
            "taker_side": "yes"
        }
    ],
    "KXHIGHDEN-25MAY04-T78": [
        {
            "trade_id": "321d2685-7a12-403f-bd5b-ad38e10b6094",
            "ticker": "KXHIGHDEN-25MAY04-T78",
            "count": 215,
            "created_time": "2025-05-05T03:25:38.051082Z",
            "yes_price": 99,
            "no_price": 1,
            "taker_side": "no"
        },
        {
            "trade_id": "fc4496ec-9a05-4e21-bc6e-9774053a4627",
            "ticker": "KXHIGHDEN-25MAY04-T78",
            "count": 244,
            "created_time": "2025-05-04T22:56:07.185714Z",
            "yes_price": 99,
            "no_price": 1,
            "taker_side": "no"
        },
        {
            "trade_id": "1456f71f-7d85-449d-9cc6-a7b98b538756",
            "ticker": "KXHIGHDEN-25MAY04-T78",
            "count": 1870,
            "created_time": "2025-05-04T22:38:32.533172Z",
            "yes_price": 99,
            "no_price": 1,
            "taker_side": "no"
        },
        {
            "trade_id": "c000c983-b673-4495-862a-2b02e820f1db",
            "ticker": "KXHIGHDEN-25MAY04-T78",
            "count": 11,
            "created_time": "2025-05-04T22:18:33.146048Z",
            "yes_price": 99,
            "no_price": 1,
            "taker_side": "no"
        },
        {
            "trade_id": "2071121e-8919-4e8e-ba56-4f5bff9294a3",
            "ticker": "KXHIGHDEN-25MAY04-T78",
            "count": 5,
            "created_time": "2025-05-04T21:32:57.292934Z",
            "yes_price": 99,
            "no_price": 1,
            "taker_side": "no"
        },
        {
            "trade_id": "fb64079d-2f90-4011-b621-9287cb3e04d0",
            "ticker": "KXHIGHDEN-25MAY04-T78",
            "count": 667,
            "created_time": "2025-05-04T21:15:39.627302Z",
            "yes_price": 99,
            "no_price": 1,
            "taker_side": "no"
        },
        {
            "trade_id": "499cca2d-d44d-4532-8953-743ce69447ff",
            "ticker": "KXHIGHDEN-25MAY04-T78",
            "count": 919,
            "created_time": "2025-05-04T21:06:06.210887Z",
            "yes_price": 99,
            "no_price": 1,
            "taker_side": "no"
        },
        {
            "trade_id": "8d3cacd8-e460-4dcb-9a21-74250df742bf",
            "ticker": "KXHIGHDEN-25MAY04-T78",
            "count": 40,
            "created_time": "2025-05-04T20:50:36.429823Z",
            "yes_price": 99,
            "no_price": 1,
            "taker_side": "no"
        },
        {
            "trade_id": "df53f9e5-e907-437b-b6fb-5730df283116",
            "ticker": "KXHIGHDEN-25MAY04-T78",
            "count": 40,
            "created_time": "2025-05-04T20:50:36.255046Z",
            "yes_price": 99,
            "no_price": 1,
            "taker_side": "no"
        },
        {
            "trade_id": "6a91b4e6-5d7a-4538-a8db-bcded9a61dc5",
            "ticker": "KXHIGHDEN-25MAY04-T78",
            "count": 40,
            "created_time": "2025-05-04T20:50:35.182505Z",
            "yes_price": 99,
            "no_price": 1,
            "taker_side": "no"
        },
        {
            "trade_id": "1a1ac108-9613-4161-bad1-afab8d35ccfd",
            "ticker": "KXHIGHDEN-25MAY04-T78",
            "count": 5,
            "created_time": "2025-05-04T20:16:13.006706Z",
            "yes_price": 99,
            "no_price": 1,
            "taker_side": "no"
        },
        {
            "trade_id": "07eb1b12-5cf2-43ec-a24c-23d46aebbe02",
            "ticker": "KXHIGHDEN-25MAY04-T78",
            "count": 935,
            "created_time": "2025-05-04T20:11:43.663634Z",
            "yes_price": 99,
            "no_price": 1,
            "taker_side": "no"
        },
        {
            "trade_id": "be03e500-1521-4caa-ba74-ef8b41ecb2b4",
            "ticker": "KXHIGHDEN-25MAY04-T78",
            "count": 935,
            "created_time": "2025-05-04T19:56:11.283286Z",
            "yes_price": 99,
            "no_price": 1,
            "taker_side": "no"
        },
        {
            "trade_id": "70d225ab-016e-421d-9cf8-0dda29477f00",
            "ticker": "KXHIGHDEN-25MAY04-T78",
            "count": 31,
            "created_time": "2025-05-04T19:54:36.15648Z",
            "yes_price": 99,
            "no_price": 1,
            "taker_side": "no"
        },
        {
            "trade_id": "a5f91110-f9df-4b8a-bc40-8f8c761b66ae",
            "ticker": "KXHIGHDEN-25MAY04-T78",
            "count": 403,
            "created_time": "2025-05-04T19:47:03.468742Z",
            "yes_price": 99,
            "no_price": 1,
            "taker_side": "no"
        },
        {
            "trade_id": "3e64b099-6eef-41fa-9002-cd9ef66bd61a",
            "ticker": "KXHIGHDEN-25MAY04-T78",
            "count": 40,
            "created_time": "2025-05-04T19:47:02.603628Z",
            "yes_price": 99,
            "no_price": 1,
            "taker_side": "no"
        },
        {
            "trade_id": "ff292417-8f09-444a-b3cc-dd4c328d5f69",
            "ticker": "KXHIGHDEN-25MAY04-T78",
            "count": 500,
            "created_time": "2025-05-04T19:47:02.414139Z",
            "yes_price": 99,
            "no_price": 1,
            "taker_side": "yes"
        },
        {
            "trade_id": "fc3743a6-eb38-4a49-b877-85c21e54faac",
            "ticker": "KXHIGHDEN-25MAY04-T78",
            "count": 50,
            "created_time": "2025-05-04T19:47:02.414139Z",
            "yes_price": 98,
            "no_price": 2,
            "taker_side": "yes"
        },
        {
            "trade_id": "d151d8ce-b477-4a9e-8c95-ba6ba5502724",
            "ticker": "KXHIGHDEN-25MAY04-T78",
            "count": 40,
            "created_time": "2025-05-04T19:47:02.414139Z",
            "yes_price": 96,
            "no_price": 4,
            "taker_side": "yes"
        },
        {
            "trade_id": "69c0702f-58f0-4420-a84b-d1de63ba0a70",
            "ticker": "KXHIGHDEN-25MAY04-T78",
            "count": 50,
            "created_time": "2025-05-04T19:47:02.414139Z",
            "yes_price": 99,
            "no_price": 1,
            "taker_side": "yes"
        },
        {
            "trade_id": "671a627b-6d1c-4616-999f-18c0af3f364e",
            "ticker": "KXHIGHDEN-25MAY04-T78",
            "count": 50,
            "created_time": "2025-05-04T19:47:02.414139Z",
            "yes_price": 97,
            "no_price": 3,
            "taker_side": "yes"
        },
        {
            "trade_id": "1db9bd9c-d6db-4c52-9e85-cdb47ed1e8a9",
            "ticker": "KXHIGHDEN-25MAY04-T78",
            "count": 26,
            "created_time": "2025-05-04T19:47:02.414139Z",
            "yes_price": 99,
            "no_price": 1,
            "taker_side": "yes"
        },
        {
            "trade_id": "fa14bcf1-98e3-4fa7-9d09-821622b79740",
            "ticker": "KXHIGHDEN-25MAY04-T78",
            "count": 30,
            "created_time": "2025-05-04T19:40:11.388413Z",
            "yes_price": 65,
            "no_price": 35,
            "taker_side": "no"
        },
        {
            "trade_id": "a0ae97ed-e3ce-4912-80b4-b9a69823ac84",
            "ticker": "KXHIGHDEN-25MAY04-T78",
            "count": 5,
            "created_time": "2025-05-04T19:40:11.388413Z",
            "yes_price": 67,
            "no_price": 33,
            "taker_side": "no"
        },
        {
            "trade_id": "50da8d7d-034a-42e0-8638-0c6875bed555",
            "ticker": "KXHIGHDEN-25MAY04-T78",
            "count": 15,
            "created_time": "2025-05-04T19:40:11.388413Z",
            "yes_price": 66,
            "no_price": 34,
            "taker_side": "no"
        },
        {
            "trade_id": "838549e7-0a20-4702-b6c0-ec6fb7d13474",
            "ticker": "KXHIGHDEN-25MAY04-T78",
            "count": 1,
            "created_time": "2025-05-04T19:38:45.80897Z",
            "yes_price": 75,
            "no_price": 25,
            "taker_side": "no"
        },
        {
            "trade_id": "84bbf471-bce5-46e4-8577-c1f14d397195",
            "ticker": "KXHIGHDEN-25MAY04-T78",
            "count": 20,
            "created_time": "2025-05-04T19:34:16.430409Z",
            "yes_price": 62,
            "no_price": 38,
            "taker_side": "no"
        },
        {
            "trade_id": "0d835770-b6dc-4a42-9f71-dddfededf754",
            "ticker": "KXHIGHDEN-25MAY04-T78",
            "count": 5,
            "created_time": "2025-05-04T19:29:08.088053Z",
            "yes_price": 75,
            "no_price": 25,
            "taker_side": "yes"
        },
        {
            "trade_id": "5f2f2b0f-3067-4f38-ad68-0a6f3524ed3a",
            "ticker": "KXHIGHDEN-25MAY04-T78",
            "count": 1,
            "created_time": "2025-05-04T19:02:34.335823Z",
            "yes_price": 87,
            "no_price": 13,
            "taker_side": "yes"
        },
        {
            "trade_id": "f69c8d03-87ea-4029-93ad-b6afce782086",
            "ticker": "KXHIGHDEN-25MAY04-T78",
            "count": 200,
            "created_time": "2025-05-04T18:58:58.915732Z",
            "yes_price": 92,
            "no_price": 8,
            "taker_side": "yes"
        },
        {
            "trade_id": "efb6724e-4014-45fd-9a8d-c6a8e836b0de",
            "ticker": "KXHIGHDEN-25MAY04-T78",
            "count": 1,
            "created_time": "2025-05-04T18:58:58.915732Z",
            "yes_price": 91,
            "no_price": 9,
            "taker_side": "yes"
        },
        {
            "trade_id": "87cfcf7c-15ac-4656-891d-5646c3d823b8",
            "ticker": "KXHIGHDEN-25MAY04-T78",
            "count": 168,
            "created_time": "2025-05-04T18:58:58.915732Z",
            "yes_price": 93,
            "no_price": 7,
            "taker_side": "yes"
        },
        {
            "trade_id": "84e6a8d3-0589-4b09-ba3a-8d8880b82dbb",
            "ticker": "KXHIGHDEN-25MAY04-T78",
            "count": 50,
            "created_time": "2025-05-04T18:58:58.915732Z",
            "yes_price": 90,
            "no_price": 10,
            "taker_side": "yes"
        },
        {
            "trade_id": "06395547-6973-4a44-9022-b17e674a2f79",
            "ticker": "KXHIGHDEN-25MAY04-T78",
            "count": 12,
            "created_time": "2025-05-04T18:58:58.915732Z",
            "yes_price": 91,
            "no_price": 9,
            "taker_side": "yes"
        },
        {
            "trade_id": "53ca04be-adf7-4f40-8762-9e8d0aba1044",
            "ticker": "KXHIGHDEN-25MAY04-T78",
            "count": 5,
            "created_time": "2025-05-04T18:54:48.659841Z",
            "yes_price": 90,
            "no_price": 10,
            "taker_side": "yes"
        },
        {
            "trade_id": "f64079d3-939a-4070-a7cd-ca0ea30ad392",
            "ticker": "KXHIGHDEN-25MAY04-T78",
            "count": 50,
            "created_time": "2025-05-04T18:49:29.998967Z",
            "yes_price": 72,
            "no_price": 28,
            "taker_side": "yes"
        },
        {
            "trade_id": "1eb10737-80ed-4cbc-8029-fd2af095b9fc",
            "ticker": "KXHIGHDEN-25MAY04-T78",
            "count": 15,
            "created_time": "2025-05-04T18:49:29.998967Z",
            "yes_price": 73,
            "no_price": 27,
            "taker_side": "yes"
        },
        {
            "trade_id": "77ac1bc4-5481-435c-8b73-c61d26bcb441",
            "ticker": "KXHIGHDEN-25MAY04-T78",
            "count": 25,
            "created_time": "2025-05-04T18:47:53.273446Z",
            "yes_price": 72,
            "no_price": 28,
            "taker_side": "yes"
        },
        {
            "trade_id": "e11d6ff5-a5f2-46ad-9bc6-0d30c9dad002",
            "ticker": "KXHIGHDEN-25MAY04-T78",
            "count": 30,
            "created_time": "2025-05-04T18:40:44.151268Z",
            "yes_price": 70,
            "no_price": 30,
            "taker_side": "no"
        },
        {
            "trade_id": "db220754-b1ad-4f5b-84cf-c769da97c469",
            "ticker": "KXHIGHDEN-25MAY04-T78",
            "count": 15,
            "created_time": "2025-05-04T18:38:53.965973Z",
            "yes_price": 70,
            "no_price": 30,
            "taker_side": "no"
        },
        {
            "trade_id": "8d1b6863-f8b1-46be-ba23-284dd2057ecf",
            "ticker": "KXHIGHDEN-25MAY04-T78",
            "count": 15,
            "created_time": "2025-05-04T18:38:53.965973Z",
            "yes_price": 70,
            "no_price": 30,
            "taker_side": "no"
        },
        {
            "trade_id": "55d3cccd-abaf-491b-8203-0c27c611239e",
            "ticker": "KXHIGHDEN-25MAY04-T78",
            "count": 20,
            "created_time": "2025-05-04T18:38:53.965973Z",
            "yes_price": 71,
            "no_price": 29,
            "taker_side": "no"
        },
        {
            "trade_id": "014b2a8f-f2e5-4de8-85ee-6133791f508c",
            "ticker": "KXHIGHDEN-25MAY04-T78",
            "count": 25,
            "created_time": "2025-05-04T18:38:53.965973Z",
            "yes_price": 70,
            "no_price": 30,
            "taker_side": "no"
        },
        {
            "trade_id": "820c31e8-9290-469e-8814-a75e93e9d7f1",
            "ticker": "KXHIGHDEN-25MAY04-T78",
            "count": 50,
            "created_time": "2025-05-04T18:38:23.947861Z",
            "yes_price": 71,
            "no_price": 29,
            "taker_side": "yes"
        },
        {
            "trade_id": "6bafbbc4-2ec5-482d-9271-adb9fead09c3",
            "ticker": "KXHIGHDEN-25MAY04-T78",
            "count": 15,
            "created_time": "2025-05-04T18:38:23.947861Z",
            "yes_price": 72,
            "no_price": 28,
            "taker_side": "yes"
        },
        {
            "trade_id": "46bf1e9c-7a5e-4c7e-85ee-679240e2e3dd",
            "ticker": "KXHIGHDEN-25MAY04-T78",
            "count": 25,
            "created_time": "2025-05-04T18:37:37.617991Z",
            "yes_price": 75,
            "no_price": 25,
            "taker_side": "no"
        },
        {
            "trade_id": "37064461-24d5-4fc8-802f-67cbeeb71be0",
            "ticker": "KXHIGHDEN-25MAY04-T78",
            "count": 15,
            "created_time": "2025-05-04T18:37:37.617991Z",
            "yes_price": 75,
            "no_price": 25,
            "taker_side": "no"
        },
        {
            "trade_id": "155e1e27-58f0-437f-b0ed-3e93b2eb291d",
            "ticker": "KXHIGHDEN-25MAY04-T78",
            "count": 20,
            "created_time": "2025-05-04T18:37:37.617991Z",
            "yes_price": 75,
            "no_price": 25,
            "taker_side": "no"
        },
        {
            "trade_id": "fd8a5613-2e5f-47f2-87f7-b5429dcf9be1",
            "ticker": "KXHIGHDEN-25MAY04-T78",
            "count": 50,
            "created_time": "2025-05-04T18:34:45.572472Z",
            "yes_price": 75,
            "no_price": 25,
            "taker_side": "yes"
        },
        {
            "trade_id": "dffe7dc6-cbd2-4be8-9a7f-4f690c94aae8",
            "ticker": "KXHIGHDEN-25MAY04-T78",
            "count": 12,
            "created_time": "2025-05-04T18:34:45.572472Z",
            "yes_price": 86,
            "no_price": 14,
            "taker_side": "yes"
        },
        {
            "trade_id": "ccdd4bf6-353a-4dcf-b340-14e5e4324e59",
            "ticker": "KXHIGHDEN-25MAY04-T78",
            "count": 15,
            "created_time": "2025-05-04T18:34:45.572472Z",
            "yes_price": 74,
            "no_price": 26,
            "taker_side": "yes"
        },
        {
            "trade_id": "b949848a-fde2-46b8-b54a-d2f0eef18e7c",
            "ticker": "KXHIGHDEN-25MAY04-T78",
            "count": 39,
            "created_time": "2025-05-04T18:34:45.572472Z",
            "yes_price": 66,
            "no_price": 34,
            "taker_side": "yes"
        },
        {
            "trade_id": "8e5727d5-de48-497d-a6e8-0adee9d81883",
            "ticker": "KXHIGHDEN-25MAY04-T78",
            "count": 15,
            "created_time": "2025-05-04T18:34:45.572472Z",
            "yes_price": 85,
            "no_price": 15,
            "taker_side": "yes"
        },
        {
            "trade_id": "804fbb46-0c71-4d96-a378-465b6284ff37",
            "ticker": "KXHIGHDEN-25MAY04-T78",
            "count": 50,
            "created_time": "2025-05-04T18:34:45.572472Z",
            "yes_price": 65,
            "no_price": 35,
            "taker_side": "yes"
        },
        {
            "trade_id": "6ee39dfc-10e8-4807-8968-1a942135e43a",
            "ticker": "KXHIGHDEN-25MAY04-T78",
            "count": 5,
            "created_time": "2025-05-04T18:34:45.572472Z",
            "yes_price": 85,
            "no_price": 15,
            "taker_side": "yes"
        },
        {
            "trade_id": "63d8ec02-a957-4b46-ad22-f4b1feb8ed80",
            "ticker": "KXHIGHDEN-25MAY04-T78",
            "count": 14,
            "created_time": "2025-05-04T18:34:45.572472Z",
            "yes_price": 71,
            "no_price": 29,
            "taker_side": "yes"
        },
        {
            "trade_id": "c10a7991-c70b-4ca5-a0aa-c0e6f39b489d",
            "ticker": "KXHIGHDEN-25MAY04-T78",
            "count": 25,
            "created_time": "2025-05-04T18:25:59.12251Z",
            "yes_price": 60,
            "no_price": 40,
            "taker_side": "no"
        },
        {
            "trade_id": "b3ab9f62-e4ce-4162-91ba-2b09f460933a",
            "ticker": "KXHIGHDEN-25MAY04-T78",
            "count": 125,
            "created_time": "2025-05-04T18:25:59.12251Z",
            "yes_price": 60,
            "no_price": 40,
            "taker_side": "no"
        },
        {
            "trade_id": "5e398300-6398-4e60-be88-dadee29eca06",
            "ticker": "KXHIGHDEN-25MAY04-T78",
            "count": 20,
            "created_time": "2025-05-04T18:25:58.288803Z",
            "yes_price": 60,
            "no_price": 40,
            "taker_side": "no"
        },
        {
            "trade_id": "9e1b50de-3941-4f70-8688-9f4e0477129a",
            "ticker": "KXHIGHDEN-25MAY04-T78",
            "count": 25,
            "created_time": "2025-05-04T18:25:43.264508Z",
            "yes_price": 59,
            "no_price": 41,
            "taker_side": "yes"
        },
        {
            "trade_id": "7deb7cbe-3002-4ada-9e9a-f3693fa820ec",
            "ticker": "KXHIGHDEN-25MAY04-T78",
            "count": 6,
            "created_time": "2025-05-04T18:25:43.264508Z",
            "yes_price": 60,
            "no_price": 40,
            "taker_side": "yes"
        },
        {
            "trade_id": "b4990c2c-274e-45a6-a3cc-f5a69b812d74",
            "ticker": "KXHIGHDEN-25MAY04-T78",
            "count": 50,
            "created_time": "2025-05-04T18:25:24.285009Z",
            "yes_price": 56,
            "no_price": 44,
            "taker_side": "yes"
        },
        {
            "trade_id": "6c02c4a0-11f6-45f6-a827-a5d2bbdcda29",
            "ticker": "KXHIGHDEN-25MAY04-T78",
            "count": 1,
            "created_time": "2025-05-04T18:25:12.44347Z",
            "yes_price": 57,
            "no_price": 43,
            "taker_side": "yes"
        },
        {
            "trade_id": "4bdbdf03-cc1d-45e0-830f-aac475bf9a6d",
            "ticker": "KXHIGHDEN-25MAY04-T78",
            "count": 28,
            "created_time": "2025-05-04T18:24:47.064634Z",
            "yes_price": 55,
            "no_price": 45,
            "taker_side": "yes"
        },
        {
            "trade_id": "872654df-f117-4f3f-9a02-81b300aeb7a3",
            "ticker": "KXHIGHDEN-25MAY04-T78",
            "count": 50,
            "created_time": "2025-05-04T18:24:08.666763Z",
            "yes_price": 54,
            "no_price": 46,
            "taker_side": "yes"
        },
        {
            "trade_id": "65b24e6e-ab6c-45c4-96e6-6292ae595ac9",
            "ticker": "KXHIGHDEN-25MAY04-T78",
            "count": 50,
            "created_time": "2025-05-04T18:15:31.575287Z",
            "yes_price": 43,
            "no_price": 57,
            "taker_side": "yes"
        },
        {
            "trade_id": "0bef73e4-93ae-4ffe-ab73-e994f7ddfea4",
            "ticker": "KXHIGHDEN-25MAY04-T78",
            "count": 18,
            "created_time": "2025-05-04T18:15:31.575287Z",
            "yes_price": 43,
            "no_price": 57,
            "taker_side": "yes"
        },
        {
            "trade_id": "aa3f30ad-e41b-4d09-98c5-8619e783236a",
            "ticker": "KXHIGHDEN-25MAY04-T78",
            "count": 18,
            "created_time": "2025-05-04T18:14:28.793908Z",
            "yes_price": 42,
            "no_price": 58,
            "taker_side": "yes"
        },
        {
            "trade_id": "ee93e3f9-cdb9-4bae-9017-6f35721cfe97",
            "ticker": "KXHIGHDEN-25MAY04-T78",
            "count": 11,
            "created_time": "2025-05-04T18:14:15.399918Z",
            "yes_price": 43,
            "no_price": 57,
            "taker_side": "yes"
        },
        {
            "trade_id": "892c5b91-c68d-4c21-ab78-714ca6c8fa71",
            "ticker": "KXHIGHDEN-25MAY04-T78",
            "count": 18,
            "created_time": "2025-05-04T18:13:44.890717Z",
            "yes_price": 42,
            "no_price": 58,
            "taker_side": "yes"
        },
        {
            "trade_id": "429b7175-8df7-4824-8d3f-fe84494893ba",
            "ticker": "KXHIGHDEN-25MAY04-T78",
            "count": 1,
            "created_time": "2025-05-04T18:13:44.890717Z",
            "yes_price": 42,
            "no_price": 58,
            "taker_side": "yes"
        },
        {
            "trade_id": "cc347bbf-b3f0-4eef-8775-11009c05d5f9",
            "ticker": "KXHIGHDEN-25MAY04-T78",
            "count": 18,
            "created_time": "2025-05-04T18:13:02.022407Z",
            "yes_price": 42,
            "no_price": 58,
            "taker_side": "yes"
        },
        {
            "trade_id": "4fd26bdc-0d6a-4bc3-b736-4f080fb8ba4e",
            "ticker": "KXHIGHDEN-25MAY04-T78",
            "count": 18,
            "created_time": "2025-05-04T18:09:15.342249Z",
            "yes_price": 39,
            "no_price": 61,
            "taker_side": "yes"
        },
        {
            "trade_id": "c7e70c04-cc89-415a-82bd-5b5eb136d08c",
            "ticker": "KXHIGHDEN-25MAY04-T78",
            "count": 5,
            "created_time": "2025-05-04T18:08:18.52676Z",
            "yes_price": 43,
            "no_price": 57,
            "taker_side": "yes"
        },
        {
            "trade_id": "ab0b661c-5e61-4eff-8ec0-2c2a535b8b0b",
            "ticker": "KXHIGHDEN-25MAY04-T78",
            "count": 12,
            "created_time": "2025-05-04T18:08:18.52676Z",
            "yes_price": 45,
            "no_price": 55,
            "taker_side": "yes"
        },
        {
            "trade_id": "8e1e8093-cd6e-4001-b2d6-2bedffd0ce7b",
            "ticker": "KXHIGHDEN-25MAY04-T78",
            "count": 18,
            "created_time": "2025-05-04T18:08:18.52676Z",
            "yes_price": 46,
            "no_price": 54,
            "taker_side": "yes"
        },
        {
            "trade_id": "8318af01-ce5a-490e-bcce-72e9f0a2b67e",
            "ticker": "KXHIGHDEN-25MAY04-T78",
            "count": 7,
            "created_time": "2025-05-04T18:08:18.52676Z",
            "yes_price": 55,
            "no_price": 45,
            "taker_side": "yes"
        },
        {
            "trade_id": "6d19f1e1-3f69-41d2-91e4-603afd8f1b96",
            "ticker": "KXHIGHDEN-25MAY04-T78",
            "count": 12,
            "created_time": "2025-05-04T18:08:18.52676Z",
            "yes_price": 43,
            "no_price": 57,
            "taker_side": "yes"
        },
        {
            "trade_id": "69b330b7-19a0-41af-a534-5055b9be7ed6",
            "ticker": "KXHIGHDEN-25MAY04-T78",
            "count": 15,
            "created_time": "2025-05-04T18:08:18.52676Z",
            "yes_price": 41,
            "no_price": 59,
            "taker_side": "yes"
        },
        {
            "trade_id": "51441b69-2107-419d-9f71-f491d44aea1f",
            "ticker": "KXHIGHDEN-25MAY04-T78",
            "count": 17,
            "created_time": "2025-05-04T18:08:18.52676Z",
            "yes_price": 33,
            "no_price": 67,
            "taker_side": "yes"
        },
        {
            "trade_id": "2dad8707-1082-4534-baad-e44e1698c8de",
            "ticker": "KXHIGHDEN-25MAY04-T78",
            "count": 50,
            "created_time": "2025-05-04T18:08:18.52676Z",
            "yes_price": 40,
            "no_price": 60,
            "taker_side": "yes"
        },
        {
            "trade_id": "24a14079-e02d-461e-b48b-ec3e8d0e9286",
            "ticker": "KXHIGHDEN-25MAY04-T78",
            "count": 14,
            "created_time": "2025-05-04T18:08:18.52676Z",
            "yes_price": 54,
            "no_price": 46,
            "taker_side": "yes"
        },
        {
            "trade_id": "236ebe0c-cca6-4b82-bfeb-5a328a9806b4",
            "ticker": "KXHIGHDEN-25MAY04-T78",
            "count": 18,
            "created_time": "2025-05-04T18:08:17.325154Z",
            "yes_price": 34,
            "no_price": 66,
            "taker_side": "yes"
        },
        {
            "trade_id": "db1055c8-6630-4469-8562-18417f07f803",
            "ticker": "KXHIGHDEN-25MAY04-T78",
            "count": 4,
            "created_time": "2025-05-04T18:07:39.416757Z",
            "yes_price": 36,
            "no_price": 64,
            "taker_side": "yes"
        },
        {
            "trade_id": "8cd7580c-6fdd-4b42-97cd-e10f4c152bee",
            "ticker": "KXHIGHDEN-25MAY04-T78",
            "count": 3,
            "created_time": "2025-05-04T18:07:39.416757Z",
            "yes_price": 29,
            "no_price": 71,
            "taker_side": "yes"
        },
        {
            "trade_id": "580afa18-d619-4013-9044-c10ea72db885",
            "ticker": "KXHIGHDEN-25MAY04-T78",
            "count": 1,
            "created_time": "2025-05-04T18:07:39.416757Z",
            "yes_price": 33,
            "no_price": 67,
            "taker_side": "yes"
        },
        {
            "trade_id": "30b3cce1-6540-4a85-a36f-3e532447b32b",
            "ticker": "KXHIGHDEN-25MAY04-T78",
            "count": 1,
            "created_time": "2025-05-04T17:59:34.711908Z",
            "yes_price": 32,
            "no_price": 68,
            "taker_side": "yes"
        },
        {
            "trade_id": "f64a7be8-3e6b-430c-90f0-b33f6d0d4289",
            "ticker": "KXHIGHDEN-25MAY04-T78",
