{
    "KXHIGHDEN-25APR11-T76": [
        {
            "trade_id": "811239b0-687e-4d58-8d55-6a15bbfd492d",
            "ticker": "KXHIGHDEN-25APR11-T76",
            "count": 23,
            "created_time": "2025-04-11T13:05:29.754517Z",
            "yes_price": 2,
            "no_price": 98,
            "taker_side": "yes"
        },
        {
            "trade_id": "b8d6cae8-6a21-43d9-9da7-65cffc7376b6",
            "ticker": "KXHIGHDEN-25APR11-T76",
            "count": 100,
            "created_time": "2025-04-11T12:16:53.418751Z",
            "yes_price": 1,
            "no_price": 99,
            "taker_side": "no"
        },
        {
            "trade_id": "66236ee1-06b5-4f60-a6a4-9d75e7fd573f",
            "ticker": "KXHIGHDEN-25APR11-T76",
            "count": 23,
            "created_time": "2025-04-11T03:18:05.469614Z",
            "yes_price": 2,
            "no_price": 98,
            "taker_side": "yes"
        },
        {
            "trade_id": "d22a6281-2464-4745-b34f-a1e8c43f0913",
            "ticker": "KXHIGHDEN-25APR11-T76",
            "count": 46,
            "created_time": "2025-04-11T01:23:29.06417Z",
            "yes_price": 2,
            "no_price": 98,
            "taker_side": "yes"
        }
    ],
    "KXHIGHDEN-25APR11-B76.5": [
        {
            "trade_id": "50fa8830-1719-42de-aed5-56cc824af6c4",
            "ticker": "KXHIGHDEN-25APR11-B76.5",
            "count": 90,
            "created_time": "2025-04-11T14:04:24.691295Z",
            "yes_price": 1,
            "no_price": 99,
            "taker_side": "no"
        },
        {
            "trade_id": "5def7329-24cd-42c6-a73b-25d8450ef122",
            "ticker": "KXHIGHDEN-25APR11-B76.5",
            "count": 5,
            "created_time": "2025-04-11T13:54:17.321145Z",
            "yes_price": 1,
            "no_price": 99,
            "taker_side": "no"
        },
        {
            "trade_id": "06c8c554-598b-42ad-aafe-89a12014dc21",
            "ticker": "KXHIGHDEN-25APR11-B76.5",
            "count": 5,
            "created_time": "2025-04-11T13:52:39.053303Z",
            "yes_price": 1,
            "no_price": 99,
            "taker_side": "no"
        },
        {
            "trade_id": "5519bad9-1f5b-4333-a168-443f070c542a",
            "ticker": "KXHIGHDEN-25APR11-B76.5",
            "count": 46,
            "created_time": "2025-04-11T13:04:58.245721Z",
            "yes_price": 2,
            "no_price": 98,
            "taker_side": "yes"
        },
        {
            "trade_id": "4e64d82a-d3c2-4e54-ab8a-9e59ee131312",
            "ticker": "KXHIGHDEN-25APR11-B76.5",
            "count": 1,
            "created_time": "2025-04-11T12:08:12.982155Z",
            "yes_price": 3,
            "no_price": 97,
            "taker_side": "yes"
        },
        {
            "trade_id": "99cfc4d5-4982-4fc6-bd51-3642f62f16d4",
            "ticker": "KXHIGHDEN-25APR11-B76.5",
            "count": 19,
            "created_time": "2025-04-11T12:03:01.383678Z",
            "yes_price": 4,
            "no_price": 96,
            "taker_side": "no"
        },
        {
            "trade_id": "11142710-c9ae-45f4-8d85-cd4608f5d823",
            "ticker": "KXHIGHDEN-25APR11-B76.5",
            "count": 61,
            "created_time": "2025-04-11T12:02:40.394569Z",
            "yes_price": 5,
            "no_price": 95,
            "taker_side": "yes"
        },
        {
            "trade_id": "d6d1dd0b-ae61-46b5-a378-d053ce429784",
            "ticker": "KXHIGHDEN-25APR11-B76.5",
            "count": 43,
            "created_time": "2025-04-11T12:01:40.050818Z",
            "yes_price": 5,
            "no_price": 95,
            "taker_side": "no"
        },
        {
            "trade_id": "d2295860-d86e-4b1d-9da6-9eb4e99b25aa",
            "ticker": "KXHIGHDEN-25APR11-B76.5",
            "count": 11,
            "created_time": "2025-04-11T03:18:58.562741Z",
            "yes_price": 4,
            "no_price": 96,
            "taker_side": "yes"
        },
        {
            "trade_id": "2df9e082-bf5a-4e5d-8ae6-8f6b5f2f01d7",
            "ticker": "KXHIGHDEN-25APR11-B76.5",
            "count": 23,
            "created_time": "2025-04-11T01:23:55.743482Z",
            "yes_price": 4,
            "no_price": 96,
            "taker_side": "yes"
        }
    ],
    "KXHIGHDEN-25APR11-B78.5": [
        {
            "trade_id": "1bc37c83-770e-4d00-b817-31a532899b67",
            "ticker": "KXHIGHDEN-25APR11-B78.5",
            "count": 16,
            "created_time": "2025-04-11T21:26:12.688676Z",
            "yes_price": 1,
            "no_price": 99,
            "taker_side": "yes"
        },
        {
            "trade_id": "5146dda1-8fb6-4259-af1a-ab6a2dee2171",
            "ticker": "KXHIGHDEN-25APR11-B78.5",
            "count": 82,
            "created_time": "2025-04-11T21:09:35.056065Z",
            "yes_price": 1,
            "no_price": 99,
            "taker_side": "yes"
        },
        {
            "trade_id": "348b1867-0593-401e-8967-034d0b5bcc7f",
            "ticker": "KXHIGHDEN-25APR11-B78.5",
            "count": 50,
            "created_time": "2025-04-11T20:54:53.950773Z",
            "yes_price": 1,
            "no_price": 99,
            "taker_side": "yes"
        },
        {
            "trade_id": "b3bdbfb1-92cf-425a-b195-d9003974b0f9",
            "ticker": "KXHIGHDEN-25APR11-B78.5",
            "count": 93,
            "created_time": "2025-04-11T20:22:35.999376Z",
            "yes_price": 1,
            "no_price": 99,
            "taker_side": "yes"
        },
        {
            "trade_id": "7b349bc4-aaac-49c1-8b2c-104b1fb7e662",
            "ticker": "KXHIGHDEN-25APR11-B78.5",
            "count": 49,
            "created_time": "2025-04-11T20:21:21.513986Z",
            "yes_price": 1,
            "no_price": 99,
            "taker_side": "yes"
        },
        {
            "trade_id": "1cac9ed4-5fea-4a8b-8900-2e7bbbc2d0a6",
            "ticker": "KXHIGHDEN-25APR11-B78.5",
            "count": 15,
            "created_time": "2025-04-11T20:13:23.665302Z",
            "yes_price": 1,
            "no_price": 99,
            "taker_side": "yes"
        },
        {
            "trade_id": "4954333d-2c5b-431a-89b9-c691917c2d2c",
            "ticker": "KXHIGHDEN-25APR11-B78.5",
            "count": 840,
            "created_time": "2025-04-11T20:03:19.146139Z",
            "yes_price": 1,
            "no_price": 99,
            "taker_side": "yes"
        },
        {
            "trade_id": "903fa850-2146-4cb1-b8b8-83d7d028c0fa",
            "ticker": "KXHIGHDEN-25APR11-B78.5",
            "count": 40,
            "created_time": "2025-04-11T20:02:37.83278Z",
            "yes_price": 1,
            "no_price": 99,
            "taker_side": "no"
        },
        {
            "trade_id": "407f399d-22c8-4a42-b059-66471bac5b2f",
            "ticker": "KXHIGHDEN-25APR11-B78.5",
            "count": 19,
            "created_time": "2025-04-11T20:02:37.83278Z",
            "yes_price": 1,
            "no_price": 99,
            "taker_side": "no"
        },
        {
            "trade_id": "d0665504-ecb2-4aa7-a682-04dbde37c45c",
            "ticker": "KXHIGHDEN-25APR11-B78.5",
            "count": 1000,
            "created_time": "2025-04-11T20:02:37.828429Z",
            "yes_price": 5,
            "no_price": 95,
            "taker_side": "no"
        },
        {
            "trade_id": "b34b1e9f-872d-47a7-a102-97970b03e96c",
            "ticker": "KXHIGHDEN-25APR11-B78.5",
            "count": 2000,
            "created_time": "2025-04-11T20:02:37.828429Z",
            "yes_price": 4,
            "no_price": 96,
            "taker_side": "no"
        },
        {
            "trade_id": "e6376f95-bb1c-43f8-a554-10f6b00f7cb6",
            "ticker": "KXHIGHDEN-25APR11-B78.5",
            "count": 1,
            "created_time": "2025-04-11T19:59:10.250406Z",
            "yes_price": 8,
            "no_price": 92,
            "taker_side": "yes"
        },
        {
            "trade_id": "d26f21af-710c-47a2-827f-30a2a2515593",
            "ticker": "KXHIGHDEN-25APR11-B78.5",
            "count": 50,
            "created_time": "2025-04-11T19:58:12.048384Z",
            "yes_price": 8,
            "no_price": 92,
            "taker_side": "yes"
        },
        {
            "trade_id": "4eec3c81-29b7-4bc7-8b9f-f8e957f3f1c8",
            "ticker": "KXHIGHDEN-25APR11-B78.5",
            "count": 50,
            "created_time": "2025-04-11T19:58:08.264973Z",
            "yes_price": 7,
            "no_price": 93,
            "taker_side": "yes"
        },
        {
            "trade_id": "f166b1fd-404d-460d-9d99-38a89372628c",
            "ticker": "KXHIGHDEN-25APR11-B78.5",
            "count": 50,
            "created_time": "2025-04-11T19:56:31.756723Z",
            "yes_price": 5,
            "no_price": 95,
            "taker_side": "yes"
        },
        {
            "trade_id": "e0162dc8-feb5-4fff-b949-4e2f7c63da8d",
            "ticker": "KXHIGHDEN-25APR11-B78.5",
            "count": 50,
            "created_time": "2025-04-11T19:56:31.756723Z",
            "yes_price": 6,
            "no_price": 94,
            "taker_side": "yes"
        },
        {
            "trade_id": "c27fd1e4-41c7-4568-8586-f9f06d06013b",
            "ticker": "KXHIGHDEN-25APR11-B78.5",
            "count": 50,
            "created_time": "2025-04-11T19:56:31.756723Z",
            "yes_price": 7,
            "no_price": 93,
            "taker_side": "yes"
        },
        {
            "trade_id": "4dea5f80-3568-4a4e-bdb9-784edcaace1e",
            "ticker": "KXHIGHDEN-25APR11-B78.5",
            "count": 50,
            "created_time": "2025-04-11T19:56:31.756723Z",
            "yes_price": 4,
            "no_price": 96,
            "taker_side": "yes"
        },
        {
            "trade_id": "a865bf09-2077-4428-a19f-c3f343a477d9",
            "ticker": "KXHIGHDEN-25APR11-B78.5",
            "count": 7,
            "created_time": "2025-04-11T19:55:28.288829Z",
            "yes_price": 1,
            "no_price": 99,
            "taker_side": "no"
        },
        {
            "trade_id": "8f83dfff-f6aa-4ac8-9373-1f69d8294d14",
            "ticker": "KXHIGHDEN-25APR11-B78.5",
            "count": 5,
            "created_time": "2025-04-11T19:52:04.222391Z",
            "yes_price": 1,
            "no_price": 99,
            "taker_side": "no"
        },
        {
            "trade_id": "07a8dd53-12d9-4e8f-a9ac-0ed4bb3737df",
            "ticker": "KXHIGHDEN-25APR11-B78.5",
            "count": 95,
            "created_time": "2025-04-11T19:49:32.324527Z",
            "yes_price": 1,
            "no_price": 99,
            "taker_side": "no"
        },
        {
            "trade_id": "2e953cef-f2cd-4185-b955-d931623b1930",
            "ticker": "KXHIGHDEN-25APR11-B78.5",
            "count": 25,
            "created_time": "2025-04-11T19:49:31.478008Z",
            "yes_price": 1,
            "no_price": 99,
            "taker_side": "no"
        },
        {
            "trade_id": "c2a18b28-f6a1-4a78-9fc6-f98e4add6415",
            "ticker": "KXHIGHDEN-25APR11-B78.5",
            "count": 40,
            "created_time": "2025-04-11T19:43:03.136576Z",
            "yes_price": 2,
            "no_price": 98,
            "taker_side": "no"
        },
        {
            "trade_id": "11abb31c-7b0c-4830-91a9-d8ea55393729",
            "ticker": "KXHIGHDEN-25APR11-B78.5",
            "count": 20,
            "created_time": "2025-04-11T19:34:17.748688Z",
            "yes_price": 3,
            "no_price": 97,
            "taker_side": "no"
        },
        {
            "trade_id": "e64a3191-0c94-4f59-ad72-cd950d1825b5",
            "ticker": "KXHIGHDEN-25APR11-B78.5",
            "count": 71,
            "created_time": "2025-04-11T19:25:59.063693Z",
            "yes_price": 4,
            "no_price": 96,
            "taker_side": "no"
        },
        {
            "trade_id": "e461da79-0887-49c6-a7f8-6b8d7fa6ace1",
            "ticker": "KXHIGHDEN-25APR11-B78.5",
            "count": 21,
            "created_time": "2025-04-11T19:25:59.063693Z",
            "yes_price": 1,
            "no_price": 99,
            "taker_side": "no"
        },
        {
            "trade_id": "d5417076-d5b6-46b9-9a86-9a33213749e9",
            "ticker": "KXHIGHDEN-25APR11-B78.5",
            "count": 40,
            "created_time": "2025-04-11T19:25:59.063693Z",
            "yes_price": 3,
            "no_price": 97,
            "taker_side": "no"
        },
        {
            "trade_id": "6f86171c-8bcb-47a9-9a24-56b08fa917b2",
            "ticker": "KXHIGHDEN-25APR11-B78.5",
            "count": 36,
            "created_time": "2025-04-11T19:25:59.063693Z",
            "yes_price": 4,
            "no_price": 96,
            "taker_side": "no"
        },
        {
            "trade_id": "42ec6cb3-507f-4fcf-b6a0-fd8ae1aa82a9",
            "ticker": "KXHIGHDEN-25APR11-B78.5",
            "count": 50,
            "created_time": "2025-04-11T19:25:59.063693Z",
            "yes_price": 4,
            "no_price": 96,
            "taker_side": "no"
        },
        {
            "trade_id": "316228d5-c214-42d1-aaea-66c23b7b16d2",
            "ticker": "KXHIGHDEN-25APR11-B78.5",
            "count": 1,
            "created_time": "2025-04-11T19:25:17.899673Z",
            "yes_price": 5,
            "no_price": 95,
            "taker_side": "no"
        },
        {
            "trade_id": "735fa731-5afa-43a4-85f2-9a7d2636afc9",
            "ticker": "KXHIGHDEN-25APR11-B78.5",
            "count": 50,
            "created_time": "2025-04-11T19:18:27.917797Z",
            "yes_price": 7,
            "no_price": 93,
            "taker_side": "no"
        },
        {
            "trade_id": "1a9f763c-687e-42ce-a86e-b9dba9d489f3",
            "ticker": "KXHIGHDEN-25APR11-B78.5",
            "count": 11,
            "created_time": "2025-04-11T19:12:28.593872Z",
            "yes_price": 10,
            "no_price": 90,
            "taker_side": "no"
        },
        {
            "trade_id": "0ce59d56-a839-4d90-b26e-7172c14d3645",
            "ticker": "KXHIGHDEN-25APR11-B78.5",
            "count": 10,
            "created_time": "2025-04-11T19:09:44.266389Z",
            "yes_price": 10,
            "no_price": 90,
            "taker_side": "no"
        },
        {
            "trade_id": "765dec03-a128-47aa-98ee-068cd6ad86f8",
            "ticker": "KXHIGHDEN-25APR11-B78.5",
            "count": 17,
            "created_time": "2025-04-11T19:06:42.532963Z",
            "yes_price": 7,
            "no_price": 93,
            "taker_side": "no"
        },
        {
            "trade_id": "daf33057-31d1-49d2-9404-3e40a28ec35a",
            "ticker": "KXHIGHDEN-25APR11-B78.5",
            "count": 50,
            "created_time": "2025-04-11T19:06:23.087456Z",
            "yes_price": 11,
            "no_price": 89,
            "taker_side": "yes"
        },
        {
            "trade_id": "288dcf29-df19-4ffb-a28b-2ff63d3a34a6",
            "ticker": "KXHIGHDEN-25APR11-B78.5",
            "count": 50,
            "created_time": "2025-04-11T19:06:23.087456Z",
            "yes_price": 11,
            "no_price": 89,
            "taker_side": "yes"
        },
        {
            "trade_id": "41d226da-a0b9-4701-861c-7a050785da93",
            "ticker": "KXHIGHDEN-25APR11-B78.5",
            "count": 100,
            "created_time": "2025-04-11T19:04:28.333364Z",
            "yes_price": 10,
            "no_price": 90,
            "taker_side": "no"
        },
        {
            "trade_id": "c2582948-d400-44df-91c0-ade2b3335b87",
            "ticker": "KXHIGHDEN-25APR11-B78.5",
            "count": 5,
            "created_time": "2025-04-11T18:58:11.114912Z",
            "yes_price": 9,
            "no_price": 91,
            "taker_side": "yes"
        },
        {
            "trade_id": "bc07e322-4bae-4f23-a5cb-826dea977f61",
            "ticker": "KXHIGHDEN-25APR11-B78.5",
            "count": 50,
            "created_time": "2025-04-11T18:58:11.114912Z",
            "yes_price": 10,
            "no_price": 90,
            "taker_side": "yes"
        },
        {
            "trade_id": "a1d6ea68-d564-4e90-a7ca-a723df720373",
            "ticker": "KXHIGHDEN-25APR11-B78.5",
            "count": 30,
            "created_time": "2025-04-11T18:58:11.114912Z",
            "yes_price": 10,
            "no_price": 90,
            "taker_side": "yes"
        },
        {
            "trade_id": "2090f7f6-fb95-4600-9ec8-7f728fdd733a",
            "ticker": "KXHIGHDEN-25APR11-B78.5",
            "count": 10,
            "created_time": "2025-04-11T18:43:05.675222Z",
            "yes_price": 6,
            "no_price": 94,
            "taker_side": "no"
        },
        {
            "trade_id": "4681ac34-50c3-4a49-926a-7db160aea4b0",
            "ticker": "KXHIGHDEN-25APR11-B78.5",
            "count": 10,
            "created_time": "2025-04-11T18:42:19.354404Z",
            "yes_price": 6,
            "no_price": 94,
            "taker_side": "no"
        },
        {
            "trade_id": "7c078b5f-6d3c-4b44-a235-bb062920b2ce",
            "ticker": "KXHIGHDEN-25APR11-B78.5",
            "count": 50,
            "created_time": "2025-04-11T18:37:36.432742Z",
            "yes_price": 8,
            "no_price": 92,
            "taker_side": "yes"
        },
        {
            "trade_id": "647dae48-c041-4dbf-aa0b-a4d2d7f6734d",
            "ticker": "KXHIGHDEN-25APR11-B78.5",
            "count": 49,
            "created_time": "2025-04-11T18:37:20.92042Z",
            "yes_price": 7,
            "no_price": 93,
            "taker_side": "yes"
        },
        {
            "trade_id": "5ed676b4-178d-44af-8fe4-c1b663cf8ebd",
            "ticker": "KXHIGHDEN-25APR11-B78.5",
            "count": 1,
            "created_time": "2025-04-11T18:34:43.621116Z",
            "yes_price": 7,
            "no_price": 93,
            "taker_side": "no"
        },
        {
            "trade_id": "6d25ffb9-b466-4555-bbb6-a4c91519cdd1",
            "ticker": "KXHIGHDEN-25APR11-B78.5",
            "count": 2,
            "created_time": "2025-04-11T18:11:25.798133Z",
            "yes_price": 5,
            "no_price": 95,
            "taker_side": "no"
        },
        {
            "trade_id": "0f78b2bf-ac80-4bc5-9d8f-c13b4f701dcf",
            "ticker": "KXHIGHDEN-25APR11-B78.5",
            "count": 50,
            "created_time": "2025-04-11T18:11:25.798133Z",
            "yes_price": 6,
            "no_price": 94,
            "taker_side": "no"
        },
        {
            "trade_id": "ccdbc252-88d9-49a9-aa35-10f465f9640f",
            "ticker": "KXHIGHDEN-25APR11-B78.5",
            "count": 90,
            "created_time": "2025-04-11T17:54:52.101143Z",
            "yes_price": 10,
            "no_price": 90,
            "taker_side": "no"
        },
        {
            "trade_id": "4b472429-7078-414d-9f6a-f822ca652184",
            "ticker": "KXHIGHDEN-25APR11-B78.5",
            "count": 5,
            "created_time": "2025-04-11T17:40:12.755742Z",
            "yes_price": 6,
            "no_price": 94,
            "taker_side": "no"
        },
        {
            "trade_id": "cb660753-96fa-48b7-b1a8-c173de1ad6d8",
            "ticker": "KXHIGHDEN-25APR11-B78.5",
            "count": 5,
            "created_time": "2025-04-11T17:20:41.145504Z",
            "yes_price": 9,
            "no_price": 91,
            "taker_side": "no"
        },
        {
            "trade_id": "aeb4851e-ee74-4f1a-be8e-4f9fafeee1b5",
            "ticker": "KXHIGHDEN-25APR11-B78.5",
            "count": 50,
            "created_time": "2025-04-11T17:20:41.145504Z",
            "yes_price": 9,
            "no_price": 91,
            "taker_side": "no"
        },
        {
            "trade_id": "3490d35d-24c7-4b73-9183-fd3c1289d1b9",
            "ticker": "KXHIGHDEN-25APR11-B78.5",
            "count": 4,
            "created_time": "2025-04-11T17:20:41.145504Z",
            "yes_price": 7,
            "no_price": 93,
            "taker_side": "no"
        },
        {
            "trade_id": "acd430ad-5820-46b2-8ee9-939df9011c22",
            "ticker": "KXHIGHDEN-25APR11-B78.5",
            "count": 4,
            "created_time": "2025-04-11T17:08:49.59814Z",
            "yes_price": 5,
            "no_price": 95,
            "taker_side": "no"
        },
        {
            "trade_id": "665ea9aa-1463-4b0d-a488-2705e5aa7c8f",
            "ticker": "KXHIGHDEN-25APR11-B78.5",
            "count": 13,
            "created_time": "2025-04-11T17:07:56.046383Z",
            "yes_price": 5,
            "no_price": 95,
            "taker_side": "no"
        },
        {
            "trade_id": "f6dc1abb-fe66-459a-8ca2-b2a4ff516253",
            "ticker": "KXHIGHDEN-25APR11-B78.5",
            "count": 24,
            "created_time": "2025-04-11T16:51:14.877675Z",
            "yes_price": 9,
            "no_price": 91,
            "taker_side": "no"
        },
        {
            "trade_id": "ac328370-fba7-4fbc-9d7f-72f0ac325b1b",
            "ticker": "KXHIGHDEN-25APR11-B78.5",
            "count": 50,
            "created_time": "2025-04-11T16:51:14.877675Z",
            "yes_price": 9,
            "no_price": 91,
            "taker_side": "no"
        },
        {
            "trade_id": "19207a33-a6d1-4dc2-956d-2d94a7bf18f4",
            "ticker": "KXHIGHDEN-25APR11-B78.5",
            "count": 45,
            "created_time": "2025-04-11T16:51:14.877675Z",
            "yes_price": 9,
            "no_price": 91,
            "taker_side": "no"
        },
        {
            "trade_id": "ef80aa7b-1023-4cab-bef4-73f1e47e1496",
            "ticker": "KXHIGHDEN-25APR11-B78.5",
            "count": 50,
            "created_time": "2025-04-11T16:51:05.547414Z",
            "yes_price": 12,
            "no_price": 88,
            "taker_side": "yes"
        },
        {
            "trade_id": "af57b687-cb11-44ef-b083-8050316782c1",
            "ticker": "KXHIGHDEN-25APR11-B78.5",
            "count": 50,
            "created_time": "2025-04-11T16:51:05.547414Z",
            "yes_price": 14,
            "no_price": 86,
            "taker_side": "yes"
        },
        {
            "trade_id": "674e65b6-8ddd-4bff-bb3c-884a040e77c3",
            "ticker": "KXHIGHDEN-25APR11-B78.5",
            "count": 35,
            "created_time": "2025-04-11T16:51:05.547414Z",
            "yes_price": 14,
            "no_price": 86,
            "taker_side": "yes"
        },
        {
            "trade_id": "5787cf26-e7b3-477f-bbcb-e243d4df693d",
            "ticker": "KXHIGHDEN-25APR11-B78.5",
            "count": 50,
            "created_time": "2025-04-11T16:51:05.547414Z",
            "yes_price": 13,
            "no_price": 87,
            "taker_side": "yes"
        },
        {
            "trade_id": "3c85e4aa-4968-4508-a9bb-4fe279463ee4",
            "ticker": "KXHIGHDEN-25APR11-B78.5",
            "count": 74,
            "created_time": "2025-04-11T16:51:05.547414Z",
            "yes_price": 15,
            "no_price": 85,
            "taker_side": "yes"
        },
        {
            "trade_id": "253fe861-adf3-45af-9d2a-25af83fe6396",
            "ticker": "KXHIGHDEN-25APR11-B78.5",
            "count": 50,
            "created_time": "2025-04-11T16:51:05.547414Z",
            "yes_price": 11,
            "no_price": 89,
            "taker_side": "yes"
        },
        {
            "trade_id": "0a33bc28-77a9-4142-8bf7-81573e4480be",
            "ticker": "KXHIGHDEN-25APR11-B78.5",
            "count": 50,
            "created_time": "2025-04-11T16:51:05.547414Z",
            "yes_price": 12,
            "no_price": 88,
            "taker_side": "yes"
        },
        {
            "trade_id": "a4128898-944f-4095-a1ba-0c482147c829",
            "ticker": "KXHIGHDEN-25APR11-B78.5",
            "count": 50,
            "created_time": "2025-04-11T16:34:06.009837Z",
            "yes_price": 10,
            "no_price": 90,
            "taker_side": "yes"
        },
        {
            "trade_id": "95dfde1f-64e0-43b5-9deb-b6aa99c9a8dd",
            "ticker": "KXHIGHDEN-25APR11-B78.5",
            "count": 100,
            "created_time": "2025-04-11T16:34:06.009837Z",
            "yes_price": 10,
            "no_price": 90,
            "taker_side": "yes"
        },
        {
            "trade_id": "65749225-a85f-4281-9e11-ca7d142fb90d",
            "ticker": "KXHIGHDEN-25APR11-B78.5",
            "count": 4,
            "created_time": "2025-04-11T16:31:36.691074Z",
            "yes_price": 9,
            "no_price": 91,
            "taker_side": "yes"
        },
        {
            "trade_id": "842d4de6-abda-4195-b626-b38ab413f318",
            "ticker": "KXHIGHDEN-25APR11-B78.5",
            "count": 50,
            "created_time": "2025-04-11T16:31:00.835535Z",
            "yes_price": 9,
            "no_price": 91,
            "taker_side": "no"
        },
        {
            "trade_id": "67a93cf0-abf8-4129-bedf-a18919206541",
            "ticker": "KXHIGHDEN-25APR11-B78.5",
            "count": 92,
            "created_time": "2025-04-11T16:31:00.835535Z",
            "yes_price": 9,
            "no_price": 91,
            "taker_side": "no"
        },
        {
            "trade_id": "250d622e-6ec3-4386-bc32-8055d3cfffbb",
            "ticker": "KXHIGHDEN-25APR11-B78.5",
            "count": 10,
            "created_time": "2025-04-11T16:21:23.753661Z",
            "yes_price": 13,
            "no_price": 87,
            "taker_side": "yes"
        },
        {
            "trade_id": "c3d5c963-cc83-4376-93cb-684346d30661",
            "ticker": "KXHIGHDEN-25APR11-B78.5",
            "count": 50,
            "created_time": "2025-04-11T16:15:08.974757Z",
            "yes_price": 12,
            "no_price": 88,
            "taker_side": "yes"
        },
        {
            "trade_id": "b5437977-b897-47ad-b561-a5e810a4c0d0",
            "ticker": "KXHIGHDEN-25APR11-B78.5",
            "count": 50,
            "created_time": "2025-04-11T16:15:08.974757Z",
            "yes_price": 13,
            "no_price": 87,
            "taker_side": "yes"
        },
        {
            "trade_id": "236a5077-b70b-4ace-9fcc-f3f6ca413793",
            "ticker": "KXHIGHDEN-25APR11-B78.5",
            "count": 5,
            "created_time": "2025-04-11T16:15:08.974757Z",
            "yes_price": 11,
            "no_price": 89,
            "taker_side": "yes"
        },
        {
            "trade_id": "25e53367-87b1-4e63-8b1a-7abce20a188e",
            "ticker": "KXHIGHDEN-25APR11-B78.5",
            "count": 50,
            "created_time": "2025-04-11T15:49:53.210508Z",
            "yes_price": 10,
            "no_price": 90,
            "taker_side": "no"
        },
        {
            "trade_id": "926cc011-bef5-4d2a-9af3-a11acda31d0f",
            "ticker": "KXHIGHDEN-25APR11-B78.5",
            "count": 5,
            "created_time": "2025-04-11T15:48:13.826483Z",
            "yes_price": 11,
            "no_price": 89,
            "taker_side": "no"
        },
        {
            "trade_id": "6e99fd5f-f556-4a63-ac3f-8ad60d48ca79",
            "ticker": "KXHIGHDEN-25APR11-B78.5",
            "count": 18,
            "created_time": "2025-04-11T15:44:59.999618Z",
            "yes_price": 15,
            "no_price": 85,
            "taker_side": "yes"
        },
        {
            "trade_id": "f6e63bd8-4b37-408c-86bc-363995eb928b",
            "ticker": "KXHIGHDEN-25APR11-B78.5",
            "count": 14,
            "created_time": "2025-04-11T15:31:57.896652Z",
            "yes_price": 15,
            "no_price": 85,
            "taker_side": "yes"
        },
        {
            "trade_id": "8c829c7e-5504-4438-b704-93fc2feb3db0",
            "ticker": "KXHIGHDEN-25APR11-B78.5",
            "count": 5,
            "created_time": "2025-04-11T15:31:57.896652Z",
            "yes_price": 14,
            "no_price": 86,
            "taker_side": "yes"
        },
        {
            "trade_id": "8eb3cd1d-1245-4559-91a0-38ee81ecf617",
            "ticker": "KXHIGHDEN-25APR11-B78.5",
            "count": 11,
            "created_time": "2025-04-11T14:56:48.792265Z",
            "yes_price": 8,
            "no_price": 92,
            "taker_side": "no"
        },
        {
            "trade_id": "690c9186-69af-4bcd-a023-185eba9e6f10",
            "ticker": "KXHIGHDEN-25APR11-B78.5",
            "count": 5,
            "created_time": "2025-04-11T14:56:48.792265Z",
            "yes_price": 8,
            "no_price": 92,
            "taker_side": "no"
        },
        {
            "trade_id": "23e6ec01-5dbe-4c66-adeb-3afd1a5ea369",
            "ticker": "KXHIGHDEN-25APR11-B78.5",
            "count": 35,
            "created_time": "2025-04-11T14:38:34.507564Z",
            "yes_price": 9,
            "no_price": 91,
            "taker_side": "no"
        },
        {
            "trade_id": "d569521a-b29b-44b3-8aab-960243b120ab",
            "ticker": "KXHIGHDEN-25APR11-B78.5",
            "count": 234,
            "created_time": "2025-04-11T14:32:31.694658Z",
            "yes_price": 15,
            "no_price": 85,
            "taker_side": "yes"
        },
        {
            "trade_id": "65dcbab6-bd76-4634-8af7-a06f4bb95f5c",
            "ticker": "KXHIGHDEN-25APR11-B78.5",
            "count": 103,
            "created_time": "2025-04-11T14:32:31.694658Z",
            "yes_price": 13,
            "no_price": 87,
            "taker_side": "yes"
        },
        {
            "trade_id": "309de12c-6a4c-43a8-be8a-4b0d436a1e46",
            "ticker": "KXHIGHDEN-25APR11-B78.5",
            "count": 10,
            "created_time": "2025-04-11T14:32:31.694658Z",
            "yes_price": 14,
            "no_price": 86,
            "taker_side": "yes"
        },
        {
            "trade_id": "fa50ebf2-8679-4774-a39c-1c58c23c301d",
            "ticker": "KXHIGHDEN-25APR11-B78.5",
            "count": 9,
            "created_time": "2025-04-11T14:32:03.016939Z",
            "yes_price": 11,
            "no_price": 89,
            "taker_side": "yes"
        },
        {
            "trade_id": "875c8fde-69f7-4e4b-a3c6-f7748a7d6d71",
            "ticker": "KXHIGHDEN-25APR11-B78.5",
            "count": 134,
            "created_time": "2025-04-11T14:32:03.016939Z",
            "yes_price": 13,
            "no_price": 87,
            "taker_side": "yes"
        },
        {
            "trade_id": "71ec836e-a3d6-4b90-ad71-59903c0c7243",
            "ticker": "KXHIGHDEN-25APR11-B78.5",
            "count": 35,
            "created_time": "2025-04-11T14:32:03.016939Z",
            "yes_price": 11,
            "no_price": 89,
            "taker_side": "yes"
        },
        {
            "trade_id": "056ea8c4-3dea-4e15-aca3-82be0b86195e",
            "ticker": "KXHIGHDEN-25APR11-B78.5",
            "count": 11,
            "created_time": "2025-04-11T14:32:03.016939Z",
            "yes_price": 11,
            "no_price": 89,
            "taker_side": "yes"
        },
        {
            "trade_id": "a4a978b8-8010-4b6a-a2f8-931320ea54be",
            "ticker": "KXHIGHDEN-25APR11-B78.5",
            "count": 104,
            "created_time": "2025-04-11T14:11:31.705876Z",
            "yes_price": 6,
            "no_price": 94,
            "taker_side": "no"
        },
        {
            "trade_id": "746886c9-a229-4eb1-8dbe-98b71e387ef1",
            "ticker": "KXHIGHDEN-25APR11-B78.5",
            "count": 50,
            "created_time": "2025-04-11T14:11:31.705876Z",
            "yes_price": 7,
            "no_price": 93,
            "taker_side": "no"
        },
        {
            "trade_id": "3ebf940a-2f06-478e-b560-07af962866bd",
            "ticker": "KXHIGHDEN-25APR11-B78.5",
            "count": 10,
            "created_time": "2025-04-11T14:06:02.913358Z",
            "yes_price": 7,
            "no_price": 93,
            "taker_side": "no"
        },
        {
            "trade_id": "d9e2f506-a3b6-4d6e-b59d-d063f168d7c1",
            "ticker": "KXHIGHDEN-25APR11-B78.5",
            "count": 45,
            "created_time": "2025-04-11T14:02:29.863696Z",
            "yes_price": 10,
            "no_price": 90,
            "taker_side": "yes"
        },
        {
            "trade_id": "53f0022d-ce32-461d-9bc9-754ad48934da",
            "ticker": "KXHIGHDEN-25APR11-B78.5",
            "count": 240,
            "created_time": "2025-04-11T14:02:29.863696Z",
            "yes_price": 11,
            "no_price": 89,
            "taker_side": "yes"
        },
        {
            "trade_id": "50c43400-2db4-4820-8348-0590644306cd",
            "ticker": "KXHIGHDEN-25APR11-B78.5",
            "count": 4,
            "created_time": "2025-04-11T14:02:29.863696Z",
            "yes_price": 9,
            "no_price": 91,
            "taker_side": "yes"
        },
        {
            "trade_id": "342f4b3e-e644-4770-8018-5a515a30dc28",
            "ticker": "KXHIGHDEN-25APR11-B78.5",
            "count": 8,
            "created_time": "2025-04-11T14:02:29.863696Z",
            "yes_price": 9,
            "no_price": 91,
            "taker_side": "yes"
        },
        {
            "trade_id": "089f9bf3-819d-4f76-8038-3d7be0be6142",
            "ticker": "KXHIGHDEN-25APR11-B78.5",
            "count": 106,
            "created_time": "2025-04-11T14:02:29.863696Z",
            "yes_price": 9,
            "no_price": 91,
            "taker_side": "yes"
        },
        {
            "trade_id": "2cd04f57-847f-4cda-a120-c4e5707e051d",
            "ticker": "KXHIGHDEN-25APR11-B78.5",
            "count": 1,
            "created_time": "2025-04-11T13:10:57.724448Z",
            "yes_price": 9,
            "no_price": 91,
            "taker_side": "yes"
        },
        {
            "trade_id": "f54790cd-08d4-4e05-b4af-5992ce3f1a8a",
            "ticker": "KXHIGHDEN-25APR11-B78.5",
            "count": 14,
            "created_time": "2025-04-11T13:04:27.291394Z",
            "yes_price": 9,
            "no_price": 91,
            "taker_side": "yes"
        },
        {
            "trade_id": "6e55e0d8-d051-446b-b4c3-9c4dc5276bec",
            "ticker": "KXHIGHDEN-25APR11-B78.5",
            "count": 6,
            "created_time": "2025-04-11T13:04:27.291394Z",
            "yes_price": 10,
            "no_price": 90,
            "taker_side": "yes"
        },
        {
            "trade_id": "a0c0822e-379f-4f2e-8a72-48735ced00ed",
            "ticker": "KXHIGHDEN-25APR11-B78.5",
            "count": 5,
            "created_time": "2025-04-11T13:02:18.186903Z",
            "yes_price": 9,
            "no_price": 91,
            "taker_side": "yes"
        },
        {
            "trade_id": "9e0ddd6b-f6a3-47bf-8b8b-838daf5835cb",
            "ticker": "KXHIGHDEN-25APR11-B78.5",
            "count": 15,
            "created_time": "2025-04-11T13:02:18.186903Z",
            "yes_price": 9,
            "no_price": 91,
            "taker_side": "yes"
        },
        {
            "trade_id": "70d63941-f5cd-4c82-b76c-edf7c4b87917",
            "ticker": "KXHIGHDEN-25APR11-B78.5",
            "count": 29,
            "created_time": "2025-04-11T12:43:14.242206Z",
            "yes_price": 4,
            "no_price": 96,
            "taker_side": "no"
        },
        {
            "trade_id": "dfc35179-b5a0-47ec-86d6-cc282140945a",
            "ticker": "KXHIGHDEN-25APR11-B78.5",
            "count": 24,
            "created_time": "2025-04-11T12:43:06.177953Z",
            "yes_price": 5,
            "no_price": 95,
            "taker_side": "no"
        },
        {
            "trade_id": "5efe83b2-592d-4e1f-aee1-01610f5ddede",
            "ticker": "KXHIGHDEN-25APR11-B78.5",
            "count": 48,
            "created_time": "2025-04-11T12:43:06.177953Z",
            "yes_price": 5,
            "no_price": 95,
            "taker_side": "no"
        },
        {
            "trade_id": "24782fab-3de4-41b2-9ac0-ac3346fed0a8",
            "ticker": "KXHIGHDEN-25APR11-B78.5",
            "count": 5,
            "created_time": "2025-04-11T12:43:06.177953Z",
            "yes_price": 7,
            "no_price": 93,
            "taker_side": "no"
        },
        {
            "trade_id": "0d1d18f1-0e1b-44f8-a17a-8a27ceb93049",
            "ticker": "KXHIGHDEN-25APR11-B78.5",
            "count": 14,
            "created_time": "2025-04-11T12:43:06.177953Z",
            "yes_price": 6,
            "no_price": 94,
            "taker_side": "no"
        },
        {
            "trade_id": "2bf07cd5-898c-4747-91fe-8b38d0cedaa1",
            "ticker": "KXHIGHDEN-25APR11-B78.5",
            "count": 1,
            "created_time": "2025-04-11T12:08:21.592342Z",
            "yes_price": 11,
            "no_price": 89,
            "taker_side": "yes"
        },
        {
            "trade_id": "280605dc-63f6-4fad-98b0-a418e7ff3f00",
            "ticker": "KXHIGHDEN-25APR11-B78.5",
            "count": 10,
            "created_time": "2025-04-11T12:06:44.931311Z",
            "yes_price": 11,
            "no_price": 89,
            "taker_side": "yes"
        },
        {
            "trade_id": "97a1d314-60a5-4aa2-a544-42174e311080",
            "ticker": "KXHIGHDEN-25APR11-B78.5",
            "count": 1,
            "created_time": "2025-04-11T06:16:21.876946Z",
            "yes_price": 8,
            "no_price": 92,
            "taker_side": "no"
        },
        {
            "trade_id": "bc82493e-fe59-4039-923a-956ebf86ce07",
            "ticker": "KXHIGHDEN-25APR11-B78.5",
            "count": 30,
            "created_time": "2025-04-11T05:07:44.505038Z",
            "yes_price": 14,
            "no_price": 86,
            "taker_side": "yes"
        },
        {
            "trade_id": "15f5b8b3-248b-40ad-9561-7f7f52e60c42",
            "ticker": "KXHIGHDEN-25APR11-B78.5",
            "count": 16,
            "created_time": "2025-04-11T04:57:32.516006Z",
            "yes_price": 13,
            "no_price": 87,
            "taker_side": "yes"
        },
        {
            "trade_id": "5a1c438d-2169-41d7-97d9-81ffff2ddaf8",
            "ticker": "KXHIGHDEN-25APR11-B78.5",
            "count": 12,
            "created_time": "2025-04-11T03:43:25.953376Z",
            "yes_price": 9,
            "no_price": 91,
            "taker_side": "no"
        },
        {
            "trade_id": "44031f4b-632b-46e8-b5cf-59a492b1ff3d",
            "ticker": "KXHIGHDEN-25APR11-B78.5",
            "count": 41,
            "created_time": "2025-04-11T03:43:25.953376Z",
            "yes_price": 7,
            "no_price": 93,
            "taker_side": "no"
        },
        {
            "trade_id": "6aa3509f-d074-4a3e-9c7c-c350d632a1d8",
            "ticker": "KXHIGHDEN-25APR11-B78.5",
            "count": 4,
            "created_time": "2025-04-11T03:35:04.131362Z",
            "yes_price": 14,
            "no_price": 86,
            "taker_side": "yes"
        },
        {
            "trade_id": "5ccd1eb8-b7a9-4975-ad0c-f96aee742ebb",
            "ticker": "KXHIGHDEN-25APR11-B78.5",
            "count": 10,
            "created_time": "2025-04-11T03:35:04.131362Z",
            "yes_price": 14,
            "no_price": 86,
            "taker_side": "yes"
        },
        {
            "trade_id": "ea33c7e0-c529-4981-8ac4-b153214534b4",
            "ticker": "KXHIGHDEN-25APR11-B78.5",
            "count": 61,
            "created_time": "2025-04-11T03:34:56.631548Z",
            "yes_price": 13,
            "no_price": 87,
            "taker_side": "yes"
        },
        {
            "trade_id": "31d56f9b-76b2-4762-b082-df0dce8a1e95",
            "ticker": "KXHIGHDEN-25APR11-B78.5",
            "count": 10,
            "created_time": "2025-04-11T03:34:56.631548Z",
            "yes_price": 13,
            "no_price": 87,
            "taker_side": "yes"
        },
        {
            "trade_id": "3959de3d-2331-4b56-a887-ff1b1714ee4d",
            "ticker": "KXHIGHDEN-25APR11-B78.5",
            "count": 50,
            "created_time": "2025-04-11T03:29:13.989757Z",
            "yes_price": 11,
            "no_price": 89,
            "taker_side": "yes"
        },
        {
            "trade_id": "3bc84bb2-2cf9-4349-97c4-258325c20475",
            "ticker": "KXHIGHDEN-25APR11-B78.5",
            "count": 50,
            "created_time": "2025-04-11T03:22:55.605686Z",
            "yes_price": 12,
            "no_price": 88,
            "taker_side": "yes"
        },
        {
            "trade_id": "f7370420-18a7-46c6-bf23-840c5b7bcca1",
            "ticker": "KXHIGHDEN-25APR11-B78.5",
            "count": 7,
            "created_time": "2025-04-11T03:21:54.277962Z",
            "yes_price": 12,
            "no_price": 88,
            "taker_side": "yes"
        },
        {
            "trade_id": "56bb9d15-ee97-44f8-a3d0-b8305d020deb",
            "ticker": "KXHIGHDEN-25APR11-B78.5",
            "count": 14,
            "created_time": "2025-04-11T03:21:54.277962Z",
            "yes_price": 12,
            "no_price": 88,
            "taker_side": "yes"
        },
        {
            "trade_id": "367c05ba-5268-4f4f-8124-0d7a939dab77",
            "ticker": "KXHIGHDEN-25APR11-B78.5",
            "count": 85,
            "created_time": "2025-04-11T03:21:54.277962Z",
            "yes_price": 12,
            "no_price": 88,
            "taker_side": "yes"
        },
        {
            "trade_id": "4da490c3-d35d-4033-a709-7190d3d77fb7",
            "ticker": "KXHIGHDEN-25APR11-B78.5",
            "count": 83,
            "created_time": "2025-04-11T02:47:22.204822Z",
            "yes_price": 13,
            "no_price": 87,
            "taker_side": "yes"
        },
        {
            "trade_id": "02f52cb4-2d59-4a68-9c7f-400423f56a0f",
            "ticker": "KXHIGHDEN-25APR11-B78.5",
            "count": 71,
            "created_time": "2025-04-11T02:47:22.204822Z",
            "yes_price": 11,
            "no_price": 89,
            "taker_side": "yes"
        },
        {
            "trade_id": "ce7e2f23-dc2a-4c69-a4d2-241456c83828",
            "ticker": "KXHIGHDEN-25APR11-B78.5",
            "count": 50,
            "created_time": "2025-04-11T02:45:47.742494Z",
            "yes_price": 10,
            "no_price": 90,
            "taker_side": "yes"
        },
        {
            "trade_id": "3c10c634-38be-45d3-96a1-20026683cb55",
            "ticker": "KXHIGHDEN-25APR11-B78.5",
            "count": 166,
            "created_time": "2025-04-11T02:45:47.742494Z",
            "yes_price": 11,
            "no_price": 89,
            "taker_side": "yes"
        },
        {
            "trade_id": "195fd8a8-a813-47df-beea-13f8aad3ad82",
            "ticker": "KXHIGHDEN-25APR11-B78.5",
            "count": 2,
            "created_time": "2025-04-11T02:45:47.742494Z",
            "yes_price": 9,
            "no_price": 91,
            "taker_side": "yes"
        },
        {
            "trade_id": "90a2a056-69b8-436f-a44a-4f8833f7c641",
            "ticker": "KXHIGHDEN-25APR11-B78.5",
            "count": 37,
            "created_time": "2025-04-11T02:43:17.157459Z",
            "yes_price": 9,
            "no_price": 91,
            "taker_side": "yes"
        },
        {
            "trade_id": "0eaf7731-b03c-407b-8275-28c424b095c5",
            "ticker": "KXHIGHDEN-25APR11-B78.5",
            "count": 22,
            "created_time": "2025-04-11T02:43:17.157459Z",
            "yes_price": 9,
            "no_price": 91,
            "taker_side": "yes"
        },
        {
            "trade_id": "a5054935-3ff3-402e-ac48-b2d3c320bb58",
            "ticker": "KXHIGHDEN-25APR11-B78.5",
            "count": 15,
            "created_time": "2025-04-11T02:39:30.725824Z",
            "yes_price": 9,
            "no_price": 91,
            "taker_side": "yes"
        },
        {
            "trade_id": "d7bf6566-6a11-4cd6-bb1f-01b88161083e",
            "ticker": "KXHIGHDEN-25APR11-B78.5",
            "count": 1,
            "created_time": "2025-04-11T02:04:35.459083Z",
            "yes_price": 9,
            "no_price": 91,
            "taker_side": "yes"
        },
        {
            "trade_id": "4e1d232c-4eaa-457b-9e8e-4cf42a36886b",
            "ticker": "KXHIGHDEN-25APR11-B78.5",
            "count": 6,
            "created_time": "2025-04-11T01:50:00.654585Z",
            "yes_price": 10,
            "no_price": 90,
            "taker_side": "no"
        },
        {
            "trade_id": "01af16ea-a9b7-4bed-aa62-f23b5d1d425d",
            "ticker": "KXHIGHDEN-25APR11-B78.5",
            "count": 44,
            "created_time": "2025-04-11T01:48:55.004966Z",
            "yes_price": 10,
            "no_price": 90,
            "taker_side": "no"
        },
        {
            "trade_id": "5e620770-80f8-48df-98c1-fd36823ff3ee",
            "ticker": "KXHIGHDEN-25APR11-B78.5",
            "count": 7,
            "created_time": "2025-04-11T01:25:20.191701Z",
            "yes_price": 12,
            "no_price": 88,
            "taker_side": "yes"
        },
        {
            "trade_id": "1ea1de45-b3b9-487b-b97a-d80e56125dfa",
            "ticker": "KXHIGHDEN-25APR11-B78.5",
            "count": 33,
            "created_time": "2025-04-11T00:27:02.591556Z",
            "yes_price": 14,
            "no_price": 86,
            "taker_side": "yes"
        },
        {
            "trade_id": "f1e55100-f294-4600-a75f-317b98d1ca42",
            "ticker": "KXHIGHDEN-25APR11-B78.5",
            "count": 13,
            "created_time": "2025-04-10T23:40:41.38697Z",
            "yes_price": 14,
            "no_price": 86,
            "taker_side": "yes"
        },
        {
            "trade_id": "47e6be63-6864-4ea7-b44f-bb4279771d04",
            "ticker": "KXHIGHDEN-25APR11-B78.5",
            "count": 1,
            "created_time": "2025-04-10T21:49:32.155673Z",
            "yes_price": 14,
            "no_price": 86,
            "taker_side": "no"
        },
        {
            "trade_id": "d1e14689-50aa-46f1-b6b4-f993877d7858",
            "ticker": "KXHIGHDEN-25APR11-B78.5",
            "count": 16,
            "created_time": "2025-04-10T15:21:45.435418Z",
            "yes_price": 20,
            "no_price": 80,
            "taker_side": "no"
        },
        {
            "trade_id": "419cc076-70fa-4e29-8fd5-fad539415e79",
            "ticker": "KXHIGHDEN-25APR11-B78.5",
            "count": 50,
            "created_time": "2025-04-10T15:21:45.435418Z",
            "yes_price": 20,
            "no_price": 80,
            "taker_side": "no"
        },
        {
            "trade_id": "7b127f80-4a3a-4084-9524-e68f94207c0f",
            "ticker": "KXHIGHDEN-25APR11-B78.5",
            "count": 50,
            "created_time": "2025-04-10T15:21:45.3855Z",
            "yes_price": 23,
            "no_price": 77,
            "taker_side": "no"
        },
        {
            "trade_id": "203cc601-8ae3-4b33-9f50-ed82e1e0a677",
            "ticker": "KXHIGHDEN-25APR11-B78.5",
            "count": 34,
            "created_time": "2025-04-10T15:21:45.3855Z",
            "yes_price": 20,
            "no_price": 80,
            "taker_side": "no"
        },
        {
            "trade_id": "7366122d-ae4a-4750-a105-fe3226731336",
            "ticker": "KXHIGHDEN-25APR11-B78.5",
            "count": 16,
            "created_time": "2025-04-10T15:14:55.888758Z",
            "yes_price": 32,
            "no_price": 68,
            "taker_side": "yes"
        }
    ],
    "KXHIGHDEN-25APR11-B80.5": [
        {
            "trade_id": "7c95abff-b9a5-4603-b0f0-33729dd4db72",
            "ticker": "KXHIGHDEN-25APR11-B80.5",
            "count": 102,
            "created_time": "2025-04-12T04:54:06.508861Z",
            "yes_price": 99,
            "no_price": 1,
            "taker_side": "no"
        },
        {
            "trade_id": "a5e69276-fa71-4215-b678-03c8fe157672",
            "ticker": "KXHIGHDEN-25APR11-B80.5",
            "count": 2,
            "created_time": "2025-04-12T02:00:32.189176Z",
            "yes_price": 99,
            "no_price": 1,
            "taker_side": "no"
        },
        {
            "trade_id": "f6d9584f-41d7-4d8b-ac70-ea2504a1e1e5",
            "ticker": "KXHIGHDEN-25APR11-B80.5",
            "count": 249,
            "created_time": "2025-04-12T01:01:01.914216Z",
            "yes_price": 99,
            "no_price": 1,
            "taker_side": "no"
        },
        {
            "trade_id": "fdcf3cc5-f961-4fe4-8a79-b00a577ebdd2",
            "ticker": "KXHIGHDEN-25APR11-B80.5",
            "count": 251,
            "created_time": "2025-04-12T00:39:27.398686Z",
            "yes_price": 99,
            "no_price": 1,
            "taker_side": "no"
        },
        {
            "trade_id": "c9c76d55-76af-46d8-9901-54df98efd6d5",
            "ticker": "KXHIGHDEN-25APR11-B80.5",
            "count": 660,
            "created_time": "2025-04-12T00:32:50.064508Z",
            "yes_price": 99,
            "no_price": 1,
            "taker_side": "yes"
        },
        {
            "trade_id": "bfcee8ef-bfff-4eae-aa32-253c87747188",
            "ticker": "KXHIGHDEN-25APR11-B80.5",
            "count": 45,
            "created_time": "2025-04-12T00:32:50.064508Z",
            "yes_price": 99,
            "no_price": 1,
            "taker_side": "yes"
        },
        {
            "trade_id": "81402199-87a8-40a5-8145-7127822fc913",
            "ticker": "KXHIGHDEN-25APR11-B80.5",
            "count": 70,
            "created_time": "2025-04-12T00:32:50.064508Z",
            "yes_price": 99,
            "no_price": 1,
            "taker_side": "yes"
        },
        {
            "trade_id": "9b59f36c-0693-4eeb-9ccb-baf35e1cf620",
            "ticker": "KXHIGHDEN-25APR11-B80.5",
            "count": 51,
            "created_time": "2025-04-11T23:35:12.406483Z",
            "yes_price": 97,
            "no_price": 3,
            "taker_side": "no"
        },
        {
            "trade_id": "9b286312-cb65-49eb-bb1a-26eba5b32fea",
            "ticker": "KXHIGHDEN-25APR11-B80.5",
            "count": 10,
            "created_time": "2025-04-11T23:35:12.406483Z",
            "yes_price": 97,
            "no_price": 3,
            "taker_side": "no"
        },
        {
            "trade_id": "cd60efb3-875e-4bc4-b5cf-01b0cd8a576d",
            "ticker": "KXHIGHDEN-25APR11-B80.5",
            "count": 47,
            "created_time": "2025-04-11T23:13:10.272201Z",
            "yes_price": 97,
            "no_price": 3,
            "taker_side": "no"
        },
        {
            "trade_id": "f8eb7e44-db14-47f0-a94f-93169be98cb6",
            "ticker": "KXHIGHDEN-25APR11-B80.5",
            "count": 32,
            "created_time": "2025-04-11T22:53:44.571624Z",
            "yes_price": 96,
            "no_price": 4,
            "taker_side": "no"
        },
        {
            "trade_id": "89f8d0ab-b7a9-4cda-beb4-72e24b4fd7ab",
            "ticker": "KXHIGHDEN-25APR11-B80.5",
            "count": 30,
            "created_time": "2025-04-11T22:51:55.456178Z",
            "yes_price": 96,
            "no_price": 4,
            "taker_side": "no"
        },
        {
            "trade_id": "a34f0bc6-2e73-4e41-9848-3ffd9d2e545b",
            "ticker": "KXHIGHDEN-25APR11-B80.5",
            "count": 100,
            "created_time": "2025-04-11T22:40:59.81324Z",
            "yes_price": 98,
            "no_price": 2,
            "taker_side": "yes"
        },
        {
            "trade_id": "8fe69681-622f-48ba-b53b-d148f3e24c20",
            "ticker": "KXHIGHDEN-25APR11-B80.5",
            "count": 340,
            "created_time": "2025-04-11T22:40:59.81324Z",
            "yes_price": 99,
            "no_price": 1,
            "taker_side": "yes"
        },
        {
            "trade_id": "182619e6-f51b-4bde-8101-9b433acfc690",
            "ticker": "KXHIGHDEN-25APR11-B80.5",
            "count": 100,
            "created_time": "2025-04-11T22:40:59.81324Z",
            "yes_price": 97,
            "no_price": 3,
            "taker_side": "yes"
        },
        {
            "trade_id": "ed91a0cd-7582-4f9b-a550-13bc2a1daacf",
            "ticker": "KXHIGHDEN-25APR11-B80.5",
            "count": 3,
            "created_time": "2025-04-11T22:38:57.596896Z",
            "yes_price": 94,
            "no_price": 6,
            "taker_side": "no"
        },
        {
            "trade_id": "78e744ba-9ad5-41bc-8177-1974ebd40c77",
            "ticker": "KXHIGHDEN-25APR11-B80.5",
            "count": 21,
            "created_time": "2025-04-11T22:31:34.91922Z",
            "yes_price": 92,
            "no_price": 8,
            "taker_side": "no"
        },
        {
            "trade_id": "7bb7f84f-23d0-442f-9892-62ef9a37acdf",
            "ticker": "KXHIGHDEN-25APR11-B80.5",
            "count": 10,
            "created_time": "2025-04-11T22:26:14.377408Z",
            "yes_price": 91,
            "no_price": 9,
            "taker_side": "no"
        },
        {
            "trade_id": "7590f615-50d8-4276-9c62-5d69ca08683c",
            "ticker": "KXHIGHDEN-25APR11-B80.5",
            "count": 52,
            "created_time": "2025-04-11T22:05:33.377696Z",
            "yes_price": 90,
            "no_price": 10,
            "taker_side": "yes"
        },
        {
            "trade_id": "c3b925ee-f62c-428b-b05a-bdb7fd385ec3",
            "ticker": "KXHIGHDEN-25APR11-B80.5",
            "count": 25,
            "created_time": "2025-04-11T22:05:17.886924Z",
            "yes_price": 90,
            "no_price": 10,
            "taker_side": "yes"
        },
        {
            "trade_id": "d3dd7e20-432e-45f8-a3e8-69c44e0b2bdc",
            "ticker": "KXHIGHDEN-25APR11-B80.5",
            "count": 7,
            "created_time": "2025-04-11T21:47:46.123408Z",
            "yes_price": 84,
            "no_price": 16,
            "taker_side": "yes"
        },
        {
            "trade_id": "75437f60-cae9-4d91-9223-b03627bbfbdb",
            "ticker": "KXHIGHDEN-25APR11-B80.5",
            "count": 31,
            "created_time": "2025-04-11T21:47:46.123408Z",
            "yes_price": 85,
            "no_price": 15,
            "taker_side": "yes"
        },
        {
            "trade_id": "02a50fd6-aab1-4e8e-9e56-e3a4eef1a197",
            "ticker": "KXHIGHDEN-25APR11-B80.5",
            "count": 23,
            "created_time": "2025-04-11T21:47:46.123408Z",
            "yes_price": 84,
            "no_price": 16,
            "taker_side": "yes"
        },
        {
            "trade_id": "4ad384c8-1dcf-4920-b0fc-07a57a29f13a",
            "ticker": "KXHIGHDEN-25APR11-B80.5",
            "count": 5,
            "created_time": "2025-04-11T21:47:06.693537Z",
            "yes_price": 84,
            "no_price": 16,
            "taker_side": "yes"
        },
        {
            "trade_id": "caa9fea7-b71d-4661-8293-7589d744cc57",
            "ticker": "KXHIGHDEN-25APR11-B80.5",
            "count": 3,
            "created_time": "2025-04-11T21:31:49.81505Z",
            "yes_price": 83,
            "no_price": 17,
            "taker_side": "yes"
        },
        {
            "trade_id": "ab7dc8ae-33ea-4d4b-af25-78075947c21c",
            "ticker": "KXHIGHDEN-25APR11-B80.5",
            "count": 6,
            "created_time": "2025-04-11T21:29:46.698997Z",
            "yes_price": 81,
            "no_price": 19,
            "taker_side": "yes"
        },
        {
            "trade_id": "b4741f56-807a-4f1d-abfd-09b6517ef8a8",
            "ticker": "KXHIGHDEN-25APR11-B80.5",
            "count": 3,
            "created_time": "2025-04-11T21:22:13.037215Z",
            "yes_price": 61,
            "no_price": 39,
            "taker_side": "no"
        },
        {
            "trade_id": "1767824d-4ee5-45f0-970b-2e670535b586",
            "ticker": "KXHIGHDEN-25APR11-B80.5",
            "count": 55,
            "created_time": "2025-04-11T21:22:13.037215Z",
            "yes_price": 65,
            "no_price": 35,
            "taker_side": "no"
        },
        {
            "trade_id": "d6026ede-718c-4dbb-8db4-d7047c6783e2",
            "ticker": "KXHIGHDEN-25APR11-B80.5",
            "count": 2,
            "created_time": "2025-04-11T21:19:40.853462Z",
            "yes_price": 62,
            "no_price": 38,
            "taker_side": "no"
        },
        {
            "trade_id": "8a0b8317-2f07-4039-8178-daa4ffd6f7f5",
            "ticker": "KXHIGHDEN-25APR11-B80.5",
            "count": 10,
            "created_time": "2025-04-11T21:19:40.853462Z",
            "yes_price": 57,
            "no_price": 43,
            "taker_side": "no"
        },
        {
            "trade_id": "b5ff777b-aac0-43e0-9c24-e28817a45674",
            "ticker": "KXHIGHDEN-25APR11-B80.5",
            "count": 3,
            "created_time": "2025-04-11T21:13:06.793665Z",
            "yes_price": 70,
            "no_price": 30,
            "taker_side": "yes"
        },
        {
            "trade_id": "16a8a1b5-eb6b-4244-af21-a9c174750731",
            "ticker": "KXHIGHDEN-25APR11-B80.5",
            "count": 2,
            "created_time": "2025-04-11T21:12:54.103949Z",
            "yes_price": 70,
            "no_price": 30,
            "taker_side": "yes"
        },
        {
            "trade_id": "a9975242-a06e-4ff7-8a9f-edf84d260d9e",
            "ticker": "KXHIGHDEN-25APR11-B80.5",
            "count": 2,
            "created_time": "2025-04-11T21:12:00.252919Z",
            "yes_price": 68,
            "no_price": 32,
            "taker_side": "no"
        },
        {
            "trade_id": "881f5f29-3f1c-4b80-95d0-ea74f41bf531",
            "ticker": "KXHIGHDEN-25APR11-B80.5",
            "count": 24,
            "created_time": "2025-04-11T21:12:00.252919Z",
            "yes_price": 60,
            "no_price": 40,
            "taker_side": "no"
        },
        {
            "trade_id": "86710974-56bb-4b35-93ae-0bf88bbfd217",
            "ticker": "KXHIGHDEN-25APR11-B80.5",
            "count": 15,
            "created_time": "2025-04-11T21:12:00.252919Z",
            "yes_price": 68,
            "no_price": 32,
            "taker_side": "no"
        },
        {
            "trade_id": "7c23826b-48a2-458a-a41b-c068efbe574a",
            "ticker": "KXHIGHDEN-25APR11-B80.5",
            "count": 14,
            "created_time": "2025-04-11T21:12:00.252919Z",
            "yes_price": 61,
            "no_price": 39,
            "taker_side": "no"
        },
        {
            "trade_id": "6491bf08-569e-43ee-a985-2319c532cf39",
            "ticker": "KXHIGHDEN-25APR11-B80.5",
            "count": 99,
            "created_time": "2025-04-11T21:12:00.252919Z",
            "yes_price": 68,
            "no_price": 32,
            "taker_side": "no"
        },
        {
            "trade_id": "5db337ed-057e-498c-8e56-09f8b32200fd",
            "ticker": "KXHIGHDEN-25APR11-B80.5",
            "count": 25,
            "created_time": "2025-04-11T21:12:00.252919Z",
            "yes_price": 68,
            "no_price": 32,
            "taker_side": "no"
        },
        {
            "trade_id": "1ffb5c8a-d9ac-4756-afc6-5c6d6d8c5aab",
            "ticker": "KXHIGHDEN-25APR11-B80.5",
            "count": 14,
            "created_time": "2025-04-11T21:12:00.252919Z",
            "yes_price": 60,
            "no_price": 40,
            "taker_side": "no"
        },
        {
            "trade_id": "0cc56819-ac98-4378-9bd8-7aedccbd6ae6",
            "ticker": "KXHIGHDEN-25APR11-B80.5",
            "count": 226,
            "created_time": "2025-04-11T21:12:00.252919Z",
            "yes_price": 59,
            "no_price": 41,
            "taker_side": "no"
        },
        {
            "trade_id": "0985f02e-483d-4de1-bf71-41ca99d6ace1",
            "ticker": "KXHIGHDEN-25APR11-B80.5",
            "count": 100,
            "created_time": "2025-04-11T21:12:00.252919Z",
            "yes_price": 64,
            "no_price": 36,
            "taker_side": "no"
        },
        {
            "trade_id": "b0231860-98b9-4909-b5e3-7bb9536c52f6",
            "ticker": "KXHIGHDEN-25APR11-B80.5",
            "count": 9,
            "created_time": "2025-04-11T21:09:51.868119Z",
            "yes_price": 89,
            "no_price": 11,
            "taker_side": "yes"
        },
        {
            "trade_id": "72f8b055-3a3f-4413-97a3-db52cc153555",
            "ticker": "KXHIGHDEN-25APR11-B80.5",
            "count": 2,
            "created_time": "2025-04-11T21:09:51.868119Z",
            "yes_price": 87,
            "no_price": 13,
            "taker_side": "yes"
        },
        {
            "trade_id": "ecd08b3f-38f6-4e57-9e18-67a9bea354e4",
            "ticker": "KXHIGHDEN-25APR11-B80.5",
            "count": 19,
            "created_time": "2025-04-11T20:59:55.757636Z",
            "yes_price": 86,
            "no_price": 14,
            "taker_side": "yes"
        },
        {
            "trade_id": "d7f2a205-f028-4d99-b400-205621e12abd",
            "ticker": "KXHIGHDEN-25APR11-B80.5",
            "count": 15,
            "created_time": "2025-04-11T20:59:55.757636Z",
            "yes_price": 86,
            "no_price": 14,
            "taker_side": "yes"
        },
        {
            "trade_id": "a2fdbf6a-cca8-4292-a6db-08870f0b227e",
            "ticker": "KXHIGHDEN-25APR11-B80.5",
            "count": 50,
            "created_time": "2025-04-11T20:59:55.757636Z",
            "yes_price": 87,
            "no_price": 13,
            "taker_side": "yes"
        },
        {
            "trade_id": "2f5dfc65-9f91-4529-8a00-133f611dfb16",
            "ticker": "KXHIGHDEN-25APR11-B80.5",
            "count": 2,
            "created_time": "2025-04-11T20:59:55.757636Z",
            "yes_price": 90,
            "no_price": 10,
            "taker_side": "yes"
        },
        {
            "trade_id": "1956403d-d26d-46c2-88ba-ffe5f09994f5",
            "ticker": "KXHIGHDEN-25APR11-B80.5",
            "count": 25,
            "created_time": "2025-04-11T20:59:55.757636Z",
            "yes_price": 86,
            "no_price": 14,
            "taker_side": "yes"
        },
        {
            "trade_id": "c61bbc4e-6cc2-424d-9b07-5a08ae64c36b",
            "ticker": "KXHIGHDEN-25APR11-B80.5",
            "count": 43,
            "created_time": "2025-04-11T20:58:13.558133Z",
            "yes_price": 71,
            "no_price": 29,
            "taker_side": "yes"
        },
        {
            "trade_id": "e5ec89e1-5504-4d7d-8a16-3bcaae7ad9c2",
            "ticker": "KXHIGHDEN-25APR11-B80.5",
            "count": 99,
            "created_time": "2025-04-11T20:58:13.212256Z",
            "yes_price": 71,
            "no_price": 29,
            "taker_side": "no"
        },
        {
            "trade_id": "bd21d9e4-716e-4604-bf36-e19e436fc33e",
            "ticker": "KXHIGHDEN-25APR11-B80.5",
            "count": 11,
            "created_time": "2025-04-11T20:58:13.212256Z",
            "yes_price": 78,
            "no_price": 22,
            "taker_side": "no"
        },
        {
            "trade_id": "ae1364f0-ae1c-42a3-8b07-d0cd876a7153",
            "ticker": "KXHIGHDEN-25APR11-B80.5",
            "count": 9,
            "created_time": "2025-04-11T20:58:13.212256Z",
            "yes_price": 74,
            "no_price": 26,
            "taker_side": "no"
        },
        {
            "trade_id": "ab2d1a2a-982d-4992-a6b0-c36cc0730411",
            "ticker": "KXHIGHDEN-25APR11-B80.5",
            "count": 15,
            "created_time": "2025-04-11T20:58:13.212256Z",
            "yes_price": 78,
            "no_price": 22,
            "taker_side": "no"
        },
        {
            "trade_id": "a724ac09-84a2-4849-8803-3df3bdb8dab8",
            "ticker": "KXHIGHDEN-25APR11-B80.5",
            "count": 200,
            "created_time": "2025-04-11T20:58:13.212256Z",
            "yes_price": 71,
            "no_price": 29,
            "taker_side": "no"
        },
        {
            "trade_id": "7382b843-b562-46e7-92d2-a282ae5d1ad3",
            "ticker": "KXHIGHDEN-25APR11-B80.5",
            "count": 50,
            "created_time": "2025-04-11T20:58:13.212256Z",
            "yes_price": 77,
            "no_price": 23,
            "taker_side": "no"
        },
        {
            "trade_id": "5d692942-e327-4a03-baa7-8cb5f0a77ee9",
            "ticker": "KXHIGHDEN-25APR11-B80.5",
            "count": 10,
            "created_time": "2025-04-11T20:58:13.212256Z",
            "yes_price": 79,
            "no_price": 21,
            "taker_side": "no"
        },
        {
            "trade_id": "5660a521-5996-4127-8728-29c7a328af18",
            "ticker": "KXHIGHDEN-25APR11-B80.5",
            "count": 50,
            "created_time": "2025-04-11T20:58:13.212256Z",
            "yes_price": 73,
            "no_price": 27,
            "taker_side": "no"
        },
        {
            "trade_id": "349ee278-302f-4e4b-9a84-98de8a6dc644",
            "ticker": "KXHIGHDEN-25APR11-B80.5",
            "count": 10,
            "created_time": "2025-04-11T20:58:13.212256Z",
            "yes_price": 72,
            "no_price": 28,
            "taker_side": "no"
        },
        {
            "trade_id": "1ea1e1b8-bb76-44ed-b73b-347ea6da89f8",
            "ticker": "KXHIGHDEN-25APR11-B80.5",
            "count": 3,
            "created_time": "2025-04-11T20:58:13.212256Z",
            "yes_price": 78,
            "no_price": 22,
            "taker_side": "no"
        },
        {
            "trade_id": "3707aac3-0fae-46de-b810-67c8c240cf87",
            "ticker": "KXHIGHDEN-25APR11-B80.5",
            "count": 5,
            "created_time": "2025-04-11T20:56:33.413177Z",
            "yes_price": 90,
            "no_price": 10,
            "taker_side": "yes"
        },
        {
            "trade_id": "b252541b-6731-4c89-b1a0-ed522e2d9cba",
            "ticker": "KXHIGHDEN-25APR11-B80.5",
            "count": 1,
            "created_time": "2025-04-11T20:39:29.533653Z",
            "yes_price": 93,
            "no_price": 7,
            "taker_side": "yes"
        },
        {
            "trade_id": "77a853b9-5259-4aae-b4bb-127cbbce3ea0",
            "ticker": "KXHIGHDEN-25APR11-B80.5",
            "count": 25,
            "created_time": "2025-04-11T20:36:16.99855Z",
            "yes_price": 88,
            "no_price": 12,
            "taker_side": "yes"
        },
        {
            "trade_id": "40000575-6c58-4217-bab7-44a98e0cecf4",
            "ticker": "KXHIGHDEN-25APR11-B80.5",
            "count": 3,
            "created_time": "2025-04-11T20:29:41.759962Z",
            "yes_price": 93,
            "no_price": 7,
            "taker_side": "yes"
        },
        {
            "trade_id": "e3810c9c-b741-4bcb-89d7-2b9c43e8ddf1",
            "ticker": "KXHIGHDEN-25APR11-B80.5",
            "count": 20,
            "created_time": "2025-04-11T20:26:39.150363Z",
            "yes_price": 87,
            "no_price": 13,
            "taker_side": "yes"
        },
        {
            "trade_id": "d6e3aa0e-6697-4541-bca8-6f3e102f47ef",
            "ticker": "KXHIGHDEN-25APR11-B80.5",
            "count": 50,
            "created_time": "2025-04-11T20:26:39.150363Z",
            "yes_price": 89,
            "no_price": 11,
            "taker_side": "yes"
        },
        {
            "trade_id": "0eb2a48c-f418-4545-975b-867f798715f6",
            "ticker": "KXHIGHDEN-25APR11-B80.5",
            "count": 1,
            "created_time": "2025-04-11T20:24:42.816054Z",
            "yes_price": 87,
            "no_price": 13,
            "taker_side": "yes"
        },
        {
            "trade_id": "4cbd50f6-1cea-4b49-a18e-372baf618d74",
            "ticker": "KXHIGHDEN-25APR11-B80.5",
            "count": 21,
            "created_time": "2025-04-11T20:20:17.948056Z",
            "yes_price": 72,
            "no_price": 28,
            "taker_side": "no"
        },
        {
            "trade_id": "7cbd5983-c501-43e2-b69d-30d9255eefad",
            "ticker": "KXHIGHDEN-25APR11-B80.5",
            "count": 1,
            "created_time": "2025-04-11T20:18:29.603766Z",
            "yes_price": 72,
            "no_price": 28,
            "taker_side": "no"
        },
        {
            "trade_id": "2e03aa79-2526-4b6f-b9a8-ea06dadbb20a",
            "ticker": "KXHIGHDEN-25APR11-B80.5",
            "count": 5,
            "created_time": "2025-04-11T20:12:03.648018Z",
            "yes_price": 87,
            "no_price": 13,
            "taker_side": "yes"
        },
        {
            "trade_id": "63f0c665-8237-4569-8095-56dfc1a749e1",
            "ticker": "KXHIGHDEN-25APR11-B80.5",
            "count": 15,
            "created_time": "2025-04-11T20:11:53.679761Z",
            "yes_price": 86,
            "no_price": 14,
            "taker_side": "yes"
        },
        {
            "trade_id": "c4070d5a-f66d-4322-b05a-2fe32ba08d97",
            "ticker": "KXHIGHDEN-25APR11-B80.5",
            "count": 24,
            "created_time": "2025-04-11T20:03:17.271913Z",
            "yes_price": 91,
            "no_price": 9,
            "taker_side": "no"
        },
        {
            "trade_id": "1004c403-724a-4a87-ac85-f7d04b929782",
            "ticker": "KXHIGHDEN-25APR11-B80.5",
            "count": 10,
            "created_time": "2025-04-11T20:03:16.426351Z",
            "yes_price": 92,
            "no_price": 8,
            "taker_side": "no"
        },
        {
            "trade_id": "8fbbfa7a-a28d-43a2-8b01-c37a38ba2282",
            "ticker": "KXHIGHDEN-25APR11-B80.5",
            "count": 5,
            "created_time": "2025-04-11T20:03:15.829567Z",
            "yes_price": 92,
            "no_price": 8,
            "taker_side": "no"
        },
        {
            "trade_id": "3209639b-a64e-430b-9bf5-c3e3d7995217",
            "ticker": "KXHIGHDEN-25APR11-B80.5",
            "count": 50,
            "created_time": "2025-04-11T20:03:15.580167Z",
            "yes_price": 91,
            "no_price": 9,
            "taker_side": "no"
        },
        {
            "trade_id": "e6a370b7-15c5-440f-adc0-33b54173740f",
            "ticker": "KXHIGHDEN-25APR11-B80.5",
            "count": 25,
            "created_time": "2025-04-11T20:03:15.514252Z",
            "yes_price": 88,
            "no_price": 12,
            "taker_side": "yes"
        },
        {
            "trade_id": "c3503f54-f75a-4a82-89da-1ab84eb9a551",
            "ticker": "KXHIGHDEN-25APR11-B80.5",
            "count": 11,
            "created_time": "2025-04-11T20:03:15.514252Z",
            "yes_price": 90,
            "no_price": 10,
            "taker_side": "yes"
        },
        {
            "trade_id": "9854026f-be71-4c8a-aed1-a8f64c014b1e",
            "ticker": "KXHIGHDEN-25APR11-B80.5",
            "count": 25,
            "created_time": "2025-04-11T20:03:15.514252Z",
            "yes_price": 87,
            "no_price": 13,
            "taker_side": "yes"
        },
        {
            "trade_id": "070e1dfe-6067-498e-a450-67caec9062f0",
            "ticker": "KXHIGHDEN-25APR11-B80.5",
            "count": 37,
            "created_time": "2025-04-11T20:03:15.514252Z",
            "yes_price": 91,
            "no_price": 9,
            "taker_side": "yes"
        },
        {
            "trade_id": "e7c4e4fb-e18b-49d5-b5d5-5f6759d0d2ab",
            "ticker": "KXHIGHDEN-25APR11-B80.5",
            "count": 28,
            "created_time": "2025-04-11T20:03:06.634374Z",
            "yes_price": 84,
            "no_price": 16,
            "taker_side": "yes"
        },
        {
            "trade_id": "6329ebfe-ded4-4956-a5df-fb7bb0952180",
            "ticker": "KXHIGHDEN-25APR11-B80.5",
            "count": 50,
            "created_time": "2025-04-11T20:03:06.634374Z",
            "yes_price": 82,
            "no_price": 18,
            "taker_side": "yes"
        },
        {
            "trade_id": "4277c2ab-3523-4308-8b89-850876242b85",
            "ticker": "KXHIGHDEN-25APR11-B80.5",
            "count": 15,
            "created_time": "2025-04-11T20:03:06.634374Z",
            "yes_price": 83,
            "no_price": 17,
            "taker_side": "yes"
        },
        {
            "trade_id": "2b56919a-3ca6-485b-8e15-f10c62c01e85",
            "ticker": "KXHIGHDEN-25APR11-B80.5",
            "count": 49,
            "created_time": "2025-04-11T20:01:04.498509Z",
            "yes_price": 77,
            "no_price": 23,
            "taker_side": "yes"
        },
        {
            "trade_id": "2547c3be-b339-43c0-a983-cf94705a4431",
            "ticker": "KXHIGHDEN-25APR11-B80.5",
            "count": 265,
            "created_time": "2025-04-11T20:00:22.205524Z",
            "yes_price": 80,
            "no_price": 20,
            "taker_side": "no"
        },
        {
            "trade_id": "a5e4d9fa-d63d-4466-ae03-edfa036bcfdb",
            "ticker": "KXHIGHDEN-25APR11-B80.5",
            "count": 100,
            "created_time": "2025-04-11T19:57:52.748344Z",
            "yes_price": 80,
            "no_price": 20,
            "taker_side": "no"
        },
        {
            "trade_id": "ce72dc58-eabb-4d7f-990b-1944d80b397f",
            "ticker": "KXHIGHDEN-25APR11-B80.5",
            "count": 15,
            "created_time": "2025-04-11T19:57:45.73981Z",
            "yes_price": 81,
            "no_price": 19,
            "taker_side": "no"
        },
        {
            "trade_id": "88e65dc9-8a54-4a19-809d-8f409a4c0212",
            "ticker": "KXHIGHDEN-25APR11-B80.5",
            "count": 15,
            "created_time": "2025-04-11T19:57:22.832721Z",
            "yes_price": 80,
            "no_price": 20,
            "taker_side": "yes"
        },
        {
            "trade_id": "ba5771b4-da91-4e8e-bb2a-c37183be301f",
            "ticker": "KXHIGHDEN-25APR11-B80.5",
            "count": 7,
            "created_time": "2025-04-11T19:55:28.314146Z",
            "yes_price": 81,
            "no_price": 19,
            "taker_side": "no"
        },
        {
            "trade_id": "f9c8af73-35a2-4549-b412-6808995f06b6",
            "ticker": "KXHIGHDEN-25APR11-B80.5",
            "count": 5,
            "created_time": "2025-04-11T19:52:04.14754Z",
            "yes_price": 82,
            "no_price": 18,
            "taker_side": "yes"
        },
        {
            "trade_id": "6095191c-b14b-4533-9c9d-4992ae576ffa",
            "ticker": "KXHIGHDEN-25APR11-B80.5",
            "count": 7,
            "created_time": "2025-04-11T19:52:04.14754Z",
            "yes_price": 88,
            "no_price": 12,
            "taker_side": "yes"
        },
        {
            "trade_id": "46b18fec-7238-4ae7-86a6-076780ef167b",
            "ticker": "KXHIGHDEN-25APR11-B80.5",
            "count": 7,
            "created_time": "2025-04-11T19:52:04.14754Z",
            "yes_price": 87,
            "no_price": 13,
            "taker_side": "yes"
        },
        {
            "trade_id": "87f2c4e4-49f8-4953-b605-87336adc786b",
            "ticker": "KXHIGHDEN-25APR11-B80.5",
            "count": 40,
            "created_time": "2025-04-11T19:50:33.315512Z",
            "yes_price": 80,
            "no_price": 20,
            "taker_side": "no"
        },
        {
            "trade_id": "c17a76cf-dcb5-4679-a58b-787d0bf71a53",
            "ticker": "KXHIGHDEN-25APR11-B80.5",
            "count": 33,
            "created_time": "2025-04-11T19:50:13.157439Z",
            "yes_price": 80,
            "no_price": 20,
            "taker_side": "no"
        },
        {
            "trade_id": "34335e73-0b45-4f53-976d-25451d042aec",
            "ticker": "KXHIGHDEN-25APR11-B80.5",
            "count": 95,
            "created_time": "2025-04-11T19:49:32.327068Z",
            "yes_price": 80,
            "no_price": 20,
            "taker_side": "no"
        },
        {
            "trade_id": "39a53033-9678-40a9-992d-a66af0506531",
            "ticker": "KXHIGHDEN-25APR11-B80.5",
            "count": 25,
            "created_time": "2025-04-11T19:49:31.482996Z",
            "yes_price": 80,
            "no_price": 20,
            "taker_side": "no"
        },
        {
            "trade_id": "4c698427-bcf8-4eca-9a97-e9670d4b6d3e",
            "ticker": "KXHIGHDEN-25APR11-B80.5",
            "count": 50,
            "created_time": "2025-04-11T19:49:31.418697Z",
            "yes_price": 79,
            "no_price": 21,
            "taker_side": "yes"
        },
        {
            "trade_id": "39624c06-c8f0-4cc6-bb42-a250f9e8a389",
            "ticker": "KXHIGHDEN-25APR11-B80.5",
            "count": 12,
            "created_time": "2025-04-11T19:49:31.418697Z",
            "yes_price": 76,
            "no_price": 24,
            "taker_side": "yes"
        },
        {
            "trade_id": "6c28cc31-1a62-4217-9808-c8ed293a5288",
            "ticker": "KXHIGHDEN-25APR11-B80.5",
            "count": 5,
            "created_time": "2025-04-11T19:47:27.628041Z",
            "yes_price": 76,
            "no_price": 24,
            "taker_side": "yes"
        },
        {
            "trade_id": "9aefb9c4-1050-4f6d-a5e0-b0a4e62bd3b9",
            "ticker": "KXHIGHDEN-25APR11-B80.5",
            "count": 18,
            "created_time": "2025-04-11T19:43:03.040684Z",
            "yes_price": 76,
            "no_price": 24,
            "taker_side": "yes"
        },
        {
            "trade_id": "2facd2bb-7e76-4291-a971-d80c65be6509",
            "ticker": "KXHIGHDEN-25APR11-B80.5",
            "count": 40,
            "created_time": "2025-04-11T19:43:03.040684Z",
            "yes_price": 73,
            "no_price": 27,
            "taker_side": "yes"
        },
        {
            "trade_id": "14aafbf3-7766-4b7f-bc43-d895192666f6",
            "ticker": "KXHIGHDEN-25APR11-B80.5",
            "count": 50,
            "created_time": "2025-04-11T19:42:27.414139Z",
            "yes_price": 70,
            "no_price": 30,
            "taker_side": "yes"
        },
        {
            "trade_id": "7b10766c-d143-4434-850d-4e36e6385fb7",
            "ticker": "KXHIGHDEN-25APR11-B80.5",
            "count": 10,
            "created_time": "2025-04-11T19:38:13.99551Z",
            "yes_price": 67,
            "no_price": 33,
            "taker_side": "yes"
        },
        {
            "trade_id": "c1ec70c5-7415-4fca-8e50-43a4419f4a82",
            "ticker": "KXHIGHDEN-25APR11-B80.5",
            "count": 1,
            "created_time": "2025-04-11T19:30:31.457072Z",
            "yes_price": 57,
            "no_price": 43,
            "taker_side": "no"
        },
        {
            "trade_id": "55e2fe98-f059-42c2-8a60-76b0131c9829",
            "ticker": "KXHIGHDEN-25APR11-B80.5",
            "count": 10,
            "created_time": "2025-04-11T19:30:31.457072Z",
            "yes_price": 57,
            "no_price": 43,
            "taker_side": "no"
        },
        {
            "trade_id": "c06ec660-78af-4f05-bc66-b3f14ddb1534",
            "ticker": "KXHIGHDEN-25APR11-B80.5",
            "count": 19,
            "created_time": "2025-04-11T19:29:47.984465Z",
            "yes_price": 71,
            "no_price": 29,
            "taker_side": "yes"
        },
        {
            "trade_id": "1b38f95d-5cd5-4a6c-b129-8b8e092ec158",
            "ticker": "KXHIGHDEN-25APR11-B80.5",
            "count": 50,
            "created_time": "2025-04-11T19:29:47.984465Z",
            "yes_price": 70,
            "no_price": 30,
            "taker_side": "yes"
        },
        {
            "trade_id": "ceda56ca-a3b1-4051-b98d-13ae31326c12",
            "ticker": "KXHIGHDEN-25APR11-B80.5",
            "count": 55,
            "created_time": "2025-04-11T19:29:39.24348Z",
            "yes_price": 55,
            "no_price": 45,
            "taker_side": "no"
        },
        {
            "trade_id": "bf9859b0-eb5f-4ec0-946f-0807a67c8824",
            "ticker": "KXHIGHDEN-25APR11-B80.5",
            "count": 26,
            "created_time": "2025-04-11T19:29:39.24348Z",
            "yes_price": 56,
            "no_price": 44,
            "taker_side": "no"
        },
        {
            "trade_id": "1b2b9414-18ed-4838-88ee-cd716b50e73d",
            "ticker": "KXHIGHDEN-25APR11-B80.5",
            "count": 1,
            "created_time": "2025-04-11T19:29:39.24348Z",
            "yes_price": 55,
            "no_price": 45,
            "taker_side": "no"
        },
        {
            "trade_id": "8e8851ea-69d0-4162-b16f-b0055367059a",
            "ticker": "KXHIGHDEN-25APR11-B80.5",
            "count": 5,
            "created_time": "2025-04-11T19:22:41.512491Z",
            "yes_price": 58,
            "no_price": 42,
            "taker_side": "no"
        },
        {
            "trade_id": "755bfe4b-3edd-4db7-ba78-a0ab8f1c86c6",
            "ticker": "KXHIGHDEN-25APR11-B80.5",
            "count": 5,
            "created_time": "2025-04-11T19:22:41.512491Z",
            "yes_price": 39,
            "no_price": 61,
            "taker_side": "no"
        },
        {
            "trade_id": "6299bfa4-e3b3-476d-8f79-d34e0f5f105e",
            "ticker": "KXHIGHDEN-25APR11-B80.5",
            "count": 2,
            "created_time": "2025-04-11T19:22:34.210527Z",
            "yes_price": 58,
            "no_price": 42,
            "taker_side": "no"
        },
        {
            "trade_id": "6de5d284-6565-4b73-b59d-2ba02b16cd7d",
            "ticker": "KXHIGHDEN-25APR11-B80.5",
            "count": 2,
            "created_time": "2025-04-11T19:20:46.376434Z",
            "yes_price": 58,
            "no_price": 42,
            "taker_side": "no"
        },
        {
            "trade_id": "0ef6b6bc-db96-45e1-a64f-57f05042842d",
            "ticker": "KXHIGHDEN-25APR11-B80.5",
            "count": 15,
            "created_time": "2025-04-11T19:08:04.618575Z",
            "yes_price": 58,
            "no_price": 42,
            "taker_side": "no"
        },
        {
            "trade_id": "c167d786-fbcf-488b-89fb-fe7e58627299",
            "ticker": "KXHIGHDEN-25APR11-B80.5",
            "count": 2,
            "created_time": "2025-04-11T19:01:55.728298Z",
            "yes_price": 68,
            "no_price": 32,
            "taker_side": "no"
        },
        {
            "trade_id": "3135a2d5-f804-4656-a1dc-453557e03b0c",
            "ticker": "KXHIGHDEN-25APR11-B80.5",
            "count": 1,
            "created_time": "2025-04-11T19:01:55.728298Z",
            "yes_price": 68,
            "no_price": 32,
            "taker_side": "no"
        },
        {
            "trade_id": "83a5da9b-4fec-439f-beb5-19be08b7192f",
            "ticker": "KXHIGHDEN-25APR11-B80.5",
            "count": 10,
            "created_time": "2025-04-11T18:42:19.133875Z",
            "yes_price": 72,
            "no_price": 28,
            "taker_side": "yes"
        },
        {
            "trade_id": "c0f2adf6-0f89-4110-95d3-07d4632275b3",
            "ticker": "KXHIGHDEN-25APR11-B80.5",
            "count": 32,
            "created_time": "2025-04-11T18:23:29.615171Z",
            "yes_price": 72,
            "no_price": 28,
            "taker_side": "yes"
        },
        {
            "trade_id": "5c01c679-7f84-46be-84fe-405aa3307bd9",
            "ticker": "KXHIGHDEN-25APR11-B80.5",
            "count": 50,
            "created_time": "2025-04-11T18:23:29.615171Z",
            "yes_price": 71,
            "no_price": 29,
            "taker_side": "yes"
        },
        {
            "trade_id": "b51328b4-aefb-4d1e-a0c2-408b02f4196e",
            "ticker": "KXHIGHDEN-25APR11-B80.5",
            "count": 15,
            "created_time": "2025-04-11T17:53:21.125699Z",
            "yes_price": 59,
            "no_price": 41,
            "taker_side": "yes"
        },
        {
            "trade_id": "64362d2d-ab29-4de8-8367-468a80244318",
            "ticker": "KXHIGHDEN-25APR11-B80.5",
            "count": 5,
            "created_time": "2025-04-11T17:53:21.125699Z",
            "yes_price": 59,
            "no_price": 41,
            "taker_side": "yes"
        },
        {
            "trade_id": "f96ec4a7-238c-44f5-afd2-f951c07afb3a",
            "ticker": "KXHIGHDEN-25APR11-B80.5",
            "count": 5,
            "created_time": "2025-04-11T17:40:12.739519Z",
            "yes_price": 59,
            "no_price": 41,
            "taker_side": "no"
        },
        {
            "trade_id": "5d1ee038-61c3-4fec-b00b-071b534351db",
            "ticker": "KXHIGHDEN-25APR11-B80.5",
            "count": 4,
            "created_time": "2025-04-11T17:08:49.510519Z",
            "yes_price": 66,
            "no_price": 34,
            "taker_side": "yes"
        },
        {
            "trade_id": "f4607792-b31f-446e-86ec-578928f88003",
            "ticker": "KXHIGHDEN-25APR11-B80.5",
            "count": 77,
            "created_time": "2025-04-11T17:07:51.585442Z",
            "yes_price": 60,
            "no_price": 40,
            "taker_side": "yes"
        },
        {
            "trade_id": "ac76a950-d5bb-4390-866d-f879406c079b",
            "ticker": "KXHIGHDEN-25APR11-B80.5",
            "count": 50,
            "created_time": "2025-04-11T17:07:51.585442Z",
            "yes_price": 60,
            "no_price": 40,
            "taker_side": "yes"
        },
        {
            "trade_id": "752f7fba-0f5b-493f-ac0d-3c91a23239aa",
            "ticker": "KXHIGHDEN-25APR11-B80.5",
            "count": 5,
            "created_time": "2025-04-11T17:07:40.924697Z",
            "yes_price": 59,
            "no_price": 41,
            "taker_side": "yes"
        },
        {
            "trade_id": "0acf8379-5879-49cb-80d9-9a9e8493bde5",
            "ticker": "KXHIGHDEN-25APR11-B80.5",
            "count": 12,
            "created_time": "2025-04-11T17:07:40.924697Z",
            "yes_price": 59,
            "no_price": 41,
            "taker_side": "yes"
        },
        {
            "trade_id": "9dbe2e90-ea96-4891-bc91-59a74394ed47",
            "ticker": "KXHIGHDEN-25APR11-B80.5",
            "count": 4,
            "created_time": "2025-04-11T17:07:05.356661Z",
            "yes_price": 59,
            "no_price": 41,
            "taker_side": "yes"
        },
        {
            "trade_id": "e4599ead-019c-45fc-8315-4a2a9672cdb8",
            "ticker": "KXHIGHDEN-25APR11-B80.5",
            "count": 4,
            "created_time": "2025-04-11T17:00:06.734314Z",
            "yes_price": 55,
            "no_price": 45,
            "taker_side": "yes"
        },
        {
            "trade_id": "c34288d2-1388-43cd-83db-73f28f1fa45d",
            "ticker": "KXHIGHDEN-25APR11-B80.5",
            "count": 58,
            "created_time": "2025-04-11T17:00:06.734314Z",
            "yes_price": 57,
            "no_price": 43,
            "taker_side": "yes"
        },
        {
            "trade_id": "89c01cb8-b134-4f9a-9ac8-aa3cb2ea0aec",
            "ticker": "KXHIGHDEN-25APR11-B80.5",
            "count": 50,
            "created_time": "2025-04-11T17:00:06.734314Z",
            "yes_price": 58,
            "no_price": 42,
            "taker_side": "yes"
        },
        {
            "trade_id": "67c7f695-b94f-4849-880f-7013f357b37c",
            "ticker": "KXHIGHDEN-25APR11-B80.5",
            "count": 1,
            "created_time": "2025-04-11T17:00:06.734314Z",
            "yes_price": 57,
            "no_price": 43,
            "taker_side": "yes"
        },
        {
            "trade_id": "3d9a72de-ff7c-479d-a1d0-128a5e99e040",
            "ticker": "KXHIGHDEN-25APR11-B80.5",
            "count": 6,
            "created_time": "2025-04-11T17:00:06.734314Z",
            "yes_price": 55,
            "no_price": 45,
            "taker_side": "yes"
        },
        {
            "trade_id": "29eed1e1-4626-488a-ba80-e86b3594f3b4",
            "ticker": "KXHIGHDEN-25APR11-B80.5",
            "count": 240,
            "created_time": "2025-04-11T17:00:06.734314Z",
            "yes_price": 59,
            "no_price": 41,
            "taker_side": "yes"
        },
        {
            "trade_id": "27c16eaa-5cad-4cdd-982f-7a9efd6e5e46",
            "ticker": "KXHIGHDEN-25APR11-B80.5",
            "count": 1,
            "created_time": "2025-04-11T16:59:46.799752Z",
            "yes_price": 52,
            "no_price": 48,
            "taker_side": "no"
        },
        {
            "trade_id": "f9400a4f-644b-4641-9f72-ec22be54e9bd",
            "ticker": "KXHIGHDEN-25APR11-B80.5",
            "count": 48,
            "created_time": "2025-04-11T16:50:37.760811Z",
            "yes_price": 52,
            "no_price": 48,
            "taker_side": "no"
        },
        {
            "trade_id": "ea4edf84-2eba-486f-8785-92892e23cbe1",
            "ticker": "KXHIGHDEN-25APR11-B80.5",
            "count": 83,
            "created_time": "2025-04-11T16:50:37.760811Z",
            "yes_price": 50,
            "no_price": 50,
            "taker_side": "no"
        },
        {
            "trade_id": "e4257f78-abaf-4372-ad76-8fe7fc96297a",
            "ticker": "KXHIGHDEN-25APR11-B80.5",
            "count": 24,
            "created_time": "2025-04-11T16:50:37.760811Z",
            "yes_price": 54,
            "no_price": 46,
            "taker_side": "no"
        },
        {
            "trade_id": "03555e89-470a-42a4-b6fb-8464cdc6b755",
            "ticker": "KXHIGHDEN-25APR11-B80.5",
            "count": 13,
            "created_time": "2025-04-11T16:50:37.760811Z",
            "yes_price": 52,
            "no_price": 48,
            "taker_side": "no"
        },
        {
            "trade_id": "ff45ec10-d244-4c30-8e65-4c65353d407b",
            "ticker": "KXHIGHDEN-25APR11-B80.5",
            "count": 2,
            "created_time": "2025-04-11T16:45:42.984881Z",
            "yes_price": 52,
            "no_price": 48,
            "taker_side": "no"
        },
        {
            "trade_id": "ba6e010f-bc5e-4bf0-abc4-6c191961960a",
            "ticker": "KXHIGHDEN-25APR11-B80.5",
            "count": 28,
            "created_time": "2025-04-11T16:45:42.984881Z",
            "yes_price": 53,
            "no_price": 47,
            "taker_side": "no"
        },
        {
            "trade_id": "8fb0add2-4b0b-4ac7-be1d-1faf666a2a73",
            "ticker": "KXHIGHDEN-25APR11-B80.5",
            "count": 25,
            "created_time": "2025-04-11T16:43:37.036591Z",
            "yes_price": 57,
            "no_price": 43,
            "taker_side": "yes"
        },
        {
            "trade_id": "afafc65d-0e1d-4c03-9437-136dd85c78b0",
            "ticker": "KXHIGHDEN-25APR11-B80.5",
            "count": 15,
            "created_time": "2025-04-11T16:41:23.862532Z",
            "yes_price": 52,
            "no_price": 48,
            "taker_side": "no"
        },
        {
            "trade_id": "a190d44d-72c0-47c1-80f7-14a9f5bc94db",
            "ticker": "KXHIGHDEN-25APR11-B80.5",
            "count": 5,
            "created_time": "2025-04-11T16:41:23.862532Z",
            "yes_price": 53,
            "no_price": 47,
            "taker_side": "no"
        },
        {
            "trade_id": "324416c5-8eeb-42a7-9d8d-349f3bf650a0",
            "ticker": "KXHIGHDEN-25APR11-B80.5",
            "count": 4,
            "created_time": "2025-04-11T16:39:37.911322Z",
            "yes_price": 57,
            "no_price": 43,
            "taker_side": "no"
        },
        {
            "trade_id": "b2cd20b7-6a48-48a0-a66e-d47970ab418e",
            "ticker": "KXHIGHDEN-25APR11-B80.5",
            "count": 1,
            "created_time": "2025-04-11T16:36:43.520386Z",
            "yes_price": 57,
            "no_price": 43,
            "taker_side": "no"
        },
        {
            "trade_id": "b22cb2b5-cfba-4310-9ca0-37e74db81c13",
            "ticker": "KXHIGHDEN-25APR11-B80.5",
            "count": 15,
            "created_time": "2025-04-11T16:33:54.570708Z",
            "yes_price": 57,
            "no_price": 43,
            "taker_side": "yes"
        },
        {
            "trade_id": "0f78d074-e069-4cec-82a4-2decca66ef13",
            "ticker": "KXHIGHDEN-25APR11-B80.5",
            "count": 5,
            "created_time": "2025-04-11T16:33:43.00941Z",
            "yes_price": 57,
            "no_price": 43,
            "taker_side": "yes"
        },
        {
            "trade_id": "a1123cd7-869b-4e13-87bd-9c19b536aecd",
            "ticker": "KXHIGHDEN-25APR11-B80.5",
            "count": 25,
            "created_time": "2025-04-11T16:33:42.840068Z",
            "yes_price": 57,
            "no_price": 43,
            "taker_side": "no"
        },
        {
            "trade_id": "faaab664-0055-40c6-a394-b00615a5027a",
            "ticker": "KXHIGHDEN-25APR11-B80.5",
            "count": 6,
            "created_time": "2025-04-11T16:33:03.491759Z",
            "yes_price": 59,
            "no_price": 41,
            "taker_side": "yes"
        },
        {
            "trade_id": "ee433f7b-c7ab-427a-90e6-0f22526f70d1",
            "ticker": "KXHIGHDEN-25APR11-B80.5",
            "count": 12,
            "created_time": "2025-04-11T16:33:03.491759Z",
            "yes_price": 57,
            "no_price": 43,
            "taker_side": "yes"
        },
        {
            "trade_id": "c06b0b7c-f07e-49fb-b135-7283818a2676",
            "ticker": "KXHIGHDEN-25APR11-B80.5",
            "count": 6,
            "created_time": "2025-04-11T16:33:03.491759Z",
            "yes_price": 57,
            "no_price": 43,
            "taker_side": "yes"
        },
        {
            "trade_id": "af1975d4-567e-467b-bbee-b5cb0ede44c6",
            "ticker": "KXHIGHDEN-25APR11-B80.5",
            "count": 50,
            "created_time": "2025-04-11T16:33:03.491759Z",
            "yes_price": 57,
            "no_price": 43,
            "taker_side": "yes"
        },
        {
            "trade_id": "9141bb2f-c109-408a-8525-83be0bd125a6",
            "ticker": "KXHIGHDEN-25APR11-B80.5",
            "count": 50,
            "created_time": "2025-04-11T16:33:03.491759Z",
            "yes_price": 58,
            "no_price": 42,
            "taker_side": "yes"
        },
        {
            "trade_id": "51ce8a63-4071-4f0d-8371-c9f8577fc62f",
            "ticker": "KXHIGHDEN-25APR11-B80.5",
            "count": 16,
            "created_time": "2025-04-11T16:33:03.491759Z",
            "yes_price": 58,
            "no_price": 42,
            "taker_side": "yes"
        },
        {
            "trade_id": "0edfb557-5d45-445b-b787-df54f9599a64",
            "ticker": "KXHIGHDEN-25APR11-B80.5",
            "count": 5,
            "created_time": "2025-04-11T16:33:03.491759Z",
            "yes_price": 57,
            "no_price": 43,
            "taker_side": "yes"
        },
        {
            "trade_id": "05b2685f-13f9-4a47-898b-710721d4311e",
            "ticker": "KXHIGHDEN-25APR11-B80.5",
            "count": 23,
            "created_time": "2025-04-11T16:33:03.491759Z",
            "yes_price": 57,
            "no_price": 43,
            "taker_side": "yes"
        },
        {
            "trade_id": "b01db889-ef3b-4c2c-b5aa-04cae80c76b2",
            "ticker": "KXHIGHDEN-25APR11-B80.5",
            "count": 22,
            "created_time": "2025-04-11T16:18:55.42117Z",
            "yes_price": 56,
            "no_price": 44,
            "taker_side": "no"
        },
        {
            "trade_id": "c269bc73-3728-4b88-a424-5340d7a1ca96",
            "ticker": "KXHIGHDEN-25APR11-B80.5",
            "count": 26,
            "created_time": "2025-04-11T16:17:56.355223Z",
            "yes_price": 56,
            "no_price": 44,
            "taker_side": "no"
        },
        {
            "trade_id": "c1030f48-5f0b-4aa8-9740-5b921d0b0d13",
            "ticker": "KXHIGHDEN-25APR11-B80.5",
            "count": 7,
            "created_time": "2025-04-11T16:17:56.355223Z",
            "yes_price": 56,
            "no_price": 44,
            "taker_side": "no"
        },
        {
            "trade_id": "36b6f219-b8c6-4672-bbcf-3172bcab4d98",
            "ticker": "KXHIGHDEN-25APR11-B80.5",
            "count": 8,
            "created_time": "2025-04-11T16:09:51.492387Z",
            "yes_price": 56,
            "no_price": 44,
            "taker_side": "no"
        },
        {
            "trade_id": "0ceca017-11bb-4834-8cec-666e6de24d5d",
            "ticker": "KXHIGHDEN-25APR11-B80.5",
            "count": 13,
            "created_time": "2025-04-11T15:56:28.534343Z",
            "yes_price": 54,
            "no_price": 46,
            "taker_side": "no"
        },
        {
            "trade_id": "91801e39-b52a-49f5-871f-dab72836c9af",
            "ticker": "KXHIGHDEN-25APR11-B80.5",
            "count": 1,
            "created_time": "2025-04-11T15:55:38.708435Z",
            "yes_price": 55,
            "no_price": 45,
            "taker_side": "yes"
        },
        {
            "trade_id": "0c6aa653-3414-4a40-8e10-ed093901e4f8",
            "ticker": "KXHIGHDEN-25APR11-B80.5",
            "count": 22,
            "created_time": "2025-04-11T15:55:38.708435Z",
            "yes_price": 56,
            "no_price": 44,
            "taker_side": "yes"
        },
        {
            "trade_id": "a5d5fb10-074a-465e-8df0-5fa1870a47b4",
            "ticker": "KXHIGHDEN-25APR11-B80.5",
            "count": 17,
            "created_time": "2025-04-11T15:43:16.441581Z",
            "yes_price": 56,
            "no_price": 44,
            "taker_side": "yes"
        },
        {
            "trade_id": "a780acbc-6508-47ac-999b-88d834bfcc2f",
            "ticker": "KXHIGHDEN-25APR11-B80.5",
            "count": 8,
            "created_time": "2025-04-11T15:39:17.777777Z",
            "yes_price": 56,
            "no_price": 44,
            "taker_side": "yes"
        },
        {
            "trade_id": "9f403078-18ff-45c6-ab70-31ad49f5c575",
            "ticker": "KXHIGHDEN-25APR11-B80.5",
            "count": 25,
            "created_time": "2025-04-11T15:38:28.699115Z",
            "yes_price": 56,
            "no_price": 44,
            "taker_side": "yes"
        },
        {
            "trade_id": "d98bf177-fe01-42b1-bcef-224be86232a5",
            "ticker": "KXHIGHDEN-25APR11-B80.5",
            "count": 4,
            "created_time": "2025-04-11T15:24:11.522065Z",
            "yes_price": 53,
            "no_price": 47,
            "taker_side": "yes"
        },
        {
            "trade_id": "02cae359-87b9-479c-bbd2-48651b54d333",
            "ticker": "KXHIGHDEN-25APR11-B80.5",
            "count": 2,
            "created_time": "2025-04-11T15:24:11.522065Z",
            "yes_price": 53,
            "no_price": 47,
            "taker_side": "yes"
        },
        {
            "trade_id": "1a5772b4-be6f-49b5-a337-d7401197c77e",
            "ticker": "KXHIGHDEN-25APR11-B80.5",
            "count": 3,
            "created_time": "2025-04-11T15:18:57.925858Z",
            "yes_price": 53,
            "no_price": 47,
            "taker_side": "yes"
        },
        {
            "trade_id": "988e19d0-da57-488c-a645-0443cf536fb2",
            "ticker": "KXHIGHDEN-25APR11-B80.5",
            "count": 9,
            "created_time": "2025-04-11T15:01:12.17967Z",
            "yes_price": 53,
            "no_price": 47,
            "taker_side": "yes"
        },
        {
            "trade_id": "8a7fcb1d-f0be-43ba-add4-07092b127b9a",
            "ticker": "KXHIGHDEN-25APR11-B80.5",
