{
    "KXHIGHDEN-25APR25-T54": [
        {
            "trade_id": "263a9be2-d030-4d7a-b5f1-9a4218eae62e",
            "ticker": "KXHIGHDEN-25APR25-T54",
            "count": 46,
            "created_time": "2025-04-26T03:21:27.664785Z",
            "yes_price": 99,
            "no_price": 1,
            "taker_side": "no"
        },
        {
            "trade_id": "3512ca4c-ad14-4e7b-85ed-032ba4747e02",
            "ticker": "KXHIGHDEN-25APR25-T54",
            "count": 2,
            "created_time": "2025-04-26T02:50:49.323523Z",
            "yes_price": 99,
            "no_price": 1,
            "taker_side": "no"
        },
        {
            "trade_id": "5dc3c3be-a39f-4b12-81a6-a5fb237bc082",
            "ticker": "KXHIGHDEN-25APR25-T54",
            "count": 249,
            "created_time": "2025-04-26T02:49:18.735474Z",
            "yes_price": 99,
            "no_price": 1,
            "taker_side": "no"
        },
        {
            "trade_id": "f11a6859-d2a0-4607-a44c-ea6d1877e2ed",
            "ticker": "KXHIGHDEN-25APR25-T54",
            "count": 3,
            "created_time": "2025-04-26T02:09:49.722077Z",
            "yes_price": 99,
            "no_price": 1,
            "taker_side": "no"
        },
        {
            "trade_id": "67cfdd94-5dd9-475b-9ebf-bcef7aa30f4a",
            "ticker": "KXHIGHDEN-25APR25-T54",
            "count": 1150,
            "created_time": "2025-04-26T01:52:52.90227Z",
            "yes_price": 99,
            "no_price": 1,
            "taker_side": "no"
        },
        {
            "trade_id": "267a8494-a760-4fb4-b481-c132c6d0c6a0",
            "ticker": "KXHIGHDEN-25APR25-T54",
            "count": 1,
            "created_time": "2025-04-26T01:48:52.112449Z",
            "yes_price": 99,
            "no_price": 1,
            "taker_side": "no"
        },
        {
            "trade_id": "ac6831d7-ec13-4bb9-8d93-afd125eacea2",
            "ticker": "KXHIGHDEN-25APR25-T54",
            "count": 82,
            "created_time": "2025-04-26T01:23:54.170836Z",
            "yes_price": 94,
            "no_price": 6,
            "taker_side": "no"
        },
        {
            "trade_id": "6954abd9-dcca-4b1b-a774-4d8fd1450128",
            "ticker": "KXHIGHDEN-25APR25-T54",
            "count": 400,
            "created_time": "2025-04-26T01:23:54.170836Z",
            "yes_price": 98,
            "no_price": 2,
            "taker_side": "no"
        },
        {
            "trade_id": "1120d240-8e3a-412e-a93e-97cea598a111",
            "ticker": "KXHIGHDEN-25APR25-T54",
            "count": 8,
            "created_time": "2025-04-26T00:16:07.556739Z",
            "yes_price": 96,
            "no_price": 4,
            "taker_side": "no"
        },
        {
            "trade_id": "f6bc666f-11a9-4607-a3c0-ad3c25a57b6c",
            "ticker": "KXHIGHDEN-25APR25-T54",
            "count": 161,
            "created_time": "2025-04-26T00:13:36.907418Z",
            "yes_price": 98,
            "no_price": 2,
            "taker_side": "no"
        },
        {
            "trade_id": "91369f94-4923-43ad-8fe9-3213b0a869a2",
            "ticker": "KXHIGHDEN-25APR25-T54",
            "count": 127,
            "created_time": "2025-04-26T00:02:18.64529Z",
            "yes_price": 99,
            "no_price": 1,
            "taker_side": "no"
        },
        {
            "trade_id": "48657dff-1c8c-4b58-8308-22cf49c8b33d",
            "ticker": "KXHIGHDEN-25APR25-T54",
            "count": 500,
            "created_time": "2025-04-26T00:02:18.64529Z",
            "yes_price": 99,
            "no_price": 1,
            "taker_side": "no"
        },
        {
            "trade_id": "cd407d64-cb6f-465c-9077-5f09d5035819",
            "ticker": "KXHIGHDEN-25APR25-T54",
            "count": 27,
            "created_time": "2025-04-25T23:22:55.190286Z",
            "yes_price": 99,
            "no_price": 1,
            "taker_side": "yes"
        },
        {
            "trade_id": "438ce627-1afc-455c-85da-25be926b1877",
            "ticker": "KXHIGHDEN-25APR25-T54",
            "count": 59,
            "created_time": "2025-04-25T23:22:55.190286Z",
            "yes_price": 99,
            "no_price": 1,
            "taker_side": "yes"
        },
        {
            "trade_id": "b0e6b288-7c1c-4ba0-8ae8-f5226e4fc8db",
            "ticker": "KXHIGHDEN-25APR25-T54",
            "count": 41,
            "created_time": "2025-04-25T23:16:29.473579Z",
            "yes_price": 99,
            "no_price": 1,
            "taker_side": "yes"
        },
        {
            "trade_id": "8da0b7c2-2746-4ad1-a742-e2e3e355d5fa",
            "ticker": "KXHIGHDEN-25APR25-T54",
            "count": 40,
            "created_time": "2025-04-25T23:16:29.473579Z",
            "yes_price": 99,
            "no_price": 1,
            "taker_side": "yes"
        },
        {
            "trade_id": "070a9fdf-1449-481f-ad14-ca3b20af5327",
            "ticker": "KXHIGHDEN-25APR25-T54",
            "count": 219,
            "created_time": "2025-04-25T23:16:29.473579Z",
            "yes_price": 99,
            "no_price": 1,
            "taker_side": "yes"
        },
        {
            "trade_id": "a5c76a71-1dab-4e17-9cff-f6482e6edd1c",
            "ticker": "KXHIGHDEN-25APR25-T54",
            "count": 114,
            "created_time": "2025-04-25T23:14:37.534634Z",
            "yes_price": 98,
            "no_price": 2,
            "taker_side": "no"
        },
        {
            "trade_id": "2cb50a7e-893d-4c51-8358-2732f6f54515",
            "ticker": "KXHIGHDEN-25APR25-T54",
            "count": 281,
            "created_time": "2025-04-25T23:10:36.84171Z",
            "yes_price": 99,
            "no_price": 1,
            "taker_side": "yes"
        },
        {
            "trade_id": "c2015e7e-00c7-4f6e-84a6-325e33a40039",
            "ticker": "KXHIGHDEN-25APR25-T54",
            "count": 224,
            "created_time": "2025-04-25T23:08:05.334839Z",
            "yes_price": 98,
            "no_price": 2,
            "taker_side": "no"
        },
        {
            "trade_id": "2e4ed912-3e1a-455f-8573-aef434633f5e",
            "ticker": "KXHIGHDEN-25APR25-T54",
            "count": 1,
            "created_time": "2025-04-25T23:04:29.674084Z",
            "yes_price": 98,
            "no_price": 2,
            "taker_side": "no"
        },
        {
            "trade_id": "e27e0815-4ed2-4836-8397-67432d325c04",
            "ticker": "KXHIGHDEN-25APR25-T54",
            "count": 50,
            "created_time": "2025-04-25T22:57:27.952593Z",
            "yes_price": 98,
            "no_price": 2,
            "taker_side": "yes"
        },
        {
            "trade_id": "755dc2d1-d21c-49fb-b957-363fd6c5196c",
            "ticker": "KXHIGHDEN-25APR25-T54",
            "count": 68,
            "created_time": "2025-04-25T22:57:27.952593Z",
            "yes_price": 97,
            "no_price": 3,
            "taker_side": "yes"
        },
        {
            "trade_id": "012956eb-6108-45c8-9e32-578a43734d87",
            "ticker": "KXHIGHDEN-25APR25-T54",
            "count": 213,
            "created_time": "2025-04-25T22:57:27.952593Z",
            "yes_price": 98,
            "no_price": 2,
            "taker_side": "yes"
        },
        {
            "trade_id": "bbe984f2-eddb-41f1-8971-f76cdacc8e12",
            "ticker": "KXHIGHDEN-25APR25-T54",
            "count": 9,
            "created_time": "2025-04-25T22:57:05.301273Z",
            "yes_price": 97,
            "no_price": 3,
            "taker_side": "yes"
        },
        {
            "trade_id": "5f6318ee-170e-47b2-bcea-5c9e127358dd",
            "ticker": "KXHIGHDEN-25APR25-T54",
            "count": 5,
            "created_time": "2025-04-25T22:55:51.182108Z",
            "yes_price": 96,
            "no_price": 4,
            "taker_side": "yes"
        },
        {
            "trade_id": "f0ce2df7-0087-474e-b70e-ee525b653e12",
            "ticker": "KXHIGHDEN-25APR25-T54",
            "count": 5,
            "created_time": "2025-04-25T22:53:32.850381Z",
            "yes_price": 96,
            "no_price": 4,
            "taker_side": "yes"
        },
        {
            "trade_id": "f32b2b29-94df-4b60-935d-5284774dede0",
            "ticker": "KXHIGHDEN-25APR25-T54",
            "count": 10,
            "created_time": "2025-04-25T22:52:08.623523Z",
            "yes_price": 87,
            "no_price": 13,
            "taker_side": "no"
        },
        {
            "trade_id": "5f82793d-11a9-4ded-bafe-6b1bbc19f8de",
            "ticker": "KXHIGHDEN-25APR25-T54",
            "count": 50,
            "created_time": "2025-04-25T22:52:08.623523Z",
            "yes_price": 90,
            "no_price": 10,
            "taker_side": "no"
        },
        {
            "trade_id": "422f8ee7-e1fc-479f-929c-0ca66058a876",
            "ticker": "KXHIGHDEN-25APR25-T54",
            "count": 23,
            "created_time": "2025-04-25T22:52:08.623523Z",
            "yes_price": 86,
            "no_price": 14,
            "taker_side": "no"
        },
        {
            "trade_id": "43d28345-8a11-4d45-b256-fb602465f289",
            "ticker": "KXHIGHDEN-25APR25-T54",
            "count": 23,
            "created_time": "2025-04-25T22:51:02.87538Z",
            "yes_price": 97,
            "no_price": 3,
            "taker_side": "yes"
        },
        {
            "trade_id": "2b955bcc-6b5d-478f-b172-07aba956b09d",
            "ticker": "KXHIGHDEN-25APR25-T54",
            "count": 10,
            "created_time": "2025-04-25T22:51:02.87538Z",
            "yes_price": 97,
            "no_price": 3,
            "taker_side": "yes"
        },
        {
            "trade_id": "26eaee20-2281-4d4a-98a5-58584ae52060",
            "ticker": "KXHIGHDEN-25APR25-T54",
            "count": 50,
            "created_time": "2025-04-25T22:33:30.912092Z",
            "yes_price": 88,
            "no_price": 12,
            "taker_side": "no"
        },
        {
            "trade_id": "bf47c5df-877d-4efe-b2e6-09404dc62b5f",
            "ticker": "KXHIGHDEN-25APR25-T54",
            "count": 4,
            "created_time": "2025-04-25T22:30:56.121265Z",
            "yes_price": 96,
            "no_price": 4,
            "taker_side": "yes"
        },
        {
            "trade_id": "f088046c-b5be-4f63-b5c5-19a177889947",
            "ticker": "KXHIGHDEN-25APR25-T54",
            "count": 40,
            "created_time": "2025-04-25T22:30:05.800589Z",
            "yes_price": 95,
            "no_price": 5,
            "taker_side": "yes"
        },
        {
            "trade_id": "df72668f-b375-4cb9-bc5f-f965dd097647",
            "ticker": "KXHIGHDEN-25APR25-T54",
            "count": 185,
            "created_time": "2025-04-25T22:24:01.656738Z",
            "yes_price": 93,
            "no_price": 7,
            "taker_side": "yes"
        },
        {
            "trade_id": "7544f8ff-a7ab-452a-a218-cf6ed512f7ae",
            "ticker": "KXHIGHDEN-25APR25-T54",
            "count": 40,
            "created_time": "2025-04-25T22:24:01.656738Z",
            "yes_price": 93,
            "no_price": 7,
            "taker_side": "yes"
        },
        {
            "trade_id": "cf04c9a1-a370-4dbc-82eb-673322d57ae4",
            "ticker": "KXHIGHDEN-25APR25-T54",
            "count": 249,
            "created_time": "2025-04-25T22:23:39.494785Z",
            "yes_price": 93,
            "no_price": 7,
            "taker_side": "yes"
        },
        {
            "trade_id": "bc4d34ab-9f11-4472-8984-bbc101b35526",
            "ticker": "KXHIGHDEN-25APR25-T54",
            "count": 445,
            "created_time": "2025-04-25T22:22:56.257546Z",
            "yes_price": 93,
            "no_price": 7,
            "taker_side": "yes"
        },
        {
            "trade_id": "685486c0-7265-4ef5-899d-7de64e260c67",
            "ticker": "KXHIGHDEN-25APR25-T54",
            "count": 50,
            "created_time": "2025-04-25T22:22:56.257546Z",
            "yes_price": 92,
            "no_price": 8,
            "taker_side": "yes"
        },
        {
            "trade_id": "4c37caaf-f2cc-4f41-9f49-92b2143f9b25",
            "ticker": "KXHIGHDEN-25APR25-T54",
            "count": 5,
            "created_time": "2025-04-25T22:22:56.257546Z",
            "yes_price": 85,
            "no_price": 15,
            "taker_side": "yes"
        },
        {
            "trade_id": "dff0ce7b-db9b-4559-91f3-26a25957bfbd",
            "ticker": "KXHIGHDEN-25APR25-T54",
            "count": 3,
            "created_time": "2025-04-25T22:22:23.759913Z",
            "yes_price": 85,
            "no_price": 15,
            "taker_side": "yes"
        },
        {
            "trade_id": "32b7a50a-2033-45be-b745-801e120afd43",
            "ticker": "KXHIGHDEN-25APR25-T54",
            "count": 4,
            "created_time": "2025-04-25T22:17:49.730931Z",
            "yes_price": 77,
            "no_price": 23,
            "taker_side": "no"
        },
        {
            "trade_id": "f857fd6f-723b-4d6f-9aa0-9a803f19709f",
            "ticker": "KXHIGHDEN-25APR25-T54",
            "count": 10,
            "created_time": "2025-04-25T22:14:08.135148Z",
            "yes_price": 77,
            "no_price": 23,
            "taker_side": "no"
        },
        {
            "trade_id": "efdc86a8-9482-4b52-b8b8-8f594a425c7c",
            "ticker": "KXHIGHDEN-25APR25-T54",
            "count": 3,
            "created_time": "2025-04-25T22:10:40.591493Z",
            "yes_price": 92,
            "no_price": 8,
            "taker_side": "yes"
        },
        {
            "trade_id": "1fc9e05a-7c24-4798-a5f5-09720d26c92e",
            "ticker": "KXHIGHDEN-25APR25-T54",
            "count": 16,
            "created_time": "2025-04-25T22:01:43.619789Z",
            "yes_price": 73,
            "no_price": 27,
            "taker_side": "no"
        },
        {
            "trade_id": "e5515bb4-0986-4644-8a4c-0b3c5423bfa5",
            "ticker": "KXHIGHDEN-25APR25-T54",
            "count": 18,
            "created_time": "2025-04-25T22:00:12.07309Z",
            "yes_price": 75,
            "no_price": 25,
            "taker_side": "no"
        },
        {
            "trade_id": "c4e66fb2-ce24-43ab-949a-97164fcb069a",
            "ticker": "KXHIGHDEN-25APR25-T54",
            "count": 36,
            "created_time": "2025-04-25T22:00:12.07309Z",
            "yes_price": 73,
            "no_price": 27,
            "taker_side": "no"
        },
        {
            "trade_id": "5ebe8721-f82d-4c80-a903-2c4627b2e640",
            "ticker": "KXHIGHDEN-25APR25-T54",
            "count": 12,
            "created_time": "2025-04-25T21:59:58.977024Z",
            "yes_price": 75,
            "no_price": 25,
            "taker_side": "no"
        },
        {
            "trade_id": "739da9b1-9964-48cc-b318-c07341c56b3b",
            "ticker": "KXHIGHDEN-25APR25-T54",
            "count": 20,
            "created_time": "2025-04-25T21:58:30.000002Z",
            "yes_price": 75,
            "no_price": 25,
            "taker_side": "no"
        },
        {
            "trade_id": "72e0c07a-8b7a-4078-97a6-95a755329139",
            "ticker": "KXHIGHDEN-25APR25-T54",
            "count": 450,
            "created_time": "2025-04-25T21:56:24.314353Z",
            "yes_price": 77,
            "no_price": 23,
            "taker_side": "no"
        },
        {
            "trade_id": "319f9e7a-3be0-41e1-abdd-5860708ea4d9",
            "ticker": "KXHIGHDEN-25APR25-T54",
            "count": 50,
            "created_time": "2025-04-25T21:56:18.30857Z",
            "yes_price": 80,
            "no_price": 20,
            "taker_side": "no"
        },
        {
            "trade_id": "d073f557-a1c8-4699-875b-4f681ae6e914",
            "ticker": "KXHIGHDEN-25APR25-T54",
            "count": 58,
            "created_time": "2025-04-25T21:54:21.461805Z",
            "yes_price": 80,
            "no_price": 20,
            "taker_side": "no"
        },
        {
            "trade_id": "31a293a1-8980-4fdc-8267-1b0801550ed2",
            "ticker": "KXHIGHDEN-25APR25-T54",
            "count": 149,
            "created_time": "2025-04-25T21:54:21.461805Z",
            "yes_price": 79,
            "no_price": 21,
            "taker_side": "no"
        },
        {
            "trade_id": "b8e0c899-aa5e-446d-8e52-013f4e0b69db",
            "ticker": "KXHIGHDEN-25APR25-T54",
            "count": 5,
            "created_time": "2025-04-25T21:49:05.825715Z",
            "yes_price": 80,
            "no_price": 20,
            "taker_side": "no"
        },
        {
            "trade_id": "3a149c30-6478-4260-bd1d-6006492d34b6",
            "ticker": "KXHIGHDEN-25APR25-T54",
            "count": 100,
            "created_time": "2025-04-25T21:48:24.562659Z",
            "yes_price": 86,
            "no_price": 14,
            "taker_side": "yes"
        },
        {
            "trade_id": "d421f62b-fe26-4440-b865-a0650859ca29",
            "ticker": "KXHIGHDEN-25APR25-T54",
            "count": 71,
            "created_time": "2025-04-25T21:44:04.538851Z",
            "yes_price": 90,
            "no_price": 10,
            "taker_side": "yes"
        },
        {
            "trade_id": "e3b7f942-6440-4143-b51f-2c0c8f16bf99",
            "ticker": "KXHIGHDEN-25APR25-T54",
            "count": 29,
            "created_time": "2025-04-25T21:42:38.30784Z",
            "yes_price": 89,
            "no_price": 11,
            "taker_side": "yes"
        },
        {
            "trade_id": "3d39ab8e-d064-458e-ad3d-887c511ab3eb",
            "ticker": "KXHIGHDEN-25APR25-T54",
            "count": 471,
            "created_time": "2025-04-25T21:42:29.125172Z",
            "yes_price": 89,
            "no_price": 11,
            "taker_side": "yes"
        },
        {
            "trade_id": "254e71ad-7979-4a96-b2bb-4e1593eadd20",
            "ticker": "KXHIGHDEN-25APR25-T54",
            "count": 9,
            "created_time": "2025-04-25T21:42:23.255909Z",
            "yes_price": 80,
            "no_price": 20,
            "taker_side": "no"
        },
        {
            "trade_id": "ce359c25-251f-455b-9da5-cb9df5ee395c",
            "ticker": "KXHIGHDEN-25APR25-T54",
            "count": 221,
            "created_time": "2025-04-25T21:42:16.06431Z",
            "yes_price": 85,
            "no_price": 15,
            "taker_side": "yes"
        },
        {
            "trade_id": "5e452d75-7d2d-470e-ad32-f29a53b474da",
            "ticker": "KXHIGHDEN-25APR25-T54",
            "count": 28,
            "created_time": "2025-04-25T21:42:08.803396Z",
            "yes_price": 80,
            "no_price": 20,
            "taker_side": "no"
        },
        {
            "trade_id": "2865c2d9-5c6e-4f4c-af79-864a1404a57e",
            "ticker": "KXHIGHDEN-25APR25-T54",
            "count": 29,
            "created_time": "2025-04-25T21:41:05.245276Z",
            "yes_price": 85,
            "no_price": 15,
            "taker_side": "yes"
        },
        {
            "trade_id": "8980bfc0-b99f-42e8-a41b-7f74ce757cfc",
            "ticker": "KXHIGHDEN-25APR25-T54",
            "count": 1,
            "created_time": "2025-04-25T21:34:24.065553Z",
            "yes_price": 80,
            "no_price": 20,
            "taker_side": "no"
        },
        {
            "trade_id": "34601e83-a08e-4ae5-ab8d-9a5f78bc6b55",
            "ticker": "KXHIGHDEN-25APR25-T54",
            "count": 29,
            "created_time": "2025-04-25T21:34:24.065553Z",
            "yes_price": 76,
            "no_price": 24,
            "taker_side": "no"
        },
        {
            "trade_id": "ec0a05b6-0aa1-47fe-acac-661cfe8dad17",
            "ticker": "KXHIGHDEN-25APR25-T54",
            "count": 80,
            "created_time": "2025-04-25T21:28:07.016441Z",
            "yes_price": 88,
            "no_price": 12,
            "taker_side": "yes"
        },
        {
            "trade_id": "b054af47-c950-47b0-bd7e-bf8b08e8589b",
            "ticker": "KXHIGHDEN-25APR25-T54",
            "count": 276,
            "created_time": "2025-04-25T21:28:07.016441Z",
            "yes_price": 89,
            "no_price": 11,
            "taker_side": "yes"
        },
        {
            "trade_id": "6ca269e2-25b9-4011-b59b-4bd2821fcce0",
            "ticker": "KXHIGHDEN-25APR25-T54",
            "count": 20,
            "created_time": "2025-04-25T21:23:07.19414Z",
            "yes_price": 76,
            "no_price": 24,
            "taker_side": "no"
        },
        {
            "trade_id": "5b21aa4a-8e97-4879-8d37-96d2b2581269",
            "ticker": "KXHIGHDEN-25APR25-T54",
            "count": 25,
            "created_time": "2025-04-25T21:23:07.19414Z",
            "yes_price": 74,
            "no_price": 26,
            "taker_side": "no"
        },
        {
            "trade_id": "23e87a61-bb4f-4c7a-9c25-ca36f0e900f4",
            "ticker": "KXHIGHDEN-25APR25-T54",
            "count": 26,
            "created_time": "2025-04-25T21:23:07.19414Z",
            "yes_price": 72,
            "no_price": 28,
            "taker_side": "no"
        },
        {
            "trade_id": "fa048bee-c24a-4a96-875f-be93f533f454",
            "ticker": "KXHIGHDEN-25APR25-T54",
            "count": 50,
            "created_time": "2025-04-25T21:20:39.612312Z",
            "yes_price": 75,
            "no_price": 25,
            "taker_side": "no"
        },
        {
            "trade_id": "7ff43164-c987-4c00-b46f-38285e02d075",
            "ticker": "KXHIGHDEN-25APR25-T54",
            "count": 40,
            "created_time": "2025-04-25T21:20:39.612312Z",
            "yes_price": 74,
            "no_price": 26,
            "taker_side": "no"
        },
        {
            "trade_id": "e5831257-77ce-490b-a63d-b408081d1cc8",
            "ticker": "KXHIGHDEN-25APR25-T54",
            "count": 4,
            "created_time": "2025-04-25T21:19:36.916348Z",
            "yes_price": 89,
            "no_price": 11,
            "taker_side": "yes"
        },
        {
            "trade_id": "9a3e17c5-ffb9-40ce-aad4-16a8d8263a50",
            "ticker": "KXHIGHDEN-25APR25-T54",
            "count": 100,
            "created_time": "2025-04-25T21:18:02.212195Z",
            "yes_price": 81,
            "no_price": 19,
            "taker_side": "no"
        },
        {
            "trade_id": "8664afd1-11b9-460a-9b12-725ba858680b",
            "ticker": "KXHIGHDEN-25APR25-T54",
            "count": 500,
            "created_time": "2025-04-25T21:17:47.981122Z",
            "yes_price": 82,
            "no_price": 18,
            "taker_side": "no"
        },
        {
            "trade_id": "71f01ab0-a292-412d-aab7-68dc3fd0d3c0",
            "ticker": "KXHIGHDEN-25APR25-T54",
            "count": 50,
            "created_time": "2025-04-25T21:17:47.981122Z",
            "yes_price": 85,
            "no_price": 15,
            "taker_side": "no"
        },
        {
            "trade_id": "25165219-9734-4d1a-97e9-14ca5cc88c39",
            "ticker": "KXHIGHDEN-25APR25-T54",
            "count": 25,
            "created_time": "2025-04-25T21:17:47.981122Z",
            "yes_price": 83,
            "no_price": 17,
            "taker_side": "no"
        },
        {
            "trade_id": "38a29769-96c1-4be5-a602-2b225af454d3",
            "ticker": "KXHIGHDEN-25APR25-T54",
            "count": 5,
            "created_time": "2025-04-25T21:08:35.371091Z",
            "yes_price": 86,
            "no_price": 14,
            "taker_side": "no"
        },
        {
            "trade_id": "fc1cd6b1-eb6d-457a-80a6-91b8f5cfaddc",
            "ticker": "KXHIGHDEN-25APR25-T54",
            "count": 8,
            "created_time": "2025-04-25T21:08:18.501682Z",
            "yes_price": 86,
            "no_price": 14,
            "taker_side": "no"
        },
        {
            "trade_id": "796c85aa-cbcf-4dc1-91fe-ff0045bd1d89",
            "ticker": "KXHIGHDEN-25APR25-T54",
            "count": 25,
            "created_time": "2025-04-25T21:08:18.501682Z",
            "yes_price": 86,
            "no_price": 14,
            "taker_side": "no"
        },
        {
            "trade_id": "f09d7adc-617a-487a-a6a5-84d7a865dd6b",
            "ticker": "KXHIGHDEN-25APR25-T54",
            "count": 1,
            "created_time": "2025-04-25T21:05:19.544606Z",
            "yes_price": 95,
            "no_price": 5,
            "taker_side": "yes"
        },
        {
            "trade_id": "66d2c4df-38b5-4bc6-b4c3-1d00444d4dbe",
            "ticker": "KXHIGHDEN-25APR25-T54",
            "count": 13,
            "created_time": "2025-04-25T21:01:56.01293Z",
            "yes_price": 95,
            "no_price": 5,
            "taker_side": "yes"
        },
        {
            "trade_id": "0cb373c6-a7bf-4b75-95bf-fa1c98abfba5",
            "ticker": "KXHIGHDEN-25APR25-T54",
            "count": 100,
            "created_time": "2025-04-25T21:01:56.01293Z",
            "yes_price": 90,
            "no_price": 10,
            "taker_side": "yes"
        },
        {
            "trade_id": "61325045-82f7-4a6c-b8d9-cdd1e9cbf51e",
            "ticker": "KXHIGHDEN-25APR25-T54",
            "count": 3,
            "created_time": "2025-04-25T20:59:45.401879Z",
            "yes_price": 95,
            "no_price": 5,
            "taker_side": "no"
        },
        {
            "trade_id": "b7c3cc86-64b6-487d-8b40-086141facc8c",
            "ticker": "KXHIGHDEN-25APR25-T54",
            "count": 12,
            "created_time": "2025-04-25T20:57:17.47356Z",
            "yes_price": 96,
            "no_price": 4,
            "taker_side": "yes"
        },
        {
            "trade_id": "b3a1f96a-3757-4c5a-b9d5-2e4879c9a4b5",
            "ticker": "KXHIGHDEN-25APR25-T54",
            "count": 488,
            "created_time": "2025-04-25T20:56:42.78077Z",
            "yes_price": 95,
            "no_price": 5,
            "taker_side": "yes"
        },
        {
            "trade_id": "8a155130-ac5d-4e69-ae85-fbdb6ea95d90",
            "ticker": "KXHIGHDEN-25APR25-T54",
            "count": 9,
            "created_time": "2025-04-25T20:56:42.78077Z",
            "yes_price": 94,
            "no_price": 6,
            "taker_side": "yes"
        },
        {
            "trade_id": "c3801e9b-6e3e-4598-8e42-d0453173db8d",
            "ticker": "KXHIGHDEN-25APR25-T54",
            "count": 9,
            "created_time": "2025-04-25T20:53:37.131016Z",
            "yes_price": 94,
            "no_price": 6,
            "taker_side": "yes"
        },
        {
            "trade_id": "a369f24e-a104-4f03-8e8a-971800a9f07b",
            "ticker": "KXHIGHDEN-25APR25-T54",
            "count": 12,
            "created_time": "2025-04-25T20:53:37.131016Z",
            "yes_price": 95,
            "no_price": 5,
            "taker_side": "yes"
        },
        {
            "trade_id": "2e02bc52-f07d-4074-94e0-ababdc39baae",
            "ticker": "KXHIGHDEN-25APR25-T54",
            "count": 25,
            "created_time": "2025-04-25T20:46:14.652301Z",
            "yes_price": 85,
            "no_price": 15,
            "taker_side": "no"
        },
        {
            "trade_id": "7b3d4493-5aee-432b-a841-01e6575bac4c",
            "ticker": "KXHIGHDEN-25APR25-T54",
            "count": 80,
            "created_time": "2025-04-25T20:43:16.100545Z",
            "yes_price": 91,
            "no_price": 9,
            "taker_side": "no"
        },
        {
            "trade_id": "5b28326c-9ce9-4a18-a445-455c3b7965ce",
            "ticker": "KXHIGHDEN-25APR25-T54",
            "count": 7,
            "created_time": "2025-04-25T20:41:58.867228Z",
            "yes_price": 88,
            "no_price": 12,
            "taker_side": "no"
        },
        {
            "trade_id": "0d0449eb-6bad-47c9-9bc2-cdabba8cd502",
            "ticker": "KXHIGHDEN-25APR25-T54",
            "count": 46,
            "created_time": "2025-04-25T20:37:48.988333Z",
            "yes_price": 91,
            "no_price": 9,
            "taker_side": "no"
        },
        {
            "trade_id": "e1e418dc-d2b6-4d71-9bb3-07ccfadb94e7",
            "ticker": "KXHIGHDEN-25APR25-T54",
            "count": 18,
            "created_time": "2025-04-25T20:32:35.348212Z",
            "yes_price": 96,
            "no_price": 4,
            "taker_side": "yes"
        },
        {
            "trade_id": "383fa866-ddcc-483b-8de9-3dc1a03d83c2",
            "ticker": "KXHIGHDEN-25APR25-T54",
            "count": 12,
            "created_time": "2025-04-25T20:32:35.348212Z",
            "yes_price": 95,
            "no_price": 5,
            "taker_side": "yes"
        },
        {
            "trade_id": "e484d43d-5207-4a47-918f-43b35f03d1c1",
            "ticker": "KXHIGHDEN-25APR25-T54",
            "count": 15,
            "created_time": "2025-04-25T20:30:56.098587Z",
            "yes_price": 91,
            "no_price": 9,
            "taker_side": "no"
        },
        {
            "trade_id": "bf653375-7d11-41f9-967a-d740d3c19619",
            "ticker": "KXHIGHDEN-25APR25-T54",
            "count": 139,
            "created_time": "2025-04-25T20:30:08.293575Z",
            "yes_price": 91,
            "no_price": 9,
            "taker_side": "no"
        },
        {
            "trade_id": "95bbe354-bcd3-4a11-acda-6a81c85a6fff",
            "ticker": "KXHIGHDEN-25APR25-T54",
            "count": 2,
            "created_time": "2025-04-25T20:30:08.293575Z",
            "yes_price": 92,
            "no_price": 8,
            "taker_side": "no"
        },
        {
            "trade_id": "fe5f1ebc-ce6b-4563-843c-3f2eab0bf047",
            "ticker": "KXHIGHDEN-25APR25-T54",
            "count": 13,
            "created_time": "2025-04-25T20:24:24.459438Z",
            "yes_price": 94,
            "no_price": 6,
            "taker_side": "yes"
        },
        {
            "trade_id": "cf86c8ba-87be-4713-95c0-cbe38b5d1899",
            "ticker": "KXHIGHDEN-25APR25-T54",
            "count": 40,
            "created_time": "2025-04-25T20:24:24.459438Z",
            "yes_price": 96,
            "no_price": 4,
            "taker_side": "yes"
        },
        {
            "trade_id": "eaa80866-df20-4a33-be00-7bae626bae00",
            "ticker": "KXHIGHDEN-25APR25-T54",
            "count": 30,
            "created_time": "2025-04-25T20:15:36.886966Z",
            "yes_price": 97,
            "no_price": 3,
            "taker_side": "yes"
        },
        {
            "trade_id": "afd2812a-2961-4134-be6f-1ccac94978a0",
            "ticker": "KXHIGHDEN-25APR25-T54",
            "count": 50,
            "created_time": "2025-04-25T20:15:36.886966Z",
            "yes_price": 95,
            "no_price": 5,
            "taker_side": "yes"
        },
        {
            "trade_id": "a611044e-db37-4a00-9a8d-858544e11d81",
            "ticker": "KXHIGHDEN-25APR25-T54",
            "count": 40,
            "created_time": "2025-04-25T20:15:36.886966Z",
            "yes_price": 96,
            "no_price": 4,
            "taker_side": "yes"
        },
        {
            "trade_id": "709f411c-b0d0-482e-9b67-7227ce261ffd",
            "ticker": "KXHIGHDEN-25APR25-T54",
            "count": 16,
            "created_time": "2025-04-25T20:15:36.886966Z",
            "yes_price": 96,
            "no_price": 4,
            "taker_side": "yes"
        },
        {
            "trade_id": "4414382e-7910-42fe-a231-e07c84d87e7a",
            "ticker": "KXHIGHDEN-25APR25-T54",
            "count": 14,
            "created_time": "2025-04-25T20:15:36.886966Z",
            "yes_price": 93,
            "no_price": 7,
            "taker_side": "yes"
        },
        {
            "trade_id": "054e3328-29c5-4664-b6ae-5435101bb8ff",
            "ticker": "KXHIGHDEN-25APR25-T54",
            "count": 50,
            "created_time": "2025-04-25T20:15:36.886966Z",
            "yes_price": 97,
            "no_price": 3,
            "taker_side": "yes"
        },
        {
            "trade_id": "fc4a266e-5e81-48ba-801b-4fb79f6b5d3c",
            "ticker": "KXHIGHDEN-25APR25-T54",
            "count": 153,
            "created_time": "2025-04-25T20:15:04.879157Z",
            "yes_price": 94,
            "no_price": 6,
            "taker_side": "yes"
        },
        {
            "trade_id": "a8fb7fd7-f70f-4e6c-9ca9-51a9bd4f3a95",
            "ticker": "KXHIGHDEN-25APR25-T54",
            "count": 47,
            "created_time": "2025-04-25T20:14:02.048464Z",
            "yes_price": 94,
            "no_price": 6,
            "taker_side": "yes"
        },
        {
            "trade_id": "9bf1ed8c-69c8-4404-9b5a-ccb025e99ebb",
            "ticker": "KXHIGHDEN-25APR25-T54",
            "count": 14,
            "created_time": "2025-04-25T20:14:02.048464Z",
            "yes_price": 92,
            "no_price": 8,
            "taker_side": "yes"
        },
        {
            "trade_id": "7ebf93b1-6324-496b-a6ae-68516f08bb35",
            "ticker": "KXHIGHDEN-25APR25-T54",
            "count": 14,
            "created_time": "2025-04-25T20:14:02.048464Z",
            "yes_price": 93,
            "no_price": 7,
            "taker_side": "yes"
        },
        {
            "trade_id": "ce5ba24d-c6b9-4b2a-874f-13ec6887abec",
            "ticker": "KXHIGHDEN-25APR25-T54",
            "count": 5,
            "created_time": "2025-04-25T19:49:25.373009Z",
            "yes_price": 81,
            "no_price": 19,
            "taker_side": "no"
        },
        {
            "trade_id": "f853ce90-f1bd-41d2-a89e-1c560f9d6a7f",
            "ticker": "KXHIGHDEN-25APR25-T54",
            "count": 50,
            "created_time": "2025-04-25T19:42:59.503917Z",
            "yes_price": 94,
            "no_price": 6,
            "taker_side": "yes"
        },
        {
            "trade_id": "eab66440-e776-4d90-b7fe-b957ff828b02",
            "ticker": "KXHIGHDEN-25APR25-T54",
            "count": 2,
            "created_time": "2025-04-25T19:42:59.503917Z",
            "yes_price": 96,
            "no_price": 4,
            "taker_side": "yes"
        },
        {
            "trade_id": "a3a1bacb-30ad-42d3-b276-c261c992b189",
            "ticker": "KXHIGHDEN-25APR25-T54",
            "count": 15,
            "created_time": "2025-04-25T19:42:59.503917Z",
            "yes_price": 90,
            "no_price": 10,
            "taker_side": "yes"
        },
        {
            "trade_id": "631308e3-64db-42af-801c-b06597b85a15",
            "ticker": "KXHIGHDEN-25APR25-T54",
            "count": 19,
            "created_time": "2025-04-25T19:42:59.503917Z",
            "yes_price": 95,
            "no_price": 5,
            "taker_side": "yes"
        },
        {
            "trade_id": "4c109c82-f36d-43df-b320-a1b2555fd7c5",
            "ticker": "KXHIGHDEN-25APR25-T54",
            "count": 39,
            "created_time": "2025-04-25T19:42:59.503917Z",
            "yes_price": 95,
            "no_price": 5,
            "taker_side": "yes"
        },
        {
            "trade_id": "2a4a25dd-2a5d-41e6-b3f4-7be1f0731754",
            "ticker": "KXHIGHDEN-25APR25-T54",
            "count": 200,
            "created_time": "2025-04-25T19:42:59.503917Z",
            "yes_price": 90,
            "no_price": 10,
            "taker_side": "yes"
        },
        {
            "trade_id": "edd3682a-7dad-4f8b-9d0d-56f85d1ed0ea",
            "ticker": "KXHIGHDEN-25APR25-T54",
            "count": 100,
            "created_time": "2025-04-25T19:37:43.177423Z",
            "yes_price": 90,
            "no_price": 10,
            "taker_side": "no"
        },
        {
            "trade_id": "8edcaa64-ce64-49aa-8f28-8069a67e12a9",
            "ticker": "KXHIGHDEN-25APR25-T54",
            "count": 62,
            "created_time": "2025-04-25T19:37:43.177423Z",
            "yes_price": 90,
            "no_price": 10,
            "taker_side": "no"
        },
        {
            "trade_id": "6c145f4d-78c7-459e-8b36-73d732029cdc",
            "ticker": "KXHIGHDEN-25APR25-T54",
            "count": 33,
            "created_time": "2025-04-25T19:37:43.177423Z",
            "yes_price": 91,
            "no_price": 9,
            "taker_side": "no"
        },
        {
            "trade_id": "d6b55116-6a8e-4b9d-a618-9a50732ec887",
            "ticker": "KXHIGHDEN-25APR25-T54",
            "count": 1,
            "created_time": "2025-04-25T19:36:38.733094Z",
            "yes_price": 95,
            "no_price": 5,
            "taker_side": "yes"
        },
        {
            "trade_id": "9d15bb74-a12e-4819-a059-baddf5c1699c",
            "ticker": "KXHIGHDEN-25APR25-T54",
            "count": 1,
            "created_time": "2025-04-25T19:36:23.223426Z",
            "yes_price": 91,
            "no_price": 9,
            "taker_side": "yes"
        },
        {
            "trade_id": "d1dae5d3-0c34-4317-ade2-1b91332c542d",
            "ticker": "KXHIGHDEN-25APR25-T54",
            "count": 15,
            "created_time": "2025-04-25T19:35:14.562922Z",
            "yes_price": 91,
            "no_price": 9,
            "taker_side": "no"
        },
        {
            "trade_id": "6f4f216d-0713-4ec5-8629-7a19c7444fcb",
            "ticker": "KXHIGHDEN-25APR25-T54",
            "count": 17,
            "created_time": "2025-04-25T19:30:24.002669Z",
            "yes_price": 91,
            "no_price": 9,
            "taker_side": "no"
        },
        {
            "trade_id": "d6e2746f-cfdf-4bc2-99ed-6ba009993493",
            "ticker": "KXHIGHDEN-25APR25-T54",
            "count": 18,
            "created_time": "2025-04-25T19:25:16.455114Z",
            "yes_price": 91,
            "no_price": 9,
            "taker_side": "no"
        },
        {
            "trade_id": "645b8ab5-3bb6-4f06-ba56-f8a03cc9a49e",
            "ticker": "KXHIGHDEN-25APR25-T54",
            "count": 50,
            "created_time": "2025-04-25T19:21:30.10305Z",
            "yes_price": 93,
            "no_price": 7,
            "taker_side": "yes"
        },
        {
            "trade_id": "6abd1866-4d72-4f61-8e7d-8e98cb8e9d33",
            "ticker": "KXHIGHDEN-25APR25-T54",
            "count": 18,
            "created_time": "2025-04-25T19:20:16.168565Z",
            "yes_price": 90,
            "no_price": 10,
            "taker_side": "no"
        },
        {
            "trade_id": "070cf0d0-bfcb-426f-9d33-03334d47ff55",
            "ticker": "KXHIGHDEN-25APR25-T54",
            "count": 20,
            "created_time": "2025-04-25T19:15:12.599041Z",
            "yes_price": 89,
            "no_price": 11,
            "taker_side": "no"
        },
        {
            "trade_id": "f8b5f3ae-764a-4158-b87f-1cb8f0380b8a",
            "ticker": "KXHIGHDEN-25APR25-T54",
            "count": 7,
            "created_time": "2025-04-25T19:10:09.363228Z",
            "yes_price": 86,
            "no_price": 14,
            "taker_side": "no"
        },
        {
            "trade_id": "538a6fec-5ea6-4ee6-aa2f-62268c34076d",
            "ticker": "KXHIGHDEN-25APR25-T54",
            "count": 12,
            "created_time": "2025-04-25T19:10:09.363228Z",
            "yes_price": 86,
            "no_price": 14,
            "taker_side": "no"
        },
        {
            "trade_id": "96792145-0914-4430-989c-bdc0ff46d49e",
            "ticker": "KXHIGHDEN-25APR25-T54",
            "count": 27,
            "created_time": "2025-04-25T19:08:54.832671Z",
            "yes_price": 90,
            "no_price": 10,
            "taker_side": "yes"
        },
        {
            "trade_id": "45786192-04d8-4959-895d-a4a0bda96b5d",
            "ticker": "KXHIGHDEN-25APR25-T54",
            "count": 50,
            "created_time": "2025-04-25T19:08:54.832671Z",
            "yes_price": 90,
            "no_price": 10,
            "taker_side": "yes"
        },
        {
            "trade_id": "4a059ef8-6f41-4b23-a54a-e378afd6b47e",
            "ticker": "KXHIGHDEN-25APR25-T54",
            "count": 51,
            "created_time": "2025-04-25T19:08:20.796007Z",
            "yes_price": 91,
            "no_price": 9,
            "taker_side": "yes"
        },
        {
            "trade_id": "368e8b3d-0abc-4e55-a885-8ac74e90c766",
            "ticker": "KXHIGHDEN-25APR25-T54",
            "count": 30,
            "created_time": "2025-04-25T19:08:20.796007Z",
            "yes_price": 88,
            "no_price": 12,
            "taker_side": "yes"
        },
        {
            "trade_id": "02acdfdc-e775-486a-b8d4-af53c05462e9",
            "ticker": "KXHIGHDEN-25APR25-T54",
            "count": 25,
            "created_time": "2025-04-25T19:08:20.796007Z",
            "yes_price": 90,
            "no_price": 10,
            "taker_side": "yes"
        },
        {
            "trade_id": "e8f62157-4572-4e90-8276-58131f512554",
            "ticker": "KXHIGHDEN-25APR25-T54",
            "count": 19,
            "created_time": "2025-04-25T19:07:58.104114Z",
            "yes_price": 83,
            "no_price": 17,
            "taker_side": "yes"
        },
        {
            "trade_id": "670c543c-826d-4c1e-a40b-d3ade26cfc2a",
            "ticker": "KXHIGHDEN-25APR25-T54",
            "count": 5,
            "created_time": "2025-04-25T19:07:58.104114Z",
            "yes_price": 87,
            "no_price": 13,
            "taker_side": "yes"
        },
        {
            "trade_id": "6574ffcc-c565-4066-90cf-f4f396e4dd30",
            "ticker": "KXHIGHDEN-25APR25-T54",
            "count": 50,
            "created_time": "2025-04-25T19:07:58.104114Z",
            "yes_price": 86,
            "no_price": 14,
            "taker_side": "yes"
        },
        {
            "trade_id": "fb34ceec-b88b-4d41-b3a5-ecaac0b75bee",
            "ticker": "KXHIGHDEN-25APR25-T54",
            "count": 50,
            "created_time": "2025-04-25T19:01:44.709976Z",
            "yes_price": 84,
            "no_price": 16,
            "taker_side": "yes"
        },
        {
            "trade_id": "c1d90949-c12b-4cdf-8103-74d7e048e215",
            "ticker": "KXHIGHDEN-25APR25-T54",
            "count": 13,
            "created_time": "2025-04-25T19:01:44.709976Z",
            "yes_price": 86,
            "no_price": 14,
            "taker_side": "yes"
        },
        {
            "trade_id": "475be6a0-34fb-4b20-bdf1-2c773bc7d92c",
            "ticker": "KXHIGHDEN-25APR25-T54",
            "count": 7,
            "created_time": "2025-04-25T19:01:44.709976Z",
            "yes_price": 85,
            "no_price": 15,
            "taker_side": "yes"
        },
        {
            "trade_id": "2abe4b48-688b-430d-bd9e-1c33cd67e496",
            "ticker": "KXHIGHDEN-25APR25-T54",
            "count": 6,
            "created_time": "2025-04-25T19:01:44.709976Z",
            "yes_price": 80,
            "no_price": 20,
            "taker_side": "yes"
        },
        {
            "trade_id": "292aaca5-78d6-427d-abba-b89a4ecd369d",
            "ticker": "KXHIGHDEN-25APR25-T54",
            "count": 20,
            "created_time": "2025-04-25T19:01:44.709976Z",
            "yes_price": 81,
            "no_price": 19,
            "taker_side": "yes"
        },
        {
            "trade_id": "c9a428f2-ffdc-4ba0-934a-d2292a5beeff",
            "ticker": "KXHIGHDEN-25APR25-T54",
            "count": 10,
            "created_time": "2025-04-25T18:58:14.50406Z",
            "yes_price": 75,
            "no_price": 25,
            "taker_side": "yes"
        },
        {
            "trade_id": "92b3d851-ad40-4c6a-bbf2-428a5c0881ad",
            "ticker": "KXHIGHDEN-25APR25-T54",
            "count": 24,
            "created_time": "2025-04-25T18:58:14.50406Z",
            "yes_price": 80,
            "no_price": 20,
            "taker_side": "yes"
        },
        {
            "trade_id": "7716354c-3e85-4cd9-9359-f71c41840683",
            "ticker": "KXHIGHDEN-25APR25-T54",
            "count": 4,
            "created_time": "2025-04-25T18:51:56.433879Z",
            "yes_price": 66,
            "no_price": 34,
            "taker_side": "no"
        },
        {
            "trade_id": "6a6e3610-aaf8-4eab-9d6b-ccef88089950",
            "ticker": "KXHIGHDEN-25APR25-T54",
            "count": 4,
            "created_time": "2025-04-25T18:51:56.433879Z",
            "yes_price": 66,
            "no_price": 34,
            "taker_side": "no"
        },
        {
            "trade_id": "1bee9a76-3734-4e6b-93a1-bc221191e805",
            "ticker": "KXHIGHDEN-25APR25-T54",
            "count": 6,
            "created_time": "2025-04-25T18:42:19.018996Z",
            "yes_price": 74,
            "no_price": 26,
            "taker_side": "yes"
        },
        {
            "trade_id": "f56d958f-505a-483e-a71e-3bf959b990d7",
            "ticker": "KXHIGHDEN-25APR25-T54",
            "count": 64,
            "created_time": "2025-04-25T18:37:17.657143Z",
            "yes_price": 65,
            "no_price": 35,
            "taker_side": "yes"
        },
        {
            "trade_id": "3058e0e1-6572-4387-a8a6-877a52e1ea00",
            "ticker": "KXHIGHDEN-25APR25-T54",
            "count": 20,
            "created_time": "2025-04-25T18:36:21.644671Z",
            "yes_price": 65,
            "no_price": 35,
            "taker_side": "yes"
        },
        {
            "trade_id": "c95d10b9-649d-4290-b74b-9be52207148f",
            "ticker": "KXHIGHDEN-25APR25-T54",
            "count": 4,
            "created_time": "2025-04-25T18:21:29.401216Z",
            "yes_price": 65,
            "no_price": 35,
            "taker_side": "yes"
        },
        {
            "trade_id": "77b11604-e9f4-4959-b8c9-4c2c95c2fc7d",
            "ticker": "KXHIGHDEN-25APR25-T54",
            "count": 15,
            "created_time": "2025-04-25T18:17:21.945877Z",
            "yes_price": 65,
            "no_price": 35,
            "taker_side": "yes"
        },
        {
            "trade_id": "51a158f2-dc75-48c8-8568-b7bf4bad75a4",
            "ticker": "KXHIGHDEN-25APR25-T54",
            "count": 88,
            "created_time": "2025-04-25T18:14:36.681719Z",
            "yes_price": 65,
            "no_price": 35,
            "taker_side": "yes"
        },
        {
            "trade_id": "a5c6a09e-2842-445e-bf10-84a552399d4c",
            "ticker": "KXHIGHDEN-25APR25-T54",
            "count": 22,
            "created_time": "2025-04-25T18:10:49.619307Z",
            "yes_price": 65,
            "no_price": 35,
            "taker_side": "yes"
        },
        {
            "trade_id": "cb624eb3-49ba-4f2e-873f-b75cebfbd21a",
            "ticker": "KXHIGHDEN-25APR25-T54",
            "count": 2,
            "created_time": "2025-04-25T18:10:04.52059Z",
            "yes_price": 65,
            "no_price": 35,
            "taker_side": "yes"
        },
        {
            "trade_id": "cca859a7-0e88-4428-829c-730489bd9c22",
            "ticker": "KXHIGHDEN-25APR25-T54",
            "count": 2,
            "created_time": "2025-04-25T18:09:52.70488Z",
            "yes_price": 63,
            "no_price": 37,
            "taker_side": "yes"
        },
        {
            "trade_id": "adc77af1-c922-46c9-a16b-c6e7234bef82",
            "ticker": "KXHIGHDEN-25APR25-T54",
            "count": 50,
            "created_time": "2025-04-25T18:09:52.70488Z",
            "yes_price": 64,
            "no_price": 36,
            "taker_side": "yes"
        },
        {
            "trade_id": "1d7fd59f-638b-47dc-9fa0-c6ea1566a9c6",
            "ticker": "KXHIGHDEN-25APR25-T54",
            "count": 9,
            "created_time": "2025-04-25T18:06:07.042063Z",
            "yes_price": 63,
            "no_price": 37,
            "taker_side": "yes"
        },
        {
            "trade_id": "a5584bb8-270a-4eec-b0a4-2dcfd5d108de",
            "ticker": "KXHIGHDEN-25APR25-T54",
            "count": 43,
            "created_time": "2025-04-25T17:59:41.376539Z",
            "yes_price": 64,
            "no_price": 36,
            "taker_side": "yes"
        },
        {
            "trade_id": "75f79c98-9e85-4474-b473-f82c8f7cd277",
            "ticker": "KXHIGHDEN-25APR25-T54",
            "count": 4,
            "created_time": "2025-04-25T17:59:41.376539Z",
            "yes_price": 64,
            "no_price": 36,
            "taker_side": "yes"
        },
        {
            "trade_id": "ea149988-c3b9-489d-9b52-3a121f5d64a6",
            "ticker": "KXHIGHDEN-25APR25-T54",
            "count": 30,
            "created_time": "2025-04-25T17:49:08.605019Z",
            "yes_price": 65,
            "no_price": 35,
            "taker_side": "yes"
        },
        {
            "trade_id": "cc83e498-9543-4e77-9b0a-244f86140a26",
            "ticker": "KXHIGHDEN-25APR25-T54",
            "count": 20,
            "created_time": "2025-04-25T17:46:09.344637Z",
            "yes_price": 65,
            "no_price": 35,
            "taker_side": "yes"
        },
        {
            "trade_id": "4de4612a-c003-4600-bb1e-3549bf994135",
            "ticker": "KXHIGHDEN-25APR25-T54",
            "count": 59,
            "created_time": "2025-04-25T17:33:06.641907Z",
            "yes_price": 67,
            "no_price": 33,
            "taker_side": "yes"
        },
        {
            "trade_id": "33e501b2-f53a-42c2-a37b-eb338574d3c4",
            "ticker": "KXHIGHDEN-25APR25-T54",
            "count": 12,
            "created_time": "2025-04-25T17:33:06.641907Z",
            "yes_price": 67,
            "no_price": 33,
            "taker_side": "yes"
        },
        {
            "trade_id": "00207f85-33c8-465f-b5a8-f07556a78f26",
            "ticker": "KXHIGHDEN-25APR25-T54",
            "count": 2,
            "created_time": "2025-04-25T17:24:54.597596Z",
            "yes_price": 58,
            "no_price": 42,
            "taker_side": "no"
        },
        {
            "trade_id": "986d82a4-d26f-4d2c-b86a-2d78f3d86bc5",
            "ticker": "KXHIGHDEN-25APR25-T54",
            "count": 2,
            "created_time": "2025-04-25T17:19:10.660484Z",
            "yes_price": 70,
            "no_price": 30,
            "taker_side": "yes"
        },
        {
            "trade_id": "d378df26-9fe7-4b9f-9010-595eae1544ca",
            "ticker": "KXHIGHDEN-25APR25-T54",
            "count": 10,
            "created_time": "2025-04-25T17:09:15.638476Z",
            "yes_price": 74,
            "no_price": 26,
            "taker_side": "yes"
        },
        {
            "trade_id": "acd4858b-465b-4f6c-a534-da8f4fc3d9b3",
            "ticker": "KXHIGHDEN-25APR25-T54",
            "count": 4,
            "created_time": "2025-04-25T17:03:39.880961Z",
            "yes_price": 74,
            "no_price": 26,
            "taker_side": "yes"
        },
        {
            "trade_id": "15f155b3-7942-4cca-abe2-612e27909ae3",
            "ticker": "KXHIGHDEN-25APR25-T54",
            "count": 30,
            "created_time": "2025-04-25T17:03:39.880961Z",
            "yes_price": 75,
            "no_price": 25,
            "taker_side": "yes"
        },
        {
            "trade_id": "98e99979-b73f-4d31-a264-c9eeede6d40d",
            "ticker": "KXHIGHDEN-25APR25-T54",
            "count": 4,
            "created_time": "2025-04-25T17:01:02.173924Z",
            "yes_price": 68,
            "no_price": 32,
            "taker_side": "no"
        },
        {
            "trade_id": "cbe8db09-a796-4871-baf3-d38372d6daa1",
            "ticker": "KXHIGHDEN-25APR25-T54",
            "count": 5,
            "created_time": "2025-04-25T17:00:11.455432Z",
            "yes_price": 70,
            "no_price": 30,
            "taker_side": "no"
        },
        {
            "trade_id": "cb75c8cc-a1a7-4798-941c-e26ef7ee366d",
            "ticker": "KXHIGHDEN-25APR25-T54",
            "count": 4,
            "created_time": "2025-04-25T17:00:11.455432Z",
            "yes_price": 69,
            "no_price": 31,
            "taker_side": "no"
        },
        {
            "trade_id": "c380170c-6ce0-43b8-8263-5d4844949cd4",
            "ticker": "KXHIGHDEN-25APR25-T54",
            "count": 1,
            "created_time": "2025-04-25T17:00:11.455432Z",
            "yes_price": 68,
            "no_price": 32,
            "taker_side": "no"
        },
        {
            "trade_id": "28e04e3f-9e34-4348-8c05-847716318e55",
            "ticker": "KXHIGHDEN-25APR25-T54",
            "count": 8,
            "created_time": "2025-04-25T17:00:11.455432Z",
            "yes_price": 72,
            "no_price": 28,
            "taker_side": "no"
        },
        {
            "trade_id": "69bd7e76-91bb-4bcf-b9dc-1e10d127b8ea",
            "ticker": "KXHIGHDEN-25APR25-T54",
            "count": 5,
            "created_time": "2025-04-25T16:57:39.430064Z",
            "yes_price": 71,
            "no_price": 29,
            "taker_side": "yes"
        },
        {
            "trade_id": "a9011feb-824d-42fa-b092-cc4e2b16ab4b",
            "ticker": "KXHIGHDEN-25APR25-T54",
            "count": 1,
            "created_time": "2025-04-25T16:55:14.460012Z",
            "yes_price": 74,
            "no_price": 26,
            "taker_side": "yes"
        },
        {
            "trade_id": "43a93c7b-370e-4c8a-9c08-123faec5bff0",
            "ticker": "KXHIGHDEN-25APR25-T54",
            "count": 91,
            "created_time": "2025-04-25T16:54:40.234485Z",
            "yes_price": 67,
            "no_price": 33,
            "taker_side": "yes"
        },
        {
            "trade_id": "4c225ac5-ead6-45d4-9218-867766557309",
            "ticker": "KXHIGHDEN-25APR25-T54",
            "count": 119,
            "created_time": "2025-04-25T16:54:22.426185Z",
            "yes_price": 66,
            "no_price": 34,
            "taker_side": "no"
        },
        {
            "trade_id": "8de39e06-0077-4d99-bfbd-a9461d78ac82",
            "ticker": "KXHIGHDEN-25APR25-T54",
            "count": 28,
            "created_time": "2025-04-25T16:54:18.038418Z",
            "yes_price": 66,
            "no_price": 34,
            "taker_side": "no"
        },
        {
            "trade_id": "6aa8544d-b0e5-4eb5-a0a9-84fef70b3f8c",
            "ticker": "KXHIGHDEN-25APR25-T54",
            "count": 50,
            "created_time": "2025-04-25T16:54:13.058549Z",
            "yes_price": 66,
            "no_price": 34,
            "taker_side": "yes"
        },
        {
            "trade_id": "5e63d4df-1c79-4fef-8549-87e215de5273",
            "ticker": "KXHIGHDEN-25APR25-T54",
            "count": 12,
            "created_time": "2025-04-25T16:54:13.058549Z",
            "yes_price": 66,
            "no_price": 34,
            "taker_side": "yes"
        },
        {
            "trade_id": "dc6c81f6-dc83-474a-af3a-76cf688329cc",
            "ticker": "KXHIGHDEN-25APR25-T54",
            "count": 64,
            "created_time": "2025-04-25T16:48:19.149036Z",
            "yes_price": 63,
            "no_price": 37,
            "taker_side": "yes"
        },
        {
            "trade_id": "86ef39f3-da09-4577-9bc9-9ac147837539",
            "ticker": "KXHIGHDEN-25APR25-T54",
            "count": 12,
            "created_time": "2025-04-25T16:48:19.149036Z",
            "yes_price": 65,
            "no_price": 35,
            "taker_side": "yes"
        },
        {
            "trade_id": "823d72f0-f90d-4ff5-9c0c-0fb2c3d20869",
            "ticker": "KXHIGHDEN-25APR25-T54",
            "count": 222,
            "created_time": "2025-04-25T16:48:19.149036Z",
            "yes_price": 65,
            "no_price": 35,
            "taker_side": "yes"
        },
        {
            "trade_id": "06de2cb3-f20c-417a-8d2c-02cc8e5e3edb",
            "ticker": "KXHIGHDEN-25APR25-T54",
            "count": 2,
            "created_time": "2025-04-25T16:48:19.149036Z",
            "yes_price": 63,
            "no_price": 37,
            "taker_side": "yes"
        },
        {
            "trade_id": "248bc086-1577-4e40-9ca6-326340891fd0",
            "ticker": "KXHIGHDEN-25APR25-T54",
            "count": 3,
            "created_time": "2025-04-25T16:42:12.314532Z",
            "yes_price": 62,
            "no_price": 38,
            "taker_side": "yes"
        },
        {
            "trade_id": "219f4508-43e7-446b-865d-751b2b6e0deb",
            "ticker": "KXHIGHDEN-25APR25-T54",
            "count": 2,
            "created_time": "2025-04-25T16:42:12.314532Z",
            "yes_price": 62,
            "no_price": 38,
            "taker_side": "yes"
        },
        {
            "trade_id": "0a728e5d-1a3c-48f4-9387-49bd378c3468",
            "ticker": "KXHIGHDEN-25APR25-T54",
            "count": 16,
            "created_time": "2025-04-25T16:42:12.314532Z",
            "yes_price": 62,
            "no_price": 38,
            "taker_side": "yes"
        },
        {
            "trade_id": "00152a44-ecda-48d3-9be3-9e857cb4f498",
            "ticker": "KXHIGHDEN-25APR25-T54",
            "count": 29,
            "created_time": "2025-04-25T16:42:12.314532Z",
            "yes_price": 64,
            "no_price": 36,
            "taker_side": "yes"
        },
        {
            "trade_id": "244630db-a9f6-4171-9907-aca359b5bca2",
            "ticker": "KXHIGHDEN-25APR25-T54",
            "count": 68,
            "created_time": "2025-04-25T16:34:16.918308Z",
            "yes_price": 62,
            "no_price": 38,
            "taker_side": "yes"
        },
        {
            "trade_id": "19029d9c-e48e-4147-bd72-6f8ef9867feb",
            "ticker": "KXHIGHDEN-25APR25-T54",
            "count": 12,
            "created_time": "2025-04-25T16:34:16.918308Z",
            "yes_price": 62,
            "no_price": 38,
            "taker_side": "yes"
        },
        {
            "trade_id": "e1f38ccd-20f1-4bbf-8798-bbde6d71e584",
            "ticker": "KXHIGHDEN-25APR25-T54",
            "count": 2,
            "created_time": "2025-04-25T16:30:53.734559Z",
            "yes_price": 60,
            "no_price": 40,
            "taker_side": "yes"
        },
        {
            "trade_id": "d6cb6233-3543-49ff-a8a8-713a8d8af493",
            "ticker": "KXHIGHDEN-25APR25-T54",
            "count": 98,
            "created_time": "2025-04-25T16:30:53.734559Z",
            "yes_price": 61,
            "no_price": 39,
            "taker_side": "yes"
        },
        {
            "trade_id": "c1f7d2aa-0477-45c8-8387-4d2914b914a6",
            "ticker": "KXHIGHDEN-25APR25-T54",
            "count": 2,
            "created_time": "2025-04-25T16:30:53.734559Z",
            "yes_price": 61,
            "no_price": 39,
            "taker_side": "yes"
        },
        {
            "trade_id": "81491730-9a41-4f41-be9d-5d2df3606dc7",
            "ticker": "KXHIGHDEN-25APR25-T54",
            "count": 2,
            "created_time": "2025-04-25T16:30:53.734559Z",
            "yes_price": 59,
            "no_price": 41,
            "taker_side": "yes"
        },
        {
            "trade_id": "693786d6-3752-412d-badd-52d33efba8b2",
            "ticker": "KXHIGHDEN-25APR25-T54",
            "count": 8,
            "created_time": "2025-04-25T16:30:53.734559Z",
            "yes_price": 61,
            "no_price": 39,
            "taker_side": "yes"
        },
        {
            "trade_id": "84441f6e-4cc9-4010-9520-9cebcdc9d18d",
            "ticker": "KXHIGHDEN-25APR25-T54",
            "count": 24,
            "created_time": "2025-04-25T16:27:19.312322Z",
            "yes_price": 58,
            "no_price": 42,
            "taker_side": "yes"
        },
        {
            "trade_id": "7bfdb02b-2a4f-4346-96e0-7177a5cce496",
            "ticker": "KXHIGHDEN-25APR25-T54",
            "count": 2,
            "created_time": "2025-04-25T16:27:19.312322Z",
            "yes_price": 58,
            "no_price": 42,
            "taker_side": "yes"
        },
        {
            "trade_id": "75ab1a8d-8deb-4490-b37d-599302900176",
            "ticker": "KXHIGHDEN-25APR25-T54",
            "count": 5,
            "created_time": "2025-04-25T16:27:04.283572Z",
            "yes_price": 58,
            "no_price": 42,
            "taker_side": "yes"
        },
        {
            "trade_id": "47ef73d0-9cdd-4036-82d6-a4d9344ebcb7",
            "ticker": "KXHIGHDEN-25APR25-T54",
            "count": 87,
            "created_time": "2025-04-25T16:26:36.334557Z",
            "yes_price": 58,
            "no_price": 42,
            "taker_side": "yes"
        },
        {
            "trade_id": "fdc18967-ca48-41da-a730-52cf739236a5",
            "ticker": "KXHIGHDEN-25APR25-T54",
            "count": 39,
            "created_time": "2025-04-25T16:24:54.980409Z",
            "yes_price": 57,
            "no_price": 43,
            "taker_side": "yes"
        },
        {
            "trade_id": "4754c2bf-315a-4283-85e3-708e98ccf22a",
            "ticker": "KXHIGHDEN-25APR25-T54",
            "count": 46,
            "created_time": "2025-04-25T16:24:48.462531Z",
            "yes_price": 57,
            "no_price": 43,
            "taker_side": "yes"
        },
        {
            "trade_id": "5d73479b-73e3-441f-a76c-cb2a9bc15f6c",
            "ticker": "KXHIGHDEN-25APR25-T54",
            "count": 213,
            "created_time": "2025-04-25T16:24:14.85919Z",
            "yes_price": 59,
            "no_price": 41,
            "taker_side": "yes"
        },
        {
            "trade_id": "4d06d5e1-4864-4ccf-8cbb-a5924f5904d2",
            "ticker": "KXHIGHDEN-25APR25-T54",
            "count": 85,
            "created_time": "2025-04-25T16:24:14.85919Z",
            "yes_price": 57,
            "no_price": 43,
            "taker_side": "yes"
        },
        {
            "trade_id": "371d7ce7-527d-44a5-bf86-76810b8f60c7",
            "ticker": "KXHIGHDEN-25APR25-T54",
            "count": 2,
            "created_time": "2025-04-25T16:24:14.85919Z",
            "yes_price": 57,
            "no_price": 43,
            "taker_side": "yes"
        },
        {
            "trade_id": "7e12411a-90d0-4bc8-9627-3efdb8151d53",
            "ticker": "KXHIGHDEN-25APR25-T54",
            "count": 15,
            "created_time": "2025-04-25T16:17:24.853834Z",
            "yes_price": 57,
            "no_price": 43,
            "taker_side": "yes"
        },
        {
            "trade_id": "c2f65110-e591-401f-83ed-8040f934aef4",
            "ticker": "KXHIGHDEN-25APR25-T54",
            "count": 107,
            "created_time": "2025-04-25T16:16:19.148721Z",
            "yes_price": 56,
            "no_price": 44,
            "taker_side": "yes"
        },
        {
            "trade_id": "f2788a78-ba36-493b-9321-7b85794e6960",
            "ticker": "KXHIGHDEN-25APR25-T54",
            "count": 5,
            "created_time": "2025-04-25T16:12:39.856179Z",
            "yes_price": 55,
            "no_price": 45,
            "taker_side": "no"
        },
        {
            "trade_id": "c2f461c1-8488-4aec-9de9-13d2ca68c449",
            "ticker": "KXHIGHDEN-25APR25-T54",
            "count": 14,
            "created_time": "2025-04-25T16:12:26.347334Z",
            "yes_price": 56,
            "no_price": 44,
            "taker_side": "yes"
        },
        {
            "trade_id": "3339fec6-aa56-4a3f-a5cc-fcf5aafe055a",
            "ticker": "KXHIGHDEN-25APR25-T54",
            "count": 4,
            "created_time": "2025-04-25T16:11:16.609021Z",
            "yes_price": 55,
            "no_price": 45,
            "taker_side": "yes"
        },
        {
            "trade_id": "e22e97a6-7f19-4363-b1b7-5d8d73e1d941",
            "ticker": "KXHIGHDEN-25APR25-T54",
            "count": 98,
            "created_time": "2025-04-25T16:06:51.545472Z",
            "yes_price": 55,
            "no_price": 45,
            "taker_side": "yes"
        },
        {
            "trade_id": "14758f99-a04f-4f72-b7f3-a83eac32a741",
            "ticker": "KXHIGHDEN-25APR25-T54",
            "count": 2,
            "created_time": "2025-04-25T16:06:51.545472Z",
            "yes_price": 54,
            "no_price": 46,
            "taker_side": "yes"
        },
        {
            "trade_id": "43c045f7-ee80-4d19-a3db-da563c0a4c8d",
            "ticker": "KXHIGHDEN-25APR25-T54",
            "count": 20,
            "created_time": "2025-04-25T16:00:26.69165Z",
            "yes_price": 52,
            "no_price": 48,
            "taker_side": "no"
        },
        {
            "trade_id": "dfb20fb1-835f-43da-9583-db6b30350adb",
            "ticker": "KXHIGHDEN-25APR25-T54",
            "count": 1,
            "created_time": "2025-04-25T15:59:51.703179Z",
            "yes_price": 54,
            "no_price": 46,
            "taker_side": "yes"
        },
        {
            "trade_id": "d16e6d7b-c21e-4eb4-8da3-8a82c6be1da5",
            "ticker": "KXHIGHDEN-25APR25-T54",
            "count": 16,
            "created_time": "2025-04-25T15:59:51.703179Z",
            "yes_price": 54,
            "no_price": 46,
            "taker_side": "yes"
        },
        {
            "trade_id": "c365d35e-8aaa-4207-acc0-02dab5549e9f",
            "ticker": "KXHIGHDEN-25APR25-T54",
            "count": 94,
            "created_time": "2025-04-25T15:59:51.703179Z",
            "yes_price": 54,
            "no_price": 46,
            "taker_side": "yes"
        },
        {
            "trade_id": "7852e3e2-466f-4a49-b811-e556a24c3799",
            "ticker": "KXHIGHDEN-25APR25-T54",
            "count": 2,
            "created_time": "2025-04-25T15:59:51.703179Z",
            "yes_price": 53,
            "no_price": 47,
            "taker_side": "yes"
        },
        {
            "trade_id": "275229e6-0003-4c80-ae74-eee309b5bdd1",
            "ticker": "KXHIGHDEN-25APR25-T54",
            "count": 5,
            "created_time": "2025-04-25T15:59:51.703179Z",
            "yes_price": 53,
            "no_price": 47,
            "taker_side": "yes"
        },
        {
            "trade_id": "b9220bec-61c8-4cf4-8259-1eed56d91d10",
            "ticker": "KXHIGHDEN-25APR25-T54",
            "count": 2,
            "created_time": "2025-04-25T15:59:39.040205Z",
            "yes_price": 52,
            "no_price": 48,
            "taker_side": "yes"
        },
        {
            "trade_id": "8cb0df82-907d-43dd-a362-4c433b942017",
            "ticker": "KXHIGHDEN-25APR25-T54",
            "count": 1,
            "created_time": "2025-04-25T15:59:39.040205Z",
            "yes_price": 51,
            "no_price": 49,
            "taker_side": "yes"
        },
        {
            "trade_id": "0cc05277-b72d-4fe6-b4d5-41f94e2a9574",
            "ticker": "KXHIGHDEN-25APR25-T54",
            "count": 1,
            "created_time": "2025-04-25T15:59:39.040205Z",
            "yes_price": 50,
            "no_price": 50,
            "taker_side": "yes"
        },
        {
            "trade_id": "a9159c27-1656-493b-8496-c9cd3f8e3abc",
            "ticker": "KXHIGHDEN-25APR25-T54",
            "count": 16,
            "created_time": "2025-04-25T15:55:31.473446Z",
            "yes_price": 48,
            "no_price": 52,
            "taker_side": "no"
        },
        {
            "trade_id": "a2cc69b8-a544-4fb6-86d3-790185491963",
            "ticker": "KXHIGHDEN-25APR25-T54",
            "count": 2,
            "created_time": "2025-04-25T15:55:31.473446Z",
            "yes_price": 49,
            "no_price": 51,
            "taker_side": "no"
        },
        {
            "trade_id": "1a1f64aa-cc18-4829-a1b8-b9f40b28ff3d",
            "ticker": "KXHIGHDEN-25APR25-T54",
            "count": 1,
            "created_time": "2025-04-25T15:55:31.473446Z",
            "yes_price": 51,
            "no_price": 49,
            "taker_side": "no"
        },
        {
            "trade_id": "0e6050a2-209e-429b-8667-e2703b478b22",
            "ticker": "KXHIGHDEN-25APR25-T54",
            "count": 1,
            "created_time": "2025-04-25T15:55:31.473446Z",
            "yes_price": 50,
            "no_price": 50,
            "taker_side": "no"
        },
        {
            "trade_id": "d04c942e-3e93-4dcd-8444-d5159f5f6f1e",
            "ticker": "KXHIGHDEN-25APR25-T54",
            "count": 42,
            "created_time": "2025-04-25T15:49:59.810625Z",
            "yes_price": 47,
            "no_price": 53,
            "taker_side": "no"
        },
        {
            "trade_id": "81d2d775-ca1b-4ac0-b1ff-54b3e94dd67c",
            "ticker": "KXHIGHDEN-25APR25-T54",
            "count": 25,
            "created_time": "2025-04-25T15:49:59.810625Z",
            "yes_price": 49,
            "no_price": 51,
            "taker_side": "no"
        },
        {
            "trade_id": "6a96e2d9-f467-4bdd-ad76-02db20d89a53",
            "ticker": "KXHIGHDEN-25APR25-T54",
            "count": 5,
            "created_time": "2025-04-25T15:49:59.810625Z",
            "yes_price": 48,
            "no_price": 52,
            "taker_side": "no"
        },
        {
            "trade_id": "675f4143-5990-4419-b8b5-e6b5bde00c33",
            "ticker": "KXHIGHDEN-25APR25-T54",
            "count": 2,
            "created_time": "2025-04-25T15:49:59.810625Z",
            "yes_price": 49,
            "no_price": 51,
            "taker_side": "no"
        },
        {
            "trade_id": "4ec56a20-558d-482d-affe-4fb63114f527",
            "ticker": "KXHIGHDEN-25APR25-T54",
            "count": 1,
            "created_time": "2025-04-25T15:49:59.810625Z",
            "yes_price": 49,
            "no_price": 51,
            "taker_side": "no"
        },
        {
            "trade_id": "a5dddd74-d452-4c0b-9b35-e09e612c24e9",
            "ticker": "KXHIGHDEN-25APR25-T54",
            "count": 2,
            "created_time": "2025-04-25T15:49:53.236979Z",
            "yes_price": 53,
            "no_price": 47,
            "taker_side": "yes"
        },
        {
            "trade_id": "a5c691a0-91c7-4bc5-a4c7-a28db06ff4c2",
            "ticker": "KXHIGHDEN-25APR25-T54",
            "count": 1,
            "created_time": "2025-04-25T15:49:53.236979Z",
            "yes_price": 54,
            "no_price": 46,
            "taker_side": "yes"
        },
        {
            "trade_id": "977e4298-5fe4-4368-baad-7df4a3de1f9b",
            "ticker": "KXHIGHDEN-25APR25-T54",
            "count": 2,
            "created_time": "2025-04-25T15:49:53.236979Z",
            "yes_price": 52,
            "no_price": 48,
            "taker_side": "yes"
        },
        {
            "trade_id": "61fc3ce5-0150-4077-add4-e7db343ba89c",
            "ticker": "KXHIGHDEN-25APR25-T54",
            "count": 18,
            "created_time": "2025-04-25T15:38:29.038781Z",
            "yes_price": 53,
            "no_price": 47,
            "taker_side": "yes"
        },
        {
            "trade_id": "d670d1f9-807a-4782-a397-7cac31f4eb3e",
            "ticker": "KXHIGHDEN-25APR25-T54",
            "count": 1,
            "created_time": "2025-04-25T15:38:16.878323Z",
            "yes_price": 50,
            "no_price": 50,
            "taker_side": "no"
        },
        {
            "trade_id": "8e41d289-cc78-4315-9a51-7aebd5f4362d",
            "ticker": "KXHIGHDEN-25APR25-T54",
            "count": 43,
            "created_time": "2025-04-25T15:38:16.878323Z",
            "yes_price": 49,
            "no_price": 51,
            "taker_side": "no"
        },
        {
            "trade_id": "24c71ca9-99eb-4103-8dcc-980a053e663f",
            "ticker": "KXHIGHDEN-25APR25-T54",
            "count": 2,
            "created_time": "2025-04-25T15:38:16.878323Z",
            "yes_price": 51,
            "no_price": 49,
            "taker_side": "no"
        },
        {
            "trade_id": "22e38c3b-9db7-41b9-9b49-500a47ca09e6",
            "ticker": "KXHIGHDEN-25APR25-T54",
            "count": 1,
            "created_time": "2025-04-25T15:38:16.878323Z",
            "yes_price": 52,
            "no_price": 48,
            "taker_side": "no"
        },
        {
            "trade_id": "fcdbdae6-00f1-411d-82d8-149923ddd359",
            "ticker": "KXHIGHDEN-25APR25-T54",
            "count": 36,
            "created_time": "2025-04-25T15:19:31.264523Z",
            "yes_price": 51,
            "no_price": 49,
            "taker_side": "no"
        },
        {
            "trade_id": "9b5dcec2-1a6e-427d-8778-2a97e4d6addb",
            "ticker": "KXHIGHDEN-25APR25-T54",
            "count": 78,
            "created_time": "2025-04-25T15:19:31.264523Z",
            "yes_price": 53,
            "no_price": 47,
            "taker_side": "no"
        },
        {
            "trade_id": "5e6adfc1-d3c1-4fd4-942a-dad020c437cd",
            "ticker": "KXHIGHDEN-25APR25-T54",
            "count": 145,
            "created_time": "2025-04-25T15:19:31.264523Z",
            "yes_price": 51,
            "no_price": 49,
            "taker_side": "no"
        },
        {
            "trade_id": "53a7148e-ff8c-46fe-9b0a-9ea10331a9d3",
            "ticker": "KXHIGHDEN-25APR25-T54",
            "count": 39,
            "created_time": "2025-04-25T15:19:31.264523Z",
            "yes_price": 51,
            "no_price": 49,
            "taker_side": "no"
        },
        {
            "trade_id": "2b63e721-3ba1-45c5-b604-874ec86702ea",
            "ticker": "KXHIGHDEN-25APR25-T54",
            "count": 2,
            "created_time": "2025-04-25T15:19:31.264523Z",
            "yes_price": 53,
            "no_price": 47,
            "taker_side": "no"
        },
        {
            "trade_id": "3981ce78-8dfb-46f2-8fcc-10a534a2dae9",
            "ticker": "KXHIGHDEN-25APR25-T54",
            "count": 3,
            "created_time": "2025-04-25T15:17:06.810006Z",
            "yes_price": 53,
            "no_price": 47,
            "taker_side": "no"
        },
        {
            "trade_id": "505e9078-d66b-48e9-b84e-7a7563f7fb40",
            "ticker": "KXHIGHDEN-25APR25-T54",
            "count": 2,
            "created_time": "2025-04-25T15:15:51.039187Z",
            "yes_price": 53,
            "no_price": 47,
            "taker_side": "no"
        },
        {
            "trade_id": "e122fc4c-8581-4d0f-8413-d4261158514c",
            "ticker": "KXHIGHDEN-25APR25-T54",
            "count": 6,
            "created_time": "2025-04-25T15:13:24.627998Z",
            "yes_price": 51,
            "no_price": 49,
            "taker_side": "no"
        },
        {
            "trade_id": "6a083268-7a6f-4c8d-b297-2985237d5bc7",
            "ticker": "KXHIGHDEN-25APR25-T54",
            "count": 7,
            "created_time": "2025-04-25T15:12:05.775391Z",
            "yes_price": 51,
            "no_price": 49,
            "taker_side": "no"
        },
        {
            "trade_id": "ef18c055-d62b-47fc-8e17-e55982666329",
            "ticker": "KXHIGHDEN-25APR25-T54",
            "count": 1,
            "created_time": "2025-04-25T15:11:20.059592Z",
            "yes_price": 51,
            "no_price": 49,
            "taker_side": "no"
        },
        {
            "trade_id": "4a4724a9-3ef3-4bb3-868b-b1918e14b0f8",
            "ticker": "KXHIGHDEN-25APR25-T54",
            "count": 1,
            "created_time": "2025-04-25T15:11:20.059592Z",
            "yes_price": 51,
            "no_price": 49,
            "taker_side": "no"
        },
        {
            "trade_id": "11a3c3e8-8fea-4eb5-b5e6-c33ffbe725ef",
            "ticker": "KXHIGHDEN-25APR25-T54",
            "count": 1,
            "created_time": "2025-04-25T15:10:56.775414Z",
            "yes_price": 51,
            "no_price": 49,
            "taker_side": "no"
        },
        {
            "trade_id": "6eb533c9-e1b2-434a-a2f3-466bf169c070",
            "ticker": "KXHIGHDEN-25APR25-T54",
            "count": 2,
            "created_time": "2025-04-25T15:10:56.146598Z",
            "yes_price": 52,
            "no_price": 48,
            "taker_side": "no"
        },
        {
            "trade_id": "a1327a6d-5c08-4077-b244-c85af2628bfe",
            "ticker": "KXHIGHDEN-25APR25-T54",
            "count": 1,
            "created_time": "2025-04-25T15:10:56.125883Z",
            "yes_price": 53,
            "no_price": 47,
            "taker_side": "no"
        },
        {
            "trade_id": "d08d674a-880d-49de-87de-ea9ec5a3f9f6",
            "ticker": "KXHIGHDEN-25APR25-T54",
            "count": 1,
            "created_time": "2025-04-25T15:10:55.516768Z",
            "yes_price": 53,
            "no_price": 47,
            "taker_side": "no"
        },
        {
            "trade_id": "d7fa9683-0b4e-466d-9762-bd6fe9953933",
            "ticker": "KXHIGHDEN-25APR25-T54",
            "count": 1,
            "created_time": "2025-04-25T15:10:55.485148Z",
            "yes_price": 54,
            "no_price": 46,
            "taker_side": "no"
        },
        {
            "trade_id": "dc899154-9fe0-454e-8b61-bca3143179a3",
            "ticker": "KXHIGHDEN-25APR25-T54",
            "count": 10,
            "created_time": "2025-04-25T15:09:09.24631Z",
            "yes_price": 51,
            "no_price": 49,
            "taker_side": "no"
        },
        {
            "trade_id": "b7d219df-167c-4616-b609-5e29eb3af81b",
            "ticker": "KXHIGHDEN-25APR25-T54",
            "count": 40,
            "created_time": "2025-04-25T15:09:09.24631Z",
            "yes_price": 51,
            "no_price": 49,
            "taker_side": "no"
        },
        {
            "trade_id": "2ae84c39-1778-43a2-9869-b0ec341e4a56",
            "ticker": "KXHIGHDEN-25APR25-T54",
            "count": 17,
            "created_time": "2025-04-25T15:06:18.081705Z",
            "yes_price": 51,
            "no_price": 49,
            "taker_side": "no"
        },
        {
            "trade_id": "b202156f-c43e-4450-aed6-c48a453c7474",
            "ticker": "KXHIGHDEN-25APR25-T54",
            "count": 4,
            "created_time": "2025-04-25T15:06:07.94982Z",
            "yes_price": 52,
            "no_price": 48,
            "taker_side": "no"
        },
        {
            "trade_id": "3d6880b7-54cd-4d4c-8c91-0880bb63c80e",
            "ticker": "KXHIGHDEN-25APR25-T54",
            "count": 1,
            "created_time": "2025-04-25T15:06:07.94982Z",
            "yes_price": 52,
            "no_price": 48,
            "taker_side": "no"
        },
        {
            "trade_id": "9c7a41e8-83c1-4957-9055-7c14ccfe9566",
            "ticker": "KXHIGHDEN-25APR25-T54",
            "count": 1,
            "created_time": "2025-04-25T15:05:27.789232Z",
            "yes_price": 52,
            "no_price": 48,
            "taker_side": "no"
        },
        {
            "trade_id": "e5158945-124d-43d3-a79d-3a3c8147d8ac",
            "ticker": "KXHIGHDEN-25APR25-T54",
            "count": 5,
            "created_time": "2025-04-25T15:02:34.815999Z",
            "yes_price": 55,
            "no_price": 45,
            "taker_side": "yes"
        },
        {
            "trade_id": "e1dec484-d700-4610-9321-52d7855f3dde",
            "ticker": "KXHIGHDEN-25APR25-T54",
            "count": 2,
            "created_time": "2025-04-25T15:02:34.815999Z",
            "yes_price": 54,
            "no_price": 46,
            "taker_side": "yes"
        },
        {
            "trade_id": "8863f0d5-f6ed-4eb2-a036-1c67cc5ec203",
            "ticker": "KXHIGHDEN-25APR25-T54",
            "count": 100,
            "created_time": "2025-04-25T15:02:34.815999Z",
            "yes_price": 56,
            "no_price": 44,
            "taker_side": "yes"
        },
        {
            "trade_id": "7ad2743e-133d-4631-b56a-91e162779991",
            "ticker": "KXHIGHDEN-25APR25-T54",
            "count": 1,
            "created_time": "2025-04-25T15:02:34.815999Z",
            "yes_price": 53,
            "no_price": 47,
            "taker_side": "yes"
        },
        {
            "trade_id": "5c67ae6a-d2f5-4e56-9592-4cd276ae3778",
            "ticker": "KXHIGHDEN-25APR25-T54",
            "count": 240,
            "created_time": "2025-04-25T15:02:34.815999Z",
            "yes_price": 56,
            "no_price": 44,
            "taker_side": "yes"
        },
        {
            "trade_id": "398b9762-26c5-4657-b716-b1a00924035b",
            "ticker": "KXHIGHDEN-25APR25-T54",
            "count": 206,
            "created_time": "2025-04-25T15:02:34.815999Z",
            "yes_price": 55,
            "no_price": 45,
            "taker_side": "yes"
        },
        {
            "trade_id": "14287388-778b-446d-b99c-1bcb85100f8a",
            "ticker": "KXHIGHDEN-25APR25-T54",
            "count": 50,
            "created_time": "2025-04-25T15:02:34.815999Z",
            "yes_price": 56,
            "no_price": 44,
            "taker_side": "yes"
        },
        {
            "trade_id": "3878753d-cb34-40d1-8fc7-a7d59da59705",
            "ticker": "KXHIGHDEN-25APR25-T54",
            "count": 1,
            "created_time": "2025-04-25T15:00:54.850558Z",
            "yes_price": 52,
            "no_price": 48,
            "taker_side": "no"
        },
        {
            "trade_id": "9b535ff8-02e7-4a2d-877d-25f52bf69987",
            "ticker": "KXHIGHDEN-25APR25-T54",
            "count": 91,
            "created_time": "2025-04-25T14:59:26.792132Z",
            "yes_price": 54,
            "no_price": 46,
            "taker_side": "yes"
        },
        {
            "trade_id": "82a7e401-8329-47e2-b535-4c0277f0ede9",
            "ticker": "KXHIGHDEN-25APR25-T54",
            "count": 1,
            "created_time": "2025-04-25T14:59:26.792132Z",
            "yes_price": 52,
            "no_price": 48,
            "taker_side": "yes"
        },
        {
            "trade_id": "3dc941e4-2d8b-458e-a270-2dcfbd5a31d8",
            "ticker": "KXHIGHDEN-25APR25-T54",
            "count": 149,
            "created_time": "2025-04-25T14:59:26.792132Z",
            "yes_price": 55,
            "no_price": 45,
            "taker_side": "yes"
        },
        {
            "trade_id": "3d36e53c-6770-4a93-997b-006aa3cb5093",
            "ticker": "KXHIGHDEN-25APR25-T54",
            "count": 5,
            "created_time": "2025-04-25T14:59:26.792132Z",
            "yes_price": 53,
            "no_price": 47,
            "taker_side": "yes"
        },
        {
            "trade_id": "1e88aaa5-20b7-4647-96e4-07bd7c4514ba",
            "ticker": "KXHIGHDEN-25APR25-T54",
            "count": 2,
            "created_time": "2025-04-25T14:59:26.792132Z",
            "yes_price": 53,
            "no_price": 47,
            "taker_side": "yes"
        },
        {
            "trade_id": "14c14634-f196-412d-93d7-a9e553c05237",
            "ticker": "KXHIGHDEN-25APR25-T54",
            "count": 1,
            "created_time": "2025-04-25T14:58:46.986673Z",
            "yes_price": 51,
            "no_price": 49,
            "taker_side": "yes"
        },
        {
            "trade_id": "d6f1fe27-625a-4283-9fc4-19c6b97a58c5",
            "ticker": "KXHIGHDEN-25APR25-T54",
            "count": 30,
            "created_time": "2025-04-25T14:57:45.160559Z",
            "yes_price": 47,
            "no_price": 53,
            "taker_side": "no"
        },
        {
            "trade_id": "af110a76-a842-49a1-a5ed-8f049e2f9c4a",
            "ticker": "KXHIGHDEN-25APR25-T54",
            "count": 1,
            "created_time": "2025-04-25T14:57:45.160559Z",
            "yes_price": 51,
            "no_price": 49,
            "taker_side": "no"
        },
        {
            "trade_id": "933687aa-079d-42f3-99f7-75e22612cb1a",
            "ticker": "KXHIGHDEN-25APR25-T54",
            "count": 38,
            "created_time": "2025-04-25T14:57:45.160559Z",
            "yes_price": 49,
            "no_price": 51,
            "taker_side": "no"
        },
        {
            "trade_id": "71284829-1bde-4815-91bf-d24aecf928ca",
            "ticker": "KXHIGHDEN-25APR25-T54",
            "count": 2,
            "created_time": "2025-04-25T14:57:45.160559Z",
            "yes_price": 50,
            "no_price": 50,
            "taker_side": "no"
        },
        {
            "trade_id": "1823bfcc-8811-4ee7-a4b9-c8bfb0c4a011",
            "ticker": "KXHIGHDEN-25APR25-T54",
            "count": 100,
            "created_time": "2025-04-25T14:57:45.160559Z",
            "yes_price": 50,
            "no_price": 50,
            "taker_side": "no"
        },
        {
            "trade_id": "f78f2c81-2ebd-41c3-a892-48309bf18c32",
            "ticker": "KXHIGHDEN-25APR25-T54",
            "count": 9,
            "created_time": "2025-04-25T14:53:56.704035Z",
            "yes_price": 53,
            "no_price": 47,
            "taker_side": "yes"
        },
        {
            "trade_id": "16eeb9a6-d648-4cfa-b820-e9f7daf40105",
            "ticker": "KXHIGHDEN-25APR25-T54",
            "count": 1,
            "created_time": "2025-04-25T14:53:41.309605Z",
            "yes_price": 52,
            "no_price": 48,
            "taker_side": "no"
        },
        {
            "trade_id": "27118ea5-ed05-41d2-b0c2-884adf07987a",
            "ticker": "KXHIGHDEN-25APR25-T54",
            "count": 1,
            "created_time": "2025-04-25T14:50:13.547269Z",
            "yes_price": 53,
            "no_price": 47,
            "taker_side": "yes"
        },
        {
            "trade_id": "9f438d33-eada-43c7-9a29-2d6c5b40ba5f",
            "ticker": "KXHIGHDEN-25APR25-T54",
            "count": 20,
            "created_time": "2025-04-25T14:48:20.584611Z",
            "yes_price": 51,
            "no_price": 49,
            "taker_side": "no"
        },
        {
            "trade_id": "f3181637-e0d0-4d61-ba90-0aeee5239f26",
            "ticker": "KXHIGHDEN-25APR25-T54",
            "count": 3,
            "created_time": "2025-04-25T14:44:39.566966Z",
            "yes_price": 52,
            "no_price": 48,
            "taker_side": "no"
        },
        {
            "trade_id": "f2256584-b42a-41c6-9e7d-dd108fee5762",
            "ticker": "KXHIGHDEN-25APR25-T54",
            "count": 2,
            "created_time": "2025-04-25T14:44:25.384269Z",
            "yes_price": 52,
            "no_price": 48,
            "taker_side": "no"
        },
        {
            "trade_id": "fa41f649-9993-44fc-b77f-bfcc2b6b953c",
            "ticker": "KXHIGHDEN-25APR25-T54",
            "count": 4,
            "created_time": "2025-04-25T14:43:51.721361Z",
            "yes_price": 52,
            "no_price": 48,
            "taker_side": "no"
        },
        {
            "trade_id": "66df0d68-2bb7-4efb-a5e2-1d818b57c040",
            "ticker": "KXHIGHDEN-25APR25-T54",
            "count": 2,
            "created_time": "2025-04-25T14:43:44.75482Z",
            "yes_price": 52,
            "no_price": 48,
            "taker_side": "no"
        },
        {
            "trade_id": "e74a45b7-7896-49c5-8354-bd242dca7fba",
            "ticker": "KXHIGHDEN-25APR25-T54",
            "count": 1,
            "created_time": "2025-04-25T14:41:40.626281Z",
            "yes_price": 51,
            "no_price": 49,
            "taker_side": "no"
        },
        {
            "trade_id": "70c16715-562d-4aa6-9a06-3f6ecbb5e483",
            "ticker": "KXHIGHDEN-25APR25-T54",
            "count": 2,
            "created_time": "2025-04-25T14:41:40.20774Z",
            "yes_price": 51,
            "no_price": 49,
            "taker_side": "no"
        },
        {
            "trade_id": "b3653248-3d49-44cd-a50a-f3da687d15d4",
            "ticker": "KXHIGHDEN-25APR25-T54",
            "count": 51,
            "created_time": "2025-04-25T14:40:02.589682Z",
            "yes_price": 52,
            "no_price": 48,
            "taker_side": "no"
        },
        {
            "trade_id": "b0915062-c756-4425-bbc3-f89e4001ed54",
            "ticker": "KXHIGHDEN-25APR25-T54",
            "count": 2,
            "created_time": "2025-04-25T14:40:02.589682Z",
            "yes_price": 52,
            "no_price": 48,
            "taker_side": "no"
        },
        {
            "trade_id": "5689f4f2-4936-4d7a-a964-1d812b2689bf",
            "ticker": "KXHIGHDEN-25APR25-T54",
            "count": 30,
            "created_time": "2025-04-25T14:40:02.589682Z",
            "yes_price": 52,
            "no_price": 48,
            "taker_side": "no"
        },
        {
            "trade_id": "4281af2e-37bf-4c87-92e6-278efe246ba3",
            "ticker": "KXHIGHDEN-25APR25-T54",
            "count": 2,
            "created_time": "2025-04-25T14:40:02.589682Z",
            "yes_price": 52,
            "no_price": 48,
            "taker_side": "no"
        },
        {
            "trade_id": "22cc5654-0406-439b-a1e6-17ee85eebf49",
            "ticker": "KXHIGHDEN-25APR25-T54",
            "count": 2,
            "created_time": "2025-04-25T14:40:02.589682Z",
            "yes_price": 53,
            "no_price": 47,
            "taker_side": "no"
        },
        {
            "trade_id": "a40a3070-1ebd-40fd-8535-5b25a9037733",
            "ticker": "KXHIGHDEN-25APR25-T54",
            "count": 2,
            "created_time": "2025-04-25T14:38:42.258377Z",
            "yes_price": 54,
            "no_price": 46,
            "taker_side": "no"
        },
        {
            "trade_id": "105e05da-4e8d-457d-9686-1b35df4c50e7",
            "ticker": "KXHIGHDEN-25APR25-T54",
            "count": 2,
            "created_time": "2025-04-25T14:38:40.756291Z",
            "yes_price": 55,
            "no_price": 45,
            "taker_side": "no"
        },
        {
            "trade_id": "04900db5-9b20-4562-adfd-74627b7bd86d",
            "ticker": "KXHIGHDEN-25APR25-T54",
            "count": 1,
            "created_time": "2025-04-25T14:38:40.701767Z",
            "yes_price": 56,
            "no_price": 44,
            "taker_side": "no"
        },
        {
            "trade_id": "c6937947-3074-4a0a-92d1-a2b7e1d6aa4c",
            "ticker": "KXHIGHDEN-25APR25-T54",
            "count": 2,
            "created_time": "2025-04-25T14:37:14.028925Z",
            "yes_price": 56,
            "no_price": 44,
            "taker_side": "yes"
        },
        {
            "trade_id": "a9c37d71-b51a-49e8-b345-ad5cf01b2be6",
            "ticker": "KXHIGHDEN-25APR25-T54",
            "count": 1,
            "created_time": "2025-04-25T14:37:14.028925Z",
            "yes_price": 54,
            "no_price": 46,
            "taker_side": "yes"
        },
        {
            "trade_id": "8bd575ab-c033-4c52-a01b-80adefd0878c",
            "ticker": "KXHIGHDEN-25APR25-T54",
            "count": 32,
            "created_time": "2025-04-25T14:37:14.028925Z",
            "yes_price": 57,
            "no_price": 43,
            "taker_side": "yes"
        },
        {
            "trade_id": "88cb90dd-fe70-42e2-b396-cb282719ac5f",
            "ticker": "KXHIGHDEN-25APR25-T54",
            "count": 2,
            "created_time": "2025-04-25T14:37:14.028925Z",
            "yes_price": 55,
            "no_price": 45,
            "taker_side": "yes"
        },
        {
            "trade_id": "715b7a46-1616-4a06-b4b5-0840d716e51b",
            "ticker": "KXHIGHDEN-25APR25-T54",
            "count": 3,
            "created_time": "2025-04-25T14:37:14.028925Z",
            "yes_price": 57,
            "no_price": 43,
            "taker_side": "yes"
        },
        {
            "trade_id": "62ef3cc9-a503-4b14-926d-d247da42604d",
            "ticker": "KXHIGHDEN-25APR25-T54",
            "count": 18,
            "created_time": "2025-04-25T14:37:14.028925Z",
            "yes_price": 57,
            "no_price": 43,
            "taker_side": "yes"
        },
        {
            "trade_id": "551ea5cf-d009-4990-90a0-0badcc515c3f",
            "ticker": "KXHIGHDEN-25APR25-T54",
            "count": 2,
            "created_time": "2025-04-25T14:37:14.028925Z",
            "yes_price": 57,
            "no_price": 43,
            "taker_side": "yes"
        },
        {
            "trade_id": "28bbb531-94ff-4d0d-9507-70f427806469",
            "ticker": "KXHIGHDEN-25APR25-T54",
            "count": 2,
            "created_time": "2025-04-25T14:35:34.191935Z",
            "yes_price": 53,
            "no_price": 47,
            "taker_side": "no"
        },
        {
            "trade_id": "e088164b-3f45-4ff7-b767-98ca1f0a6d52",
            "ticker": "KXHIGHDEN-25APR25-T54",
            "count": 1,
            "created_time": "2025-04-25T14:35:16.633678Z",
            "yes_price": 53,
            "no_price": 47,
            "taker_side": "no"
        },
        {
            "trade_id": "d2999a4a-0403-4675-b514-e358e97787ca",
            "ticker": "KXHIGHDEN-25APR25-T54",
            "count": 3,
            "created_time": "2025-04-25T14:35:16.633678Z",
            "yes_price": 58,
            "no_price": 42,
            "taker_side": "no"
        },
        {
            "trade_id": "7d6d77a3-55ea-4564-9548-e3e47f2e562c",
            "ticker": "KXHIGHDEN-25APR25-T54",
            "count": 7,
            "created_time": "2025-04-25T14:35:16.633678Z",
            "yes_price": 54,
            "no_price": 46,
            "taker_side": "no"
        },
        {
            "trade_id": "7c742fa9-f792-46a1-b4d4-5107a554beac",
            "ticker": "KXHIGHDEN-25APR25-T54",
            "count": 2,
            "created_time": "2025-04-25T14:35:16.633678Z",
            "yes_price": 54,
            "no_price": 46,
            "taker_side": "no"
        },
        {
            "trade_id": "5eaf1839-11e4-4a2b-a690-09c7438a7f52",
            "ticker": "KXHIGHDEN-25APR25-T54",
            "count": 96,
            "created_time": "2025-04-25T14:35:16.633678Z",
            "yes_price": 51,
            "no_price": 49,
            "taker_side": "no"
        },
        {
            "trade_id": "2ac39ece-157b-44c5-87f5-678e350fc79c",
            "ticker": "KXHIGHDEN-25APR25-T54",
            "count": 2,
            "created_time": "2025-04-25T14:35:16.633678Z",
            "yes_price": 55,
            "no_price": 45,
            "taker_side": "no"
        },
        {
            "trade_id": "20abc054-9d6f-4f9d-b35d-8e962fc1a469",
            "ticker": "KXHIGHDEN-25APR25-T54",
            "count": 85,
            "created_time": "2025-04-25T14:35:16.633678Z",
            "yes_price": 53,
            "no_price": 47,
            "taker_side": "no"
        },
        {
            "trade_id": "149aacc8-f9d8-4afc-ba76-1372a58af8ad",
            "ticker": "KXHIGHDEN-25APR25-T54",
            "count": 2,
            "created_time": "2025-04-25T14:35:16.633678Z",
            "yes_price": 56,
            "no_price": 44,
            "taker_side": "no"
        },
        {
            "trade_id": "039ba04b-363a-4e36-acb7-4d735a8b3310",
            "ticker": "KXHIGHDEN-25APR25-T54",
            "count": 2,
            "created_time": "2025-04-25T14:35:16.633678Z",
            "yes_price": 57,
            "no_price": 43,
            "taker_side": "no"
        },
        {
            "trade_id": "a977e6a0-043a-4bef-acbf-f331d4e411ec",
            "ticker": "KXHIGHDEN-25APR25-T54",
            "count": 1,
            "created_time": "2025-04-25T14:30:57.55473Z",
            "yes_price": 59,
            "no_price": 41,
            "taker_side": "no"
        },
        {
            "trade_id": "b1161d16-7dbe-4235-bef9-3e8f1874c811",
            "ticker": "KXHIGHDEN-25APR25-T54",
            "count": 101,
            "created_time": "2025-04-25T14:30:50.806043Z",
            "yes_price": 61,
            "no_price": 39,
            "taker_side": "yes"
        },
        {
            "trade_id": "8346efe4-d529-4bfa-ab03-82e40e8f142b",
            "ticker": "KXHIGHDEN-25APR25-T54",
            "count": 45,
            "created_time": "2025-04-25T14:30:22.735839Z",
            "yes_price": 61,
            "no_price": 39,
            "taker_side": "yes"
        },
        {
            "trade_id": "77290c1a-bfa0-47c1-8777-010a3e7e351d",
            "ticker": "KXHIGHDEN-25APR25-T54",
            "count": 38,
            "created_time": "2025-04-25T14:30:22.735839Z",
            "yes_price": 60,
            "no_price": 40,
            "taker_side": "yes"
        },
        {
            "trade_id": "7006e709-a0b0-4138-8174-9310221b6d47",
            "ticker": "KXHIGHDEN-25APR25-T54",
            "count": 7,
            "created_time": "2025-04-25T14:30:22.735839Z",
            "yes_price": 60,
            "no_price": 40,
            "taker_side": "yes"
        },
        {
            "trade_id": "e78dfcb2-28ec-4a0b-8ec4-e76246beec0c",
            "ticker": "KXHIGHDEN-25APR25-T54",
            "count": 9,
            "created_time": "2025-04-25T14:27:44.943516Z",
            "yes_price": 59,
            "no_price": 41,
            "taker_side": "yes"
        },
        {
            "trade_id": "e6115d19-1d25-43dc-8bc4-9c02f880988f",
            "ticker": "KXHIGHDEN-25APR25-T54",
            "count": 2,
            "created_time": "2025-04-25T14:27:44.943516Z",
            "yes_price": 60,
            "no_price": 40,
            "taker_side": "yes"
        },
        {
            "trade_id": "ccc3d991-7795-4c66-aedd-f4a43f64ae09",
            "ticker": "KXHIGHDEN-25APR25-T54",
            "count": 3,
            "created_time": "2025-04-25T14:27:44.943516Z",
            "yes_price": 59,
            "no_price": 41,
            "taker_side": "yes"
        },
        {
            "trade_id": "af4358c5-a3bc-48dc-8e3d-c126ec32389c",
            "ticker": "KXHIGHDEN-25APR25-T54",
            "count": 50,
            "created_time": "2025-04-25T14:27:44.943516Z",
            "yes_price": 58,
            "no_price": 42,
            "taker_side": "yes"
        },
        {
            "trade_id": "013b2703-9626-462d-9182-75832203996e",
            "ticker": "KXHIGHDEN-25APR25-T54",
            "count": 81,
            "created_time": "2025-04-25T14:27:44.943516Z",
            "yes_price": 61,
            "no_price": 39,
            "taker_side": "yes"
        },
        {
            "trade_id": "8d0a371b-80df-46f4-8597-ff8f98d64c90",
            "ticker": "KXHIGHDEN-25APR25-T54",
            "count": 63,
            "created_time": "2025-04-25T14:25:34.756271Z",
            "yes_price": 59,
            "no_price": 41,
            "taker_side": "no"
        },
        {
            "trade_id": "0444e1f8-f834-4109-a024-baa5fdc78fc8",
            "ticker": "KXHIGHDEN-25APR25-T54",
            "count": 2,
            "created_time": "2025-04-25T14:25:30.584949Z",
            "yes_price": 59,
            "no_price": 41,
            "taker_side": "yes"
        },
        {
            "trade_id": "2c69730b-6bdd-40af-af90-e0d7526a164b",
            "ticker": "KXHIGHDEN-25APR25-T54",
            "count": 2,
            "created_time": "2025-04-25T14:25:21.259056Z",
            "yes_price": 58,
            "no_price": 42,
            "taker_side": "yes"
        },
        {
            "trade_id": "6bf38c30-30ab-4e48-b368-d6a47b6c855b",
            "ticker": "KXHIGHDEN-25APR25-T54",
            "count": 2,
            "created_time": "2025-04-25T14:25:04.096Z",
            "yes_price": 57,
            "no_price": 43,
            "taker_side": "yes"
        },
        {
            "trade_id": "8d95e813-7446-4fd7-9562-6e9e361b1aef",
            "ticker": "KXHIGHDEN-25APR25-T54",
            "count": 2,
            "created_time": "2025-04-25T14:24:55.160068Z",
            "yes_price": 56,
            "no_price": 44,
