{
    "KXHIGHDEN-25FEB27-T55": [
        {
            "trade_id": "d31003c2-3f78-4464-aa37-e5b52a05debb",
            "ticker": "KXHIGHDEN-25FEB27-T55",
            "count": 1,
            "created_time": "2025-02-27T14:49:50.883065Z",
            "yes_price": 1,
            "no_price": 99,
            "taker_side": "no"
        },
        {
            "trade_id": "be98b51c-aa3b-444a-8147-067ec48030aa",
            "ticker": "KXHIGHDEN-25FEB27-T55",
            "count": 33,
            "created_time": "2025-02-27T13:08:26.394661Z",
            "yes_price": 1,
            "no_price": 99,
            "taker_side": "no"
        },
        {
            "trade_id": "aec8d0fc-9839-45c9-88ac-3c532c15299a",
            "ticker": "KXHIGHDEN-25FEB27-T55",
            "count": 28,
            "created_time": "2025-02-27T13:02:19.900784Z",
            "yes_price": 1,
            "no_price": 99,
            "taker_side": "no"
        },
        {
            "trade_id": "13ada9aa-41da-4a14-9ae1-5dadc80a89d2",
            "ticker": "KXHIGHDEN-25FEB27-T55",
            "count": 15,
            "created_time": "2025-02-27T07:48:33.1695Z",
            "yes_price": 1,
            "no_price": 99,
            "taker_side": "no"
        },
        {
            "trade_id": "58374452-94bf-4bce-ab83-bd00ab2cab0f",
            "ticker": "KXHIGHDEN-25FEB27-T55",
            "count": 3,
            "created_time": "2025-02-27T05:51:26.998497Z",
            "yes_price": 1,
            "no_price": 99,
            "taker_side": "no"
        },
        {
            "trade_id": "00af2008-ecc0-4cc6-8bad-9599daf4b1d6",
            "ticker": "KXHIGHDEN-25FEB27-T55",
            "count": 85,
            "created_time": "2025-02-27T05:11:59.948636Z",
            "yes_price": 1,
            "no_price": 99,
            "taker_side": "no"
        },
        {
            "trade_id": "b2c5d0d9-ef2b-472d-ba10-aafaa3433c7d",
            "ticker": "KXHIGHDEN-25FEB27-T55",
            "count": 23,
            "created_time": "2025-02-27T05:11:06.594749Z",
            "yes_price": 1,
            "no_price": 99,
            "taker_side": "no"
        },
        {
            "trade_id": "203f55f6-6510-4d2a-816a-871bfabb56ba",
            "ticker": "KXHIGHDEN-25FEB27-T55",
            "count": 12,
            "created_time": "2025-02-27T04:43:47.738562Z",
            "yes_price": 1,
            "no_price": 99,
            "taker_side": "no"
        },
        {
            "trade_id": "cf209339-00b4-4bff-86cb-74fca774cbd8",
            "ticker": "KXHIGHDEN-25FEB27-T55",
            "count": 67,
            "created_time": "2025-02-27T02:41:53.005783Z",
            "yes_price": 5,
            "no_price": 95,
            "taker_side": "yes"
        },
        {
            "trade_id": "8af859fd-eb43-4d39-bb63-600df289aeba",
            "ticker": "KXHIGHDEN-25FEB27-T55",
            "count": 4,
            "created_time": "2025-02-27T02:41:53.005783Z",
            "yes_price": 5,
            "no_price": 95,
            "taker_side": "yes"
        },
        {
            "trade_id": "26c6433b-5c8e-402f-b646-dcd32464316b",
            "ticker": "KXHIGHDEN-25FEB27-T55",
            "count": 22,
            "created_time": "2025-02-27T02:41:53.005783Z",
            "yes_price": 5,
            "no_price": 95,
            "taker_side": "yes"
        }
    ],
    "KXHIGHDEN-25FEB27-B55.5": [
        {
            "trade_id": "fa566169-3e4a-4404-acaa-3d6f634ca7fe",
            "ticker": "KXHIGHDEN-25FEB27-B55.5",
            "count": 34,
            "created_time": "2025-02-27T13:08:53.138824Z",
            "yes_price": 1,
            "no_price": 99,
            "taker_side": "no"
        },
        {
            "trade_id": "61bdbd27-00c6-4743-bfdd-bf0e11672d9a",
            "ticker": "KXHIGHDEN-25FEB27-B55.5",
            "count": 28,
            "created_time": "2025-02-27T13:02:19.920392Z",
            "yes_price": 1,
            "no_price": 99,
            "taker_side": "no"
        },
        {
            "trade_id": "cf9ff16e-ed56-4781-a5f8-13a6ebe07349",
            "ticker": "KXHIGHDEN-25FEB27-B55.5",
            "count": 15,
            "created_time": "2025-02-27T07:48:33.165573Z",
            "yes_price": 1,
            "no_price": 99,
            "taker_side": "no"
        },
        {
            "trade_id": "fb5c9664-2a9e-4dba-b9a8-203b9f95e2a5",
            "ticker": "KXHIGHDEN-25FEB27-B55.5",
            "count": 3,
            "created_time": "2025-02-27T05:51:26.995437Z",
            "yes_price": 1,
            "no_price": 99,
            "taker_side": "no"
        },
        {
            "trade_id": "b4df20dc-56ed-45d1-aa35-0890231f8b69",
            "ticker": "KXHIGHDEN-25FEB27-B55.5",
            "count": 85,
            "created_time": "2025-02-27T05:11:59.95273Z",
            "yes_price": 1,
            "no_price": 99,
            "taker_side": "no"
        },
        {
            "trade_id": "dd0ade6a-5713-4b44-ba59-79039884af58",
            "ticker": "KXHIGHDEN-25FEB27-B55.5",
            "count": 23,
            "created_time": "2025-02-27T05:11:06.594026Z",
            "yes_price": 1,
            "no_price": 99,
            "taker_side": "no"
        },
        {
            "trade_id": "8242c88c-f45e-40e2-95ee-49f824aee951",
            "ticker": "KXHIGHDEN-25FEB27-B55.5",
            "count": 12,
            "created_time": "2025-02-27T04:43:47.740973Z",
            "yes_price": 1,
            "no_price": 99,
            "taker_side": "no"
        }
    ],
    "KXHIGHDEN-25FEB27-B57.5": [
        {
            "trade_id": "cbbad4bc-9a1c-4c47-876b-e067557f09fe",
            "ticker": "KXHIGHDEN-25FEB27-B57.5",
            "count": 50,
            "created_time": "2025-02-27T16:59:21.622598Z",
            "yes_price": 1,
            "no_price": 99,
            "taker_side": "no"
        },
        {
            "trade_id": "7b2182dc-c49c-4ae7-bbdd-3c8e8ff75b2f",
            "ticker": "KXHIGHDEN-25FEB27-B57.5",
            "count": 12,
            "created_time": "2025-02-27T16:25:47.82963Z",
            "yes_price": 2,
            "no_price": 98,
            "taker_side": "yes"
        },
        {
            "trade_id": "28d94ead-4d3a-4057-a071-3ddc9bd6555a",
            "ticker": "KXHIGHDEN-25FEB27-B57.5",
            "count": 50,
            "created_time": "2025-02-27T16:25:47.82963Z",
            "yes_price": 1,
            "no_price": 99,
            "taker_side": "yes"
        },
        {
            "trade_id": "99db634d-c82c-4cd7-8efd-ee08049b6ec3",
            "ticker": "KXHIGHDEN-25FEB27-B57.5",
            "count": 81,
            "created_time": "2025-02-27T16:02:04.596568Z",
            "yes_price": 1,
            "no_price": 99,
            "taker_side": "no"
        },
        {
            "trade_id": "4ede545d-e7ba-4b91-8d7d-32e585a545fc",
            "ticker": "KXHIGHDEN-25FEB27-B57.5",
            "count": 50,
            "created_time": "2025-02-27T15:06:44.176225Z",
            "yes_price": 1,
            "no_price": 99,
            "taker_side": "no"
        },
        {
            "trade_id": "96f89397-7675-4d63-888a-501bacdfd817",
            "ticker": "KXHIGHDEN-25FEB27-B57.5",
            "count": 18,
            "created_time": "2025-02-27T14:24:12.372251Z",
            "yes_price": 1,
            "no_price": 99,
            "taker_side": "no"
        },
        {
            "trade_id": "5558d675-f8c1-492d-bb37-1e8e42cc6acd",
            "ticker": "KXHIGHDEN-25FEB27-B57.5",
            "count": 28,
            "created_time": "2025-02-27T13:02:19.908784Z",
            "yes_price": 1,
            "no_price": 99,
            "taker_side": "no"
        },
        {
            "trade_id": "4c1caae8-6b91-4f1a-b0a6-22a2cd94de53",
            "ticker": "KXHIGHDEN-25FEB27-B57.5",
            "count": 15,
            "created_time": "2025-02-27T07:48:33.168175Z",
            "yes_price": 2,
            "no_price": 98,
            "taker_side": "no"
        },
        {
            "trade_id": "c5666718-e7b5-49f5-8ebc-a6603210b37b",
            "ticker": "KXHIGHDEN-25FEB27-B57.5",
            "count": 3,
            "created_time": "2025-02-27T05:51:26.997041Z",
            "yes_price": 2,
            "no_price": 98,
            "taker_side": "no"
        },
        {
            "trade_id": "94c50cc1-bcec-4efd-a1e8-f5f0b5bb3c43",
            "ticker": "KXHIGHDEN-25FEB27-B57.5",
            "count": 85,
            "created_time": "2025-02-27T05:11:59.94932Z",
            "yes_price": 2,
            "no_price": 98,
            "taker_side": "no"
        },
        {
            "trade_id": "5550d4e3-bc30-4bdb-91f5-f2cc23616042",
            "ticker": "KXHIGHDEN-25FEB27-B57.5",
            "count": 23,
            "created_time": "2025-02-27T05:11:06.595651Z",
            "yes_price": 1,
            "no_price": 99,
            "taker_side": "no"
        },
        {
            "trade_id": "41660cf3-d575-426b-a804-4815f4e3656f",
            "ticker": "KXHIGHDEN-25FEB27-B57.5",
            "count": 12,
            "created_time": "2025-02-27T04:43:47.73946Z",
            "yes_price": 1,
            "no_price": 99,
            "taker_side": "no"
        }
    ],
    "KXHIGHDEN-25FEB27-B59.5": [
        {
            "trade_id": "203bd6b4-47ef-4447-b8ce-d0b16874788e",
            "ticker": "KXHIGHDEN-25FEB27-B59.5",
            "count": 917,
            "created_time": "2025-02-27T21:42:45.311083Z",
            "yes_price": 1,
            "no_price": 99,
            "taker_side": "yes"
        },
        {
            "trade_id": "7d05709b-bd1c-42bf-898f-b8e5afdff381",
            "ticker": "KXHIGHDEN-25FEB27-B59.5",
            "count": 1037,
            "created_time": "2025-02-27T21:12:44.963858Z",
            "yes_price": 1,
            "no_price": 99,
            "taker_side": "yes"
        },
        {
            "trade_id": "6d443835-238b-4c80-93fd-cecfad45f5cb",
            "ticker": "KXHIGHDEN-25FEB27-B59.5",
            "count": 3,
            "created_time": "2025-02-27T21:12:44.963858Z",
            "yes_price": 1,
            "no_price": 99,
            "taker_side": "yes"
        },
        {
            "trade_id": "661c32d4-17c9-443f-bff6-a5c959fa47ef",
            "ticker": "KXHIGHDEN-25FEB27-B59.5",
            "count": 47,
            "created_time": "2025-02-27T20:30:21.686209Z",
            "yes_price": 1,
            "no_price": 99,
            "taker_side": "yes"
        },
        {
            "trade_id": "93099453-6568-4ce7-9d3c-3b138baaeb7a",
            "ticker": "KXHIGHDEN-25FEB27-B59.5",
            "count": 50,
            "created_time": "2025-02-27T20:08:41.047482Z",
            "yes_price": 1,
            "no_price": 99,
            "taker_side": "no"
        },
        {
            "trade_id": "0f9d7971-61c7-4c92-b4ba-8258194032a0",
            "ticker": "KXHIGHDEN-25FEB27-B59.5",
            "count": 15,
            "created_time": "2025-02-27T20:08:41.047482Z",
            "yes_price": 1,
            "no_price": 99,
            "taker_side": "no"
        },
        {
            "trade_id": "253e4e0e-f00b-49bf-b483-bdc6f071f0e5",
            "ticker": "KXHIGHDEN-25FEB27-B59.5",
            "count": 24,
            "created_time": "2025-02-27T20:08:31.488126Z",
            "yes_price": 1,
            "no_price": 99,
            "taker_side": "no"
        },
        {
            "trade_id": "259fdda3-40dc-46fd-abd0-1d737f21776c",
            "ticker": "KXHIGHDEN-25FEB27-B59.5",
            "count": 50,
            "created_time": "2025-02-27T20:07:41.262239Z",
            "yes_price": 1,
            "no_price": 99,
            "taker_side": "no"
        },
        {
            "trade_id": "18df6eb0-7480-4269-b545-e827240c9033",
            "ticker": "KXHIGHDEN-25FEB27-B59.5",
            "count": 11,
            "created_time": "2025-02-27T20:07:38.026962Z",
            "yes_price": 1,
            "no_price": 99,
            "taker_side": "no"
        },
        {
            "trade_id": "7887d2be-9f9e-47cb-8c34-014e44511c3c",
            "ticker": "KXHIGHDEN-25FEB27-B59.5",
            "count": 50,
            "created_time": "2025-02-27T19:47:34.328524Z",
            "yes_price": 4,
            "no_price": 96,
            "taker_side": "yes"
        },
        {
            "trade_id": "60fc6591-76e9-4f28-88ee-41613ba5118f",
            "ticker": "KXHIGHDEN-25FEB27-B59.5",
            "count": 990,
            "created_time": "2025-02-27T19:32:56.471995Z",
            "yes_price": 2,
            "no_price": 98,
            "taker_side": "no"
        },
        {
            "trade_id": "19661192-3c2e-4f4b-9100-38012cdc4aae",
            "ticker": "KXHIGHDEN-25FEB27-B59.5",
            "count": 50,
            "created_time": "2025-02-27T19:32:56.471995Z",
            "yes_price": 3,
            "no_price": 97,
            "taker_side": "no"
        },
        {
            "trade_id": "e2be462e-5418-42e5-bd35-b8611147bf74",
            "ticker": "KXHIGHDEN-25FEB27-B59.5",
            "count": 519,
            "created_time": "2025-02-27T19:32:15.017887Z",
            "yes_price": 2,
            "no_price": 98,
            "taker_side": "no"
        },
        {
            "trade_id": "0df92315-191a-4f5a-9f0d-0ddf791e0af1",
            "ticker": "KXHIGHDEN-25FEB27-B59.5",
            "count": 1500,
            "created_time": "2025-02-27T19:27:30.622425Z",
            "yes_price": 2,
            "no_price": 98,
            "taker_side": "no"
        },
        {
            "trade_id": "7514cf7a-87e3-46fc-b52c-9abd5ff0526c",
            "ticker": "KXHIGHDEN-25FEB27-B59.5",
            "count": 32,
            "created_time": "2025-02-27T19:24:56.015657Z",
            "yes_price": 3,
            "no_price": 97,
            "taker_side": "yes"
        },
        {
            "trade_id": "4961ad12-dc5d-4da6-b04e-77c657cce964",
            "ticker": "KXHIGHDEN-25FEB27-B59.5",
            "count": 50,
            "created_time": "2025-02-27T19:24:56.015657Z",
            "yes_price": 3,
            "no_price": 97,
            "taker_side": "yes"
        },
        {
            "trade_id": "bd998f23-c3cf-4586-9908-52c752570397",
            "ticker": "KXHIGHDEN-25FEB27-B59.5",
            "count": 20,
            "created_time": "2025-02-27T19:12:52.796136Z",
            "yes_price": 3,
            "no_price": 97,
            "taker_side": "no"
        },
        {
            "trade_id": "16853193-e406-40af-a328-9d8c6fcc6947",
            "ticker": "KXHIGHDEN-25FEB27-B59.5",
            "count": 897,
            "created_time": "2025-02-27T19:12:52.796136Z",
            "yes_price": 2,
            "no_price": 98,
            "taker_side": "no"
        },
        {
            "trade_id": "4990029e-a6f4-48a7-aaa7-71e4df35c30a",
            "ticker": "KXHIGHDEN-25FEB27-B59.5",
            "count": 100,
            "created_time": "2025-02-27T19:04:18.724599Z",
            "yes_price": 6,
            "no_price": 94,
            "taker_side": "yes"
        },
        {
            "trade_id": "7579a5d4-b51a-4c1a-bad0-03870d2b1503",
            "ticker": "KXHIGHDEN-25FEB27-B59.5",
            "count": 526,
            "created_time": "2025-02-27T19:04:06.287794Z",
            "yes_price": 4,
            "no_price": 96,
            "taker_side": "yes"
        },
        {
            "trade_id": "e6573db9-5cce-4734-bafc-55a75975759a",
            "ticker": "KXHIGHDEN-25FEB27-B59.5",
            "count": 63,
            "created_time": "2025-02-27T19:03:03.173011Z",
            "yes_price": 2,
            "no_price": 98,
            "taker_side": "no"
        },
        {
            "trade_id": "7dd82572-08c9-4f99-b9b7-0d670da586b9",
            "ticker": "KXHIGHDEN-25FEB27-B59.5",
            "count": 37,
            "created_time": "2025-02-27T19:03:02.305049Z",
            "yes_price": 2,
            "no_price": 98,
            "taker_side": "no"
        },
        {
            "trade_id": "b621e08d-a10c-4686-aa51-f35b1b8aa40a",
            "ticker": "KXHIGHDEN-25FEB27-B59.5",
            "count": 15,
            "created_time": "2025-02-27T19:02:07.238724Z",
            "yes_price": 3,
            "no_price": 97,
            "taker_side": "no"
        },
        {
            "trade_id": "3392e614-00da-4183-a59d-f96fb21a600f",
            "ticker": "KXHIGHDEN-25FEB27-B59.5",
            "count": 5,
            "created_time": "2025-02-27T19:01:26.294336Z",
            "yes_price": 3,
            "no_price": 97,
            "taker_side": "no"
        },
        {
            "trade_id": "680c6e26-79d2-498b-9c28-3fa2b718d513",
            "ticker": "KXHIGHDEN-25FEB27-B59.5",
            "count": 23,
            "created_time": "2025-02-27T18:55:49.484743Z",
            "yes_price": 3,
            "no_price": 97,
            "taker_side": "yes"
        },
        {
            "trade_id": "54b97ec2-d03c-4fcd-831a-25af2e0928f7",
            "ticker": "KXHIGHDEN-25FEB27-B59.5",
            "count": 13,
            "created_time": "2025-02-27T18:31:02.526603Z",
            "yes_price": 3,
            "no_price": 97,
            "taker_side": "yes"
        },
        {
            "trade_id": "b3a63f1b-0feb-461e-b86c-e2bc17aaa4a2",
            "ticker": "KXHIGHDEN-25FEB27-B59.5",
            "count": 2,
            "created_time": "2025-02-27T18:28:08.598633Z",
            "yes_price": 1,
            "no_price": 99,
            "taker_side": "no"
        },
        {
            "trade_id": "4b02a5bb-6d3d-4d94-95c6-c2d6b6495f00",
            "ticker": "KXHIGHDEN-25FEB27-B59.5",
            "count": 50,
            "created_time": "2025-02-27T18:28:08.598633Z",
            "yes_price": 2,
            "no_price": 98,
            "taker_side": "no"
        },
        {
            "trade_id": "373bc781-a8bd-4591-ac94-64399cdccb81",
            "ticker": "KXHIGHDEN-25FEB27-B59.5",
            "count": 392,
            "created_time": "2025-02-27T18:28:08.598633Z",
            "yes_price": 3,
            "no_price": 97,
            "taker_side": "no"
        },
        {
            "trade_id": "553d8ee6-7d6c-442f-bf32-fb8d1b44b3ad",
            "ticker": "KXHIGHDEN-25FEB27-B59.5",
            "count": 15,
            "created_time": "2025-02-27T18:11:43.667299Z",
            "yes_price": 3,
            "no_price": 97,
            "taker_side": "no"
        },
        {
            "trade_id": "1b40d0d8-1289-4b28-8297-7224c7f0e8bf",
            "ticker": "KXHIGHDEN-25FEB27-B59.5",
            "count": 22,
            "created_time": "2025-02-27T18:11:08.040917Z",
            "yes_price": 3,
            "no_price": 97,
            "taker_side": "no"
        },
        {
            "trade_id": "9971aef8-f87a-4851-9313-d13bf0562d67",
            "ticker": "KXHIGHDEN-25FEB27-B59.5",
            "count": 32,
            "created_time": "2025-02-27T18:11:07.177613Z",
            "yes_price": 3,
            "no_price": 97,
            "taker_side": "no"
        },
        {
            "trade_id": "ae8b7cc2-8268-4366-9f8a-c0acd4fd67b0",
            "ticker": "KXHIGHDEN-25FEB27-B59.5",
            "count": 32,
            "created_time": "2025-02-27T18:11:06.312866Z",
            "yes_price": 3,
            "no_price": 97,
            "taker_side": "no"
        },
        {
            "trade_id": "e5349032-24f5-4a1e-a649-cd80151fc3f4",
            "ticker": "KXHIGHDEN-25FEB27-B59.5",
            "count": 7,
            "created_time": "2025-02-27T18:09:50.29079Z",
            "yes_price": 3,
            "no_price": 97,
            "taker_side": "no"
        },
        {
            "trade_id": "e8540113-a2ec-482a-9425-49c7cfe183ae",
            "ticker": "KXHIGHDEN-25FEB27-B59.5",
            "count": 80,
            "created_time": "2025-02-27T17:58:37.496553Z",
            "yes_price": 4,
            "no_price": 96,
            "taker_side": "no"
        },
        {
            "trade_id": "a8cda19b-8455-434f-a71a-6387122a3e10",
            "ticker": "KXHIGHDEN-25FEB27-B59.5",
            "count": 150,
            "created_time": "2025-02-27T17:54:26.881127Z",
            "yes_price": 4,
            "no_price": 96,
            "taker_side": "no"
        },
        {
            "trade_id": "0da3d864-efb4-47da-bd75-60319703c6b1",
            "ticker": "KXHIGHDEN-25FEB27-B59.5",
            "count": 20,
            "created_time": "2025-02-27T17:29:07.925014Z",
            "yes_price": 4,
            "no_price": 96,
            "taker_side": "no"
        },
        {
            "trade_id": "7f2ad0a9-8d6c-4ab4-b29d-d6e0d6967896",
            "ticker": "KXHIGHDEN-25FEB27-B59.5",
            "count": 50,
            "created_time": "2025-02-27T16:36:06.766878Z",
            "yes_price": 6,
            "no_price": 94,
            "taker_side": "yes"
        },
        {
            "trade_id": "e601bc7a-e0be-4ad8-b7fe-39c5ac584674",
            "ticker": "KXHIGHDEN-25FEB27-B59.5",
            "count": 149,
            "created_time": "2025-02-27T16:29:28.869997Z",
            "yes_price": 5,
            "no_price": 95,
            "taker_side": "no"
        },
        {
            "trade_id": "b4b661d4-b63c-4445-80c5-9ac6a8ee19b6",
            "ticker": "KXHIGHDEN-25FEB27-B59.5",
            "count": 8,
            "created_time": "2025-02-27T16:29:28.869997Z",
            "yes_price": 6,
            "no_price": 94,
            "taker_side": "no"
        },
        {
            "trade_id": "8a8aae70-ac91-46ff-a9f4-13a60b35885d",
            "ticker": "KXHIGHDEN-25FEB27-B59.5",
            "count": 27,
            "created_time": "2025-02-27T16:29:28.869997Z",
            "yes_price": 6,
            "no_price": 94,
            "taker_side": "no"
        },
        {
            "trade_id": "4fb79b0d-3d3d-447e-a884-f3d95a4b9a4d",
            "ticker": "KXHIGHDEN-25FEB27-B59.5",
            "count": 26,
            "created_time": "2025-02-27T16:29:28.869997Z",
            "yes_price": 6,
            "no_price": 94,
            "taker_side": "no"
        },
        {
            "trade_id": "7a1f8d86-95b2-4828-bf1f-6c49044dbed9",
            "ticker": "KXHIGHDEN-25FEB27-B59.5",
            "count": 125,
            "created_time": "2025-02-27T16:26:54.152241Z",
            "yes_price": 7,
            "no_price": 93,
            "taker_side": "yes"
        },
        {
            "trade_id": "8d3f7484-0436-401c-a42f-7ac7bc23962b",
            "ticker": "KXHIGHDEN-25FEB27-B59.5",
            "count": 29,
            "created_time": "2025-02-27T16:21:43.56943Z",
            "yes_price": 7,
            "no_price": 93,
            "taker_side": "yes"
        },
        {
            "trade_id": "ad16e5ef-425c-4086-b79d-00a196331bb1",
            "ticker": "KXHIGHDEN-25FEB27-B59.5",
            "count": 104,
            "created_time": "2025-02-27T16:19:14.242363Z",
            "yes_price": 7,
            "no_price": 93,
            "taker_side": "no"
        },
        {
            "trade_id": "897cd74a-6f70-4123-9732-c386f035d35f",
            "ticker": "KXHIGHDEN-25FEB27-B59.5",
            "count": 136,
            "created_time": "2025-02-27T16:19:14.242363Z",
            "yes_price": 7,
            "no_price": 93,
            "taker_side": "no"
        },
        {
            "trade_id": "7701364b-967f-466b-a2d3-091fd2f77e61",
            "ticker": "KXHIGHDEN-25FEB27-B59.5",
            "count": 2,
            "created_time": "2025-02-27T16:18:52.413309Z",
            "yes_price": 9,
            "no_price": 91,
            "taker_side": "no"
        },
        {
            "trade_id": "5473713f-7675-4ce9-baad-d4980789607d",
            "ticker": "KXHIGHDEN-25FEB27-B59.5",
            "count": 39,
            "created_time": "2025-02-27T16:13:00.603574Z",
            "yes_price": 9,
            "no_price": 91,
            "taker_side": "no"
        },
        {
            "trade_id": "6f0bebac-42d8-4bb4-8714-13296980a782",
            "ticker": "KXHIGHDEN-25FEB27-B59.5",
            "count": 50,
            "created_time": "2025-02-27T16:13:00.077215Z",
            "yes_price": 9,
            "no_price": 91,
            "taker_side": "yes"
        },
        {
            "trade_id": "215052cc-5208-4ef5-a762-fe4592417972",
            "ticker": "KXHIGHDEN-25FEB27-B59.5",
            "count": 2,
            "created_time": "2025-02-27T15:04:29.521382Z",
            "yes_price": 6,
            "no_price": 94,
            "taker_side": "no"
        },
        {
            "trade_id": "f16835b4-0de7-41ac-8d91-d69620f96910",
            "ticker": "KXHIGHDEN-25FEB27-B59.5",
            "count": 50,
            "created_time": "2025-02-27T14:50:33.562549Z",
            "yes_price": 11,
            "no_price": 89,
            "taker_side": "yes"
        },
        {
            "trade_id": "fa935144-6904-432c-9091-82a9e2302084",
            "ticker": "KXHIGHDEN-25FEB27-B59.5",
            "count": 211,
            "created_time": "2025-02-27T13:06:34.558137Z",
            "yes_price": 6,
            "no_price": 94,
            "taker_side": "no"
        },
        {
            "trade_id": "d0b309dc-e296-4785-9e28-c17b707c13a3",
            "ticker": "KXHIGHDEN-25FEB27-B59.5",
            "count": 28,
            "created_time": "2025-02-27T13:02:19.905863Z",
            "yes_price": 5,
            "no_price": 95,
            "taker_side": "no"
        },
        {
            "trade_id": "f6be2582-f8da-4248-a7d2-995e2d873671",
            "ticker": "KXHIGHDEN-25FEB27-B59.5",
            "count": 240,
            "created_time": "2025-02-27T13:02:15.85926Z",
            "yes_price": 12,
            "no_price": 88,
            "taker_side": "yes"
        },
        {
            "trade_id": "e0c994bf-ba08-467e-b301-0683bb1f24da",
            "ticker": "KXHIGHDEN-25FEB27-B59.5",
            "count": 31,
            "created_time": "2025-02-27T13:02:15.85926Z",
            "yes_price": 8,
            "no_price": 92,
            "taker_side": "yes"
        },
        {
            "trade_id": "5b3d77a9-c2d4-46f6-8697-32d6e863c98e",
            "ticker": "KXHIGHDEN-25FEB27-B59.5",
            "count": 240,
            "created_time": "2025-02-27T13:02:15.85926Z",
            "yes_price": 10,
            "no_price": 90,
            "taker_side": "yes"
        },
        {
            "trade_id": "25655423-7518-4784-ab58-244f9623f831",
            "ticker": "KXHIGHDEN-25FEB27-B59.5",
            "count": 15,
            "created_time": "2025-02-27T07:48:33.170055Z",
            "yes_price": 6,
            "no_price": 94,
            "taker_side": "no"
        },
        {
            "trade_id": "7b127b0e-9fed-4520-aaf6-b79817830fdb",
            "ticker": "KXHIGHDEN-25FEB27-B59.5",
            "count": 7,
            "created_time": "2025-02-27T06:37:21.225947Z",
            "yes_price": 7,
            "no_price": 93,
            "taker_side": "yes"
        },
        {
            "trade_id": "eac32673-3314-49b0-9ce5-48766329af69",
            "ticker": "KXHIGHDEN-25FEB27-B59.5",
            "count": 3,
            "created_time": "2025-02-27T05:51:26.999379Z",
            "yes_price": 6,
            "no_price": 94,
            "taker_side": "no"
        },
        {
            "trade_id": "85aab429-c259-4656-83e8-b30ae4e8a434",
            "ticker": "KXHIGHDEN-25FEB27-B59.5",
            "count": 85,
            "created_time": "2025-02-27T05:11:59.950073Z",
            "yes_price": 6,
            "no_price": 94,
            "taker_side": "no"
        },
        {
            "trade_id": "0c53b409-9f71-42f1-8fa3-32d13c3344f3",
            "ticker": "KXHIGHDEN-25FEB27-B59.5",
            "count": 23,
            "created_time": "2025-02-27T05:11:06.59073Z",
            "yes_price": 5,
            "no_price": 95,
            "taker_side": "no"
        },
        {
            "trade_id": "e8866a77-ead4-47a9-83d4-701dc7b2fb61",
            "ticker": "KXHIGHDEN-25FEB27-B59.5",
            "count": 43,
            "created_time": "2025-02-27T05:10:20.028183Z",
            "yes_price": 8,
            "no_price": 92,
            "taker_side": "yes"
        },
        {
            "trade_id": "b582e921-f78c-42d3-9008-ada92e5a21d8",
            "ticker": "KXHIGHDEN-25FEB27-B59.5",
            "count": 8,
            "created_time": "2025-02-27T05:10:11.511366Z",
            "yes_price": 7,
            "no_price": 93,
            "taker_side": "yes"
        },
        {
            "trade_id": "3cdcb466-97d2-445d-ba3c-7a343f96706f",
            "ticker": "KXHIGHDEN-25FEB27-B59.5",
            "count": 24,
            "created_time": "2025-02-27T05:10:11.511366Z",
            "yes_price": 7,
            "no_price": 93,
            "taker_side": "yes"
        },
        {
            "trade_id": "24c146c3-b3bb-4bac-8ca1-56c3d8a75ef2",
            "ticker": "KXHIGHDEN-25FEB27-B59.5",
            "count": 26,
            "created_time": "2025-02-27T05:10:11.511366Z",
            "yes_price": 7,
            "no_price": 93,
            "taker_side": "yes"
        },
        {
            "trade_id": "6037aa60-902b-4c2f-98ef-a07df5c48e93",
            "ticker": "KXHIGHDEN-25FEB27-B59.5",
            "count": 12,
            "created_time": "2025-02-27T04:43:47.736943Z",
            "yes_price": 5,
            "no_price": 95,
            "taker_side": "no"
        },
        {
            "trade_id": "cbfd65a4-d9ff-439e-8303-71869999f9d1",
            "ticker": "KXHIGHDEN-25FEB27-B59.5",
            "count": 1,
            "created_time": "2025-02-27T01:41:15.650162Z",
            "yes_price": 8,
            "no_price": 92,
            "taker_side": "no"
        },
        {
            "trade_id": "592a2397-9aed-4b1c-b1d9-5753bfcfec2f",
            "ticker": "KXHIGHDEN-25FEB27-B59.5",
            "count": 20,
            "created_time": "2025-02-27T01:32:31.252002Z",
            "yes_price": 9,
            "no_price": 91,
            "taker_side": "yes"
        },
        {
            "trade_id": "356935e2-b278-45ff-a3df-c95dadefe9e6",
            "ticker": "KXHIGHDEN-25FEB27-B59.5",
            "count": 2,
            "created_time": "2025-02-27T01:30:43.154581Z",
            "yes_price": 8,
            "no_price": 92,
            "taker_side": "no"
        },
        {
            "trade_id": "dc5183f6-b1d1-410c-99f8-98613ebd1abc",
            "ticker": "KXHIGHDEN-25FEB27-B59.5",
            "count": 15,
            "created_time": "2025-02-27T01:27:35.444525Z",
            "yes_price": 8,
            "no_price": 92,
            "taker_side": "no"
        },
        {
            "trade_id": "c187be33-c90f-4b0c-bd87-d5a4c7679f00",
            "ticker": "KXHIGHDEN-25FEB27-B59.5",
            "count": 216,
            "created_time": "2025-02-26T23:26:51.748607Z",
            "yes_price": 11,
            "no_price": 89,
            "taker_side": "no"
        },
        {
            "trade_id": "cce87947-4849-4a6f-a0c4-493d01970743",
            "ticker": "KXHIGHDEN-25FEB27-B59.5",
            "count": 22,
            "created_time": "2025-02-26T22:30:42.949499Z",
            "yes_price": 11,
            "no_price": 89,
            "taker_side": "no"
        },
        {
            "trade_id": "679708dd-1b72-4cba-a5c8-f94fd8a35879",
            "ticker": "KXHIGHDEN-25FEB27-B59.5",
            "count": 1,
            "created_time": "2025-02-26T22:29:44.90028Z",
            "yes_price": 11,
            "no_price": 89,
            "taker_side": "no"
        },
        {
            "trade_id": "cc4e2f3a-f509-4c74-b55e-903d9a14102b",
            "ticker": "KXHIGHDEN-25FEB27-B59.5",
            "count": 11,
            "created_time": "2025-02-26T22:27:40.72481Z",
            "yes_price": 11,
            "no_price": 89,
            "taker_side": "no"
        },
        {
            "trade_id": "4518ea83-9b66-4b4d-8670-9fb1241441b5",
            "ticker": "KXHIGHDEN-25FEB27-B59.5",
            "count": 9,
            "created_time": "2025-02-26T22:27:37.736996Z",
            "yes_price": 11,
            "no_price": 89,
            "taker_side": "no"
        },
        {
            "trade_id": "3f57cb67-043b-4223-87c0-fc7d5ed946d2",
            "ticker": "KXHIGHDEN-25FEB27-B59.5",
            "count": 1,
            "created_time": "2025-02-26T22:27:32.214545Z",
            "yes_price": 11,
            "no_price": 89,
            "taker_side": "no"
        },
        {
            "trade_id": "b0051e9f-c833-4862-8312-74bf3a79f82c",
            "ticker": "KXHIGHDEN-25FEB27-B59.5",
            "count": 40,
            "created_time": "2025-02-26T22:24:53.625933Z",
            "yes_price": 11,
            "no_price": 89,
            "taker_side": "no"
        },
        {
            "trade_id": "d75259fb-ffa3-437f-a92e-e644fc62d841",
            "ticker": "KXHIGHDEN-25FEB27-B59.5",
            "count": 15,
            "created_time": "2025-02-26T16:14:54.387252Z",
            "yes_price": 12,
            "no_price": 88,
            "taker_side": "yes"
        },
        {
            "trade_id": "52681a54-6075-4134-a6df-6c836a8f8f40",
            "ticker": "KXHIGHDEN-25FEB27-B59.5",
            "count": 40,
            "created_time": "2025-02-26T15:35:14.442954Z",
            "yes_price": 11,
            "no_price": 89,
            "taker_side": "yes"
        }
    ],
    "KXHIGHDEN-25FEB27-B61.5": [
        {
            "trade_id": "523f5d92-f158-4fb9-ab55-9b4709bce5dd",
            "ticker": "KXHIGHDEN-25FEB27-B61.5",
            "count": 73,
            "created_time": "2025-02-28T03:20:38.96331Z",
            "yes_price": 1,
            "no_price": 99,
            "taker_side": "yes"
        },
        {
            "trade_id": "1c575461-afd6-48e6-b354-9cbe3b021e01",
            "ticker": "KXHIGHDEN-25FEB27-B61.5",
            "count": 11,
            "created_time": "2025-02-28T01:58:51.334411Z",
            "yes_price": 1,
            "no_price": 99,
            "taker_side": "yes"
        },
        {
            "trade_id": "f48fa6d4-ba67-416a-95e7-6ccf5b5bf966",
            "ticker": "KXHIGHDEN-25FEB27-B61.5",
            "count": 14,
            "created_time": "2025-02-27T22:23:28.004593Z",
            "yes_price": 1,
            "no_price": 99,
            "taker_side": "yes"
        },
        {
            "trade_id": "64fa78a1-4f1e-404a-95be-d462f2c3943f",
            "ticker": "KXHIGHDEN-25FEB27-B61.5",
            "count": 93,
            "created_time": "2025-02-27T21:51:04.095319Z",
            "yes_price": 1,
            "no_price": 99,
            "taker_side": "yes"
        },
        {
            "trade_id": "f34ab471-d037-4d73-b127-435a80d7be1e",
            "ticker": "KXHIGHDEN-25FEB27-B61.5",
            "count": 1000,
            "created_time": "2025-02-27T21:47:12.122947Z",
            "yes_price": 1,
            "no_price": 99,
            "taker_side": "no"
        },
        {
            "trade_id": "4b7f1647-4577-4743-8466-7bad70385dc4",
            "ticker": "KXHIGHDEN-25FEB27-B61.5",
            "count": 2000,
            "created_time": "2025-02-27T21:47:12.122947Z",
            "yes_price": 3,
            "no_price": 97,
            "taker_side": "no"
        },
        {
            "trade_id": "9d6ffa8b-2bd1-48ec-83f1-224e35300b02",
            "ticker": "KXHIGHDEN-25FEB27-B61.5",
            "count": 2000,
            "created_time": "2025-02-27T21:46:35.809866Z",
            "yes_price": 4,
            "no_price": 96,
            "taker_side": "no"
        },
        {
            "trade_id": "02621cac-9288-49e1-aef7-629949bc7634",
            "ticker": "KXHIGHDEN-25FEB27-B61.5",
            "count": 1,
            "created_time": "2025-02-27T21:46:35.79306Z",
            "yes_price": 21,
            "no_price": 79,
            "taker_side": "yes"
        },
        {
            "trade_id": "1d49c9ac-2aff-403d-a3bc-fd0ad1212dfe",
            "ticker": "KXHIGHDEN-25FEB27-B61.5",
            "count": 300,
            "created_time": "2025-02-27T21:45:32.050475Z",
            "yes_price": 4,
            "no_price": 96,
            "taker_side": "no"
        },
        {
            "trade_id": "7f09f6b0-5c7e-47e4-83fd-566442600730",
            "ticker": "KXHIGHDEN-25FEB27-B61.5",
            "count": 8,
            "created_time": "2025-02-27T21:45:04.192428Z",
            "yes_price": 6,
            "no_price": 94,
            "taker_side": "no"
        },
        {
            "trade_id": "14c3dd83-b7f5-476a-ad7e-87c7cb09f1ff",
            "ticker": "KXHIGHDEN-25FEB27-B61.5",
            "count": 3,
            "created_time": "2025-02-27T21:45:04.192428Z",
            "yes_price": 6,
            "no_price": 94,
            "taker_side": "no"
        },
        {
            "trade_id": "0ab85dec-cc3f-4be8-b6bc-971959a649d9",
            "ticker": "KXHIGHDEN-25FEB27-B61.5",
            "count": 40,
            "created_time": "2025-02-27T21:45:04.192428Z",
            "yes_price": 8,
            "no_price": 92,
            "taker_side": "no"
        },
        {
            "trade_id": "0588134c-c198-45d6-9111-f91db2f0c7ae",
            "ticker": "KXHIGHDEN-25FEB27-B61.5",
            "count": 10,
            "created_time": "2025-02-27T21:44:43.207176Z",
            "yes_price": 11,
            "no_price": 89,
            "taker_side": "no"
        },
        {
            "trade_id": "adaae686-24ed-4e50-b1a4-022d256260c6",
            "ticker": "KXHIGHDEN-25FEB27-B61.5",
            "count": 27,
            "created_time": "2025-02-27T21:43:29.989648Z",
            "yes_price": 29,
            "no_price": 71,
            "taker_side": "no"
        },
        {
            "trade_id": "9b462875-7781-4873-b77c-c2b41be04420",
            "ticker": "KXHIGHDEN-25FEB27-B61.5",
            "count": 992,
            "created_time": "2025-02-27T21:43:29.989648Z",
            "yes_price": 28,
            "no_price": 72,
            "taker_side": "no"
        },
        {
            "trade_id": "4edb82c8-1d20-4e53-9baf-f82100a4abe6",
            "ticker": "KXHIGHDEN-25FEB27-B61.5",
            "count": 50,
            "created_time": "2025-02-27T21:43:29.989648Z",
            "yes_price": 25,
            "no_price": 75,
            "taker_side": "no"
        },
        {
            "trade_id": "0fe077da-d81a-489f-8e67-9a0a5f420aad",
            "ticker": "KXHIGHDEN-25FEB27-B61.5",
            "count": 157,
            "created_time": "2025-02-27T21:43:29.989648Z",
            "yes_price": 24,
            "no_price": 76,
            "taker_side": "no"
        },
        {
            "trade_id": "df2cb111-f556-4ae3-9ce6-7d48c1278db7",
            "ticker": "KXHIGHDEN-25FEB27-B61.5",
            "count": 3,
            "created_time": "2025-02-27T21:34:55.077503Z",
            "yes_price": 39,
            "no_price": 61,
            "taker_side": "yes"
        },
        {
            "trade_id": "fd368777-6f77-4b48-8d7e-f64a11d361c6",
            "ticker": "KXHIGHDEN-25FEB27-B61.5",
            "count": 15,
            "created_time": "2025-02-27T21:31:39.489374Z",
            "yes_price": 29,
            "no_price": 71,
            "taker_side": "no"
        },
        {
            "trade_id": "2b423d60-5cf8-4b94-ad43-90162f5368b9",
            "ticker": "KXHIGHDEN-25FEB27-B61.5",
            "count": 58,
            "created_time": "2025-02-27T21:31:39.489374Z",
            "yes_price": 28,
            "no_price": 72,
            "taker_side": "no"
        },
        {
            "trade_id": "99a7a77e-04b7-4703-be5a-ac3865165efd",
            "ticker": "KXHIGHDEN-25FEB27-B61.5",
            "count": 1,
            "created_time": "2025-02-27T21:27:38.982983Z",
            "yes_price": 38,
            "no_price": 62,
            "taker_side": "yes"
        },
        {
            "trade_id": "206f8d33-cb26-43d8-af57-c27dc0324581",
            "ticker": "KXHIGHDEN-25FEB27-B61.5",
            "count": 14,
            "created_time": "2025-02-27T21:26:50.850803Z",
            "yes_price": 38,
            "no_price": 62,
            "taker_side": "yes"
        },
        {
            "trade_id": "9b58dfdd-30a8-4b31-b481-d5a02bc39f5b",
            "ticker": "KXHIGHDEN-25FEB27-B61.5",
            "count": 25,
            "created_time": "2025-02-27T21:24:45.220074Z",
            "yes_price": 38,
            "no_price": 62,
            "taker_side": "yes"
        },
        {
            "trade_id": "04ffd2b2-81ae-48a6-bf2a-b934c8121040",
            "ticker": "KXHIGHDEN-25FEB27-B61.5",
            "count": 15,
            "created_time": "2025-02-27T21:24:45.220074Z",
            "yes_price": 37,
            "no_price": 63,
            "taker_side": "yes"
        },
        {
            "trade_id": "e80b8eb6-895f-4579-9975-680e7c7b159f",
            "ticker": "KXHIGHDEN-25FEB27-B61.5",
            "count": 50,
            "created_time": "2025-02-27T21:24:22.872442Z",
            "yes_price": 37,
            "no_price": 63,
            "taker_side": "yes"
        },
        {
            "trade_id": "7708eb39-c672-42fe-b28a-e00341a00625",
            "ticker": "KXHIGHDEN-25FEB27-B61.5",
            "count": 8,
            "created_time": "2025-02-27T21:21:56.025909Z",
            "yes_price": 14,
            "no_price": 86,
            "taker_side": "yes"
        },
        {
            "trade_id": "dfe484f9-e544-44af-b9c2-a12df1eb8615",
            "ticker": "KXHIGHDEN-25FEB27-B61.5",
            "count": 43,
            "created_time": "2025-02-27T21:19:17.601413Z",
            "yes_price": 25,
            "no_price": 75,
            "taker_side": "no"
        },
        {
            "trade_id": "bb9b455e-5dbd-4101-9186-1a81c77586c8",
            "ticker": "KXHIGHDEN-25FEB27-B61.5",
            "count": 8,
            "created_time": "2025-02-27T21:19:17.601413Z",
            "yes_price": 11,
            "no_price": 89,
            "taker_side": "no"
        },
        {
            "trade_id": "90614b5f-31c6-4cf7-adb3-80b97ecf88dd",
            "ticker": "KXHIGHDEN-25FEB27-B61.5",
            "count": 48,
            "created_time": "2025-02-27T21:19:17.601413Z",
            "yes_price": 10,
            "no_price": 90,
            "taker_side": "no"
        },
        {
            "trade_id": "3e08a501-e1a6-445c-8004-1057cfef896c",
            "ticker": "KXHIGHDEN-25FEB27-B61.5",
            "count": 50,
            "created_time": "2025-02-27T21:19:17.601413Z",
            "yes_price": 23,
            "no_price": 77,
            "taker_side": "no"
        },
        {
            "trade_id": "7a2dad2b-a358-4b94-987e-8e44228bd7e2",
            "ticker": "KXHIGHDEN-25FEB27-B61.5",
            "count": 5,
            "created_time": "2025-02-27T21:15:41.327491Z",
            "yes_price": 25,
            "no_price": 75,
            "taker_side": "no"
        },
        {
            "trade_id": "109e70b4-f5a2-4382-a53e-13fa33cb6fa0",
            "ticker": "KXHIGHDEN-25FEB27-B61.5",
            "count": 4,
            "created_time": "2025-02-27T21:14:44.397008Z",
            "yes_price": 30,
            "no_price": 70,
            "taker_side": "yes"
        },
        {
            "trade_id": "0dd4a8a5-22e4-4e5e-a142-a920883e45e6",
            "ticker": "KXHIGHDEN-25FEB27-B61.5",
            "count": 40,
            "created_time": "2025-02-27T21:14:44.397008Z",
            "yes_price": 29,
            "no_price": 71,
            "taker_side": "yes"
        },
        {
            "trade_id": "023b7acc-dde4-490a-9ef9-2103ea4b6a7a",
            "ticker": "KXHIGHDEN-25FEB27-B61.5",
            "count": 50,
            "created_time": "2025-02-27T21:14:44.397008Z",
            "yes_price": 30,
            "no_price": 70,
            "taker_side": "yes"
        },
        {
            "trade_id": "a1f3a503-7e61-41ac-9565-f93a922657e5",
            "ticker": "KXHIGHDEN-25FEB27-B61.5",
            "count": 16,
            "created_time": "2025-02-27T21:13:02.907865Z",
            "yes_price": 29,
            "no_price": 71,
            "taker_side": "yes"
        },
        {
            "trade_id": "32a7d1c3-591e-4ee1-b49b-865f69a441d5",
            "ticker": "KXHIGHDEN-25FEB27-B61.5",
            "count": 614,
            "created_time": "2025-02-27T21:08:08.093019Z",
            "yes_price": 26,
            "no_price": 74,
            "taker_side": "no"
        },
        {
            "trade_id": "472ed8b6-e990-49ee-b1be-1486e6f4b548",
            "ticker": "KXHIGHDEN-25FEB27-B61.5",
            "count": 5,
            "created_time": "2025-02-27T21:05:25.633402Z",
            "yes_price": 33,
            "no_price": 67,
            "taker_side": "yes"
        },
        {
            "trade_id": "505886de-2f03-4dbd-8600-0c0d7c7e4d8c",
            "ticker": "KXHIGHDEN-25FEB27-B61.5",
            "count": 10,
            "created_time": "2025-02-27T21:02:48.692337Z",
            "yes_price": 34,
            "no_price": 66,
            "taker_side": "yes"
        },
        {
            "trade_id": "f6f313ab-885b-4bc0-8b72-89ecf7cfc53f",
            "ticker": "KXHIGHDEN-25FEB27-B61.5",
            "count": 94,
            "created_time": "2025-02-27T21:00:50.91911Z",
            "yes_price": 33,
            "no_price": 67,
            "taker_side": "no"
        },
        {
            "trade_id": "a07fa5b7-6297-440d-b0e1-e66e84b88283",
            "ticker": "KXHIGHDEN-25FEB27-B61.5",
            "count": 16,
            "created_time": "2025-02-27T21:00:50.91911Z",
            "yes_price": 34,
            "no_price": 66,
            "taker_side": "no"
        },
        {
            "trade_id": "1928f764-55a1-4b94-b1f9-d39d56375715",
            "ticker": "KXHIGHDEN-25FEB27-B61.5",
            "count": 17,
            "created_time": "2025-02-27T21:00:23.727391Z",
            "yes_price": 34,
            "no_price": 66,
            "taker_side": "no"
        },
        {
            "trade_id": "98f5c8d0-1233-48e2-903b-29a56d107499",
            "ticker": "KXHIGHDEN-25FEB27-B61.5",
            "count": 4,
            "created_time": "2025-02-27T20:58:44.748936Z",
            "yes_price": 33,
            "no_price": 67,
            "taker_side": "no"
        },
        {
            "trade_id": "5529f352-1096-4921-a1e3-f737ece676bf",
            "ticker": "KXHIGHDEN-25FEB27-B61.5",
            "count": 300,
            "created_time": "2025-02-27T20:58:05.990642Z",
            "yes_price": 35,
            "no_price": 65,
            "taker_side": "no"
        },
        {
            "trade_id": "2700601b-148a-4077-a4f7-f27c21e24321",
            "ticker": "KXHIGHDEN-25FEB27-B61.5",
            "count": 15,
            "created_time": "2025-02-27T20:44:51.811483Z",
            "yes_price": 9,
            "no_price": 91,
            "taker_side": "yes"
        },
        {
            "trade_id": "a32a9b6b-5077-4c9a-8bb9-ec92b189b72b",
            "ticker": "KXHIGHDEN-25FEB27-B61.5",
            "count": 210,
            "created_time": "2025-02-27T20:40:00.497622Z",
            "yes_price": 15,
            "no_price": 85,
            "taker_side": "no"
        },
        {
            "trade_id": "6dfa7920-3f1f-45f2-8c79-bb9fdb3946bf",
            "ticker": "KXHIGHDEN-25FEB27-B61.5",
            "count": 200,
            "created_time": "2025-02-27T20:40:00.497622Z",
            "yes_price": 15,
            "no_price": 85,
            "taker_side": "no"
        },
        {
            "trade_id": "d82e60af-aa01-47e3-a5d5-d9b9d02a914a",
            "ticker": "KXHIGHDEN-25FEB27-B61.5",
            "count": 49,
            "created_time": "2025-02-27T20:39:46.169673Z",
            "yes_price": 16,
            "no_price": 84,
            "taker_side": "yes"
        },
        {
            "trade_id": "d0b6f9f4-05e8-4d20-a2b7-aa36af1c183e",
            "ticker": "KXHIGHDEN-25FEB27-B61.5",
            "count": 5,
            "created_time": "2025-02-27T20:39:45.154187Z",
            "yes_price": 16,
            "no_price": 84,
            "taker_side": "no"
        },
        {
            "trade_id": "990ea22b-bb09-4749-8ffb-659b8e0bcaa7",
            "ticker": "KXHIGHDEN-25FEB27-B61.5",
            "count": 15,
            "created_time": "2025-02-27T20:39:45.154187Z",
            "yes_price": 16,
            "no_price": 84,
            "taker_side": "no"
        },
        {
            "trade_id": "efec9952-82b7-4ee6-b333-454a9f5b3e5b",
            "ticker": "KXHIGHDEN-25FEB27-B61.5",
            "count": 4,
            "created_time": "2025-02-27T20:38:14.777946Z",
            "yes_price": 22,
            "no_price": 78,
            "taker_side": "yes"
        },
        {
            "trade_id": "8394e159-4af3-4ca5-8dca-72f94670e761",
            "ticker": "KXHIGHDEN-25FEB27-B61.5",
            "count": 29,
            "created_time": "2025-02-27T20:31:14.431874Z",
            "yes_price": 33,
            "no_price": 67,
            "taker_side": "no"
        },
        {
            "trade_id": "49ff746b-7309-4190-bbb1-cab0c38d33a4",
            "ticker": "KXHIGHDEN-25FEB27-B61.5",
            "count": 50,
            "created_time": "2025-02-27T20:23:35.159082Z",
            "yes_price": 22,
            "no_price": 78,
            "taker_side": "yes"
        },
        {
            "trade_id": "f5fa0c2d-8d91-44b5-a3ac-72412adb42d9",
            "ticker": "KXHIGHDEN-25FEB27-B61.5",
            "count": 300,
            "created_time": "2025-02-27T20:19:47.140359Z",
            "yes_price": 27,
            "no_price": 73,
            "taker_side": "no"
        },
        {
            "trade_id": "dc0ea4a4-44f1-475b-be7f-27115c152105",
            "ticker": "KXHIGHDEN-25FEB27-B61.5",
            "count": 100,
            "created_time": "2025-02-27T20:19:47.140359Z",
            "yes_price": 27,
            "no_price": 73,
            "taker_side": "no"
        },
        {
            "trade_id": "c35f4b75-cc3f-41a0-b9bb-ec9271fe66af",
            "ticker": "KXHIGHDEN-25FEB27-B61.5",
            "count": 50,
            "created_time": "2025-02-27T20:19:47.140359Z",
            "yes_price": 28,
            "no_price": 72,
            "taker_side": "no"
        },
        {
            "trade_id": "806ac88e-5ac9-406d-ba08-f348215e284a",
            "ticker": "KXHIGHDEN-25FEB27-B61.5",
            "count": 500,
            "created_time": "2025-02-27T20:19:47.140359Z",
            "yes_price": 28,
            "no_price": 72,
            "taker_side": "no"
        },
        {
            "trade_id": "360bd23b-e4e3-41c6-bd7e-34410f3f09e0",
            "ticker": "KXHIGHDEN-25FEB27-B61.5",
            "count": 85,
            "created_time": "2025-02-27T20:19:47.140359Z",
            "yes_price": 29,
            "no_price": 71,
            "taker_side": "no"
        },
        {
            "trade_id": "2a08f6ec-2e10-41af-9d2f-24b29091881b",
            "ticker": "KXHIGHDEN-25FEB27-B61.5",
            "count": 2,
            "created_time": "2025-02-27T20:19:47.140359Z",
            "yes_price": 28,
            "no_price": 72,
            "taker_side": "no"
        },
        {
            "trade_id": "0997afb5-4668-44b0-8077-8e41f8ac7fd9",
            "ticker": "KXHIGHDEN-25FEB27-B61.5",
            "count": 99,
            "created_time": "2025-02-27T20:19:47.140359Z",
            "yes_price": 28,
            "no_price": 72,
            "taker_side": "no"
        },
        {
            "trade_id": "cfffef0d-0c95-4f79-b9f1-2c1cb350d5b0",
            "ticker": "KXHIGHDEN-25FEB27-B61.5",
            "count": 1,
            "created_time": "2025-02-27T20:18:47.363362Z",
            "yes_price": 31,
            "no_price": 69,
            "taker_side": "no"
        },
        {
            "trade_id": "3e71f8b4-2766-404d-be2d-2473d7d8ca83",
            "ticker": "KXHIGHDEN-25FEB27-B61.5",
            "count": 1,
            "created_time": "2025-02-27T20:18:47.363362Z",
            "yes_price": 30,
            "no_price": 70,
            "taker_side": "no"
        },
        {
            "trade_id": "44259a76-325d-4166-931e-160e233ae778",
            "ticker": "KXHIGHDEN-25FEB27-B61.5",
            "count": 1,
            "created_time": "2025-02-27T20:12:03.416734Z",
            "yes_price": 59,
            "no_price": 41,
            "taker_side": "yes"
        },
        {
            "trade_id": "86c2a68f-4968-41d6-80fc-b18e2de0f5ac",
            "ticker": "KXHIGHDEN-25FEB27-B61.5",
            "count": 24,
            "created_time": "2025-02-27T20:08:31.485091Z",
            "yes_price": 22,
            "no_price": 78,
            "taker_side": "no"
        },
        {
            "trade_id": "2a82708c-681f-4e2a-9e2b-76fadf745fbf",
            "ticker": "KXHIGHDEN-25FEB27-B61.5",
            "count": 11,
            "created_time": "2025-02-27T20:07:38.0294Z",
            "yes_price": 22,
            "no_price": 78,
            "taker_side": "no"
        },
        {
            "trade_id": "eab23eb7-b2cd-4800-9435-c34537895524",
            "ticker": "KXHIGHDEN-25FEB27-B61.5",
            "count": 99,
            "created_time": "2025-02-27T19:58:40.924409Z",
            "yes_price": 29,
            "no_price": 71,
            "taker_side": "yes"
        },
        {
            "trade_id": "5efbd07b-789c-4ff1-84c7-e2b33293e5c4",
            "ticker": "KXHIGHDEN-25FEB27-B61.5",
            "count": 300,
            "created_time": "2025-02-27T19:58:40.924409Z",
            "yes_price": 29,
            "no_price": 71,
            "taker_side": "yes"
        },
        {
            "trade_id": "5931788b-04bd-4525-b80c-f0918e5d07f0",
            "ticker": "KXHIGHDEN-25FEB27-B61.5",
            "count": 50,
            "created_time": "2025-02-27T19:58:40.924409Z",
            "yes_price": 27,
            "no_price": 73,
            "taker_side": "yes"
        },
        {
            "trade_id": "3457a60b-4e8b-4393-a835-bdfc3525b33a",
            "ticker": "KXHIGHDEN-25FEB27-B61.5",
            "count": 64,
            "created_time": "2025-02-27T19:58:40.924409Z",
            "yes_price": 28,
            "no_price": 72,
            "taker_side": "yes"
        },
        {
            "trade_id": "33381393-ffbb-4124-a9b1-deb4fce084c0",
            "ticker": "KXHIGHDEN-25FEB27-B61.5",
            "count": 18,
            "created_time": "2025-02-27T19:58:40.924409Z",
            "yes_price": 30,
            "no_price": 70,
            "taker_side": "yes"
        },
        {
            "trade_id": "20fef18a-6cf0-482d-9a2d-3bffcc0b5f7e",
            "ticker": "KXHIGHDEN-25FEB27-B61.5",
            "count": 6,
            "created_time": "2025-02-27T19:58:40.924409Z",
            "yes_price": 28,
            "no_price": 72,
            "taker_side": "yes"
        },
        {
            "trade_id": "009c7e94-ba79-471c-a7b1-af312c745b28",
            "ticker": "KXHIGHDEN-25FEB27-B61.5",
            "count": 11,
            "created_time": "2025-02-27T19:58:40.924409Z",
            "yes_price": 28,
            "no_price": 72,
            "taker_side": "yes"
        },
        {
            "trade_id": "39bdbf1e-f7a1-4b0f-a0cd-b1cda23822a8",
            "ticker": "KXHIGHDEN-25FEB27-B61.5",
            "count": 12,
            "created_time": "2025-02-27T19:46:29.752903Z",
            "yes_price": 16,
            "no_price": 84,
            "taker_side": "no"
        },
        {
            "trade_id": "58563351-c3b8-412e-b08e-5e6929d29be0",
            "ticker": "KXHIGHDEN-25FEB27-B61.5",
            "count": 28,
            "created_time": "2025-02-27T19:45:16.171023Z",
            "yes_price": 29,
            "no_price": 71,
            "taker_side": "yes"
        },
        {
            "trade_id": "13576c49-8ed7-4631-94a5-a59ec66f58bc",
            "ticker": "KXHIGHDEN-25FEB27-B61.5",
            "count": 1,
            "created_time": "2025-02-27T19:45:16.171023Z",
            "yes_price": 28,
            "no_price": 72,
            "taker_side": "yes"
        },
        {
            "trade_id": "7441373b-68f8-49e5-a947-e42b2ad9e101",
            "ticker": "KXHIGHDEN-25FEB27-B61.5",
            "count": 1,
            "created_time": "2025-02-27T19:40:50.192379Z",
            "yes_price": 24,
            "no_price": 76,
            "taker_side": "no"
        },
        {
            "trade_id": "f7960732-2c14-4b17-b24c-0549c422db6e",
            "ticker": "KXHIGHDEN-25FEB27-B61.5",
            "count": 1,
            "created_time": "2025-02-27T19:40:16.03333Z",
            "yes_price": 24,
            "no_price": 76,
            "taker_side": "yes"
        },
        {
            "trade_id": "cdf3330c-7e74-4132-9599-4b4df169d3d4",
            "ticker": "KXHIGHDEN-25FEB27-B61.5",
            "count": 15,
            "created_time": "2025-02-27T19:40:16.03333Z",
            "yes_price": 22,
            "no_price": 78,
            "taker_side": "yes"
        },
        {
            "trade_id": "97b987e5-34f2-43fd-afaa-d7b31b20965e",
            "ticker": "KXHIGHDEN-25FEB27-B61.5",
            "count": 50,
            "created_time": "2025-02-27T19:40:16.03333Z",
            "yes_price": 23,
            "no_price": 77,
            "taker_side": "yes"
        },
        {
            "trade_id": "cc320110-1d3a-45c0-8754-7c865586a6d9",
            "ticker": "KXHIGHDEN-25FEB27-B61.5",
            "count": 50,
            "created_time": "2025-02-27T19:38:25.062086Z",
            "yes_price": 26,
            "no_price": 74,
            "taker_side": "yes"
        },
        {
            "trade_id": "a65b4e57-9d94-48dd-9975-1b3b42c5c315",
            "ticker": "KXHIGHDEN-25FEB27-B61.5",
            "count": 15,
            "created_time": "2025-02-27T19:38:25.062086Z",
            "yes_price": 25,
            "no_price": 75,
            "taker_side": "yes"
        },
        {
            "trade_id": "5e6ee299-0f71-4965-9157-9473669e92ff",
            "ticker": "KXHIGHDEN-25FEB27-B61.5",
            "count": 20,
            "created_time": "2025-02-27T19:38:25.062086Z",
            "yes_price": 25,
            "no_price": 75,
            "taker_side": "yes"
        },
        {
            "trade_id": "c76020b9-0f0a-4e60-b763-d6df150bb100",
            "ticker": "KXHIGHDEN-25FEB27-B61.5",
            "count": 14,
            "created_time": "2025-02-27T19:36:59.994294Z",
            "yes_price": 18,
            "no_price": 82,
            "taker_side": "no"
        },
        {
            "trade_id": "941c6c2f-5176-4dac-8561-a1387df225d8",
            "ticker": "KXHIGHDEN-25FEB27-B61.5",
            "count": 15,
            "created_time": "2025-02-27T19:36:59.994294Z",
            "yes_price": 19,
            "no_price": 81,
            "taker_side": "no"
        },
        {
            "trade_id": "5c53866d-ef88-4101-8761-265cc7a53694",
            "ticker": "KXHIGHDEN-25FEB27-B61.5",
            "count": 4,
            "created_time": "2025-02-27T19:36:59.994294Z",
            "yes_price": 20,
            "no_price": 80,
            "taker_side": "no"
        },
        {
            "trade_id": "4809b79b-e458-4fe0-95b1-a3e4b03117ad",
            "ticker": "KXHIGHDEN-25FEB27-B61.5",
            "count": 59,
            "created_time": "2025-02-27T19:28:44.73529Z",
            "yes_price": 31,
            "no_price": 69,
            "taker_side": "no"
        },
        {
            "trade_id": "1cbf4d1d-0b3c-4794-8aee-c8352f38b7b0",
            "ticker": "KXHIGHDEN-25FEB27-B61.5",
            "count": 26,
            "created_time": "2025-02-27T19:28:44.73529Z",
            "yes_price": 32,
            "no_price": 68,
            "taker_side": "no"
        },
        {
            "trade_id": "ec736f2b-859e-4a14-93e8-b512c53691cd",
            "ticker": "KXHIGHDEN-25FEB27-B61.5",
            "count": 30,
            "created_time": "2025-02-27T19:28:17.3978Z",
            "yes_price": 35,
            "no_price": 65,
            "taker_side": "no"
        },
        {
            "trade_id": "b3c190a8-f411-43fd-9bd5-18b359a3d788",
            "ticker": "KXHIGHDEN-25FEB27-B61.5",
            "count": 50,
            "created_time": "2025-02-27T19:28:17.3978Z",
            "yes_price": 33,
            "no_price": 67,
            "taker_side": "no"
        },
        {
            "trade_id": "ad3ff9ca-60fa-474f-85f8-29e9c61e4d72",
            "ticker": "KXHIGHDEN-25FEB27-B61.5",
            "count": 99,
            "created_time": "2025-02-27T19:28:17.3978Z",
            "yes_price": 32,
            "no_price": 68,
            "taker_side": "no"
        },
        {
            "trade_id": "8195146a-250e-4708-9b95-63b4bd7bce59",
            "ticker": "KXHIGHDEN-25FEB27-B61.5",
            "count": 15,
            "created_time": "2025-02-27T19:28:17.3978Z",
            "yes_price": 39,
            "no_price": 61,
            "taker_side": "no"
        },
        {
            "trade_id": "503248a3-e973-4cfe-97c1-07c1c43c1d51",
            "ticker": "KXHIGHDEN-25FEB27-B61.5",
            "count": 50,
            "created_time": "2025-02-27T19:28:17.3978Z",
            "yes_price": 38,
            "no_price": 62,
            "taker_side": "no"
        },
        {
            "trade_id": "31dac9d0-54be-4277-863d-4756c87bb238",
            "ticker": "KXHIGHDEN-25FEB27-B61.5",
            "count": 300,
            "created_time": "2025-02-27T19:28:17.3978Z",
            "yes_price": 32,
            "no_price": 68,
            "taker_side": "no"
        },
        {
            "trade_id": "1ad7198e-790b-45be-8a07-822498408a34",
            "ticker": "KXHIGHDEN-25FEB27-B61.5",
            "count": 22,
            "created_time": "2025-02-27T19:28:17.3978Z",
            "yes_price": 31,
            "no_price": 69,
            "taker_side": "no"
        },
        {
            "trade_id": "0a50d222-f86f-4701-b332-38cdb5af9681",
            "ticker": "KXHIGHDEN-25FEB27-B61.5",
            "count": 20,
            "created_time": "2025-02-27T19:28:17.3978Z",
            "yes_price": 39,
            "no_price": 61,
            "taker_side": "no"
        },
        {
            "trade_id": "dda55d15-4bf9-48b4-8e00-5b372a5e19b2",
            "ticker": "KXHIGHDEN-25FEB27-B61.5",
            "count": 25,
            "created_time": "2025-02-27T19:04:47.98165Z",
            "yes_price": 26,
            "no_price": 74,
            "taker_side": "no"
        },
        {
            "trade_id": "e7b581e0-c475-4676-8cd1-3439e18ac95f",
            "ticker": "KXHIGHDEN-25FEB27-B61.5",
            "count": 11,
            "created_time": "2025-02-27T19:03:03.162155Z",
            "yes_price": 26,
            "no_price": 74,
            "taker_side": "no"
        },
        {
            "trade_id": "50b17a68-17fc-42ae-bacf-9607d9915d3a",
            "ticker": "KXHIGHDEN-25FEB27-B61.5",
            "count": 52,
            "created_time": "2025-02-27T19:03:03.162155Z",
            "yes_price": 26,
            "no_price": 74,
            "taker_side": "no"
        },
        {
            "trade_id": "3b29d712-e156-47f7-a019-bd6edead4c67",
            "ticker": "KXHIGHDEN-25FEB27-B61.5",
            "count": 37,
            "created_time": "2025-02-27T19:03:02.310697Z",
            "yes_price": 27,
            "no_price": 73,
            "taker_side": "no"
        },
        {
            "trade_id": "f21dc4a0-cf5d-4a75-b83b-c706d52cf4c8",
            "ticker": "KXHIGHDEN-25FEB27-B61.5",
            "count": 8,
            "created_time": "2025-02-27T19:02:33.857933Z",
            "yes_price": 27,
            "no_price": 73,
            "taker_side": "no"
        },
        {
            "trade_id": "de7ac113-110b-40ab-b609-b2eec61da170",
            "ticker": "KXHIGHDEN-25FEB27-B61.5",
            "count": 5,
            "created_time": "2025-02-27T19:01:26.292317Z",
            "yes_price": 27,
            "no_price": 73,
            "taker_side": "no"
        },
        {
            "trade_id": "f921474b-8d34-404b-b429-52f8828ec703",
            "ticker": "KXHIGHDEN-25FEB27-B61.5",
            "count": 7,
            "created_time": "2025-02-27T19:00:30.892425Z",
            "yes_price": 39,
            "no_price": 61,
            "taker_side": "yes"
        },
        {
            "trade_id": "b529057a-1e59-4f17-9fd9-ca4f81382fba",
            "ticker": "KXHIGHDEN-25FEB27-B61.5",
            "count": 18,
            "created_time": "2025-02-27T19:00:30.892425Z",
            "yes_price": 38,
            "no_price": 62,
            "taker_side": "yes"
        },
        {
            "trade_id": "e6d51c92-ad49-43f4-8262-258c168780f6",
            "ticker": "KXHIGHDEN-25FEB27-B61.5",
            "count": 5,
            "created_time": "2025-02-27T18:56:56.188187Z",
            "yes_price": 34,
            "no_price": 66,
            "taker_side": "yes"
        },
        {
            "trade_id": "28c8fd47-2043-4102-bb25-42a3455f1493",
            "ticker": "KXHIGHDEN-25FEB27-B61.5",
            "count": 5,
            "created_time": "2025-02-27T18:55:16.88662Z",
            "yes_price": 34,
            "no_price": 66,
            "taker_side": "yes"
        },
        {
            "trade_id": "e310800b-ef8c-4b39-8434-567f594d720c",
            "ticker": "KXHIGHDEN-25FEB27-B61.5",
            "count": 5,
            "created_time": "2025-02-27T18:15:36.70447Z",
            "yes_price": 32,
            "no_price": 68,
            "taker_side": "yes"
        },
        {
            "trade_id": "805dba8a-062c-4a49-85ec-923ad27dc33d",
            "ticker": "KXHIGHDEN-25FEB27-B61.5",
            "count": 28,
            "created_time": "2025-02-27T18:15:36.70447Z",
            "yes_price": 33,
            "no_price": 67,
            "taker_side": "yes"
        },
        {
            "trade_id": "f89b84cd-d7a1-4066-a1ab-ad909eecb34a",
            "ticker": "KXHIGHDEN-25FEB27-B61.5",
            "count": 127,
            "created_time": "2025-02-27T18:14:00.989478Z",
            "yes_price": 31,
            "no_price": 69,
            "taker_side": "no"
        },
        {
            "trade_id": "20000411-eb54-4114-be9c-03eddaeadc46",
            "ticker": "KXHIGHDEN-25FEB27-B61.5",
            "count": 44,
            "created_time": "2025-02-27T18:14:00.989478Z",
            "yes_price": 33,
            "no_price": 67,
            "taker_side": "no"
        },
        {
            "trade_id": "7fe3fcbf-283b-4344-bac1-9577fd396052",
            "ticker": "KXHIGHDEN-25FEB27-B61.5",
            "count": 5,
            "created_time": "2025-02-27T18:11:43.660995Z",
            "yes_price": 34,
            "no_price": 66,
            "taker_side": "no"
        },
        {
            "trade_id": "d183ec07-0701-476f-98b4-308212ab0e16",
            "ticker": "KXHIGHDEN-25FEB27-B61.5",
            "count": 22,
            "created_time": "2025-02-27T18:11:08.043748Z",
            "yes_price": 35,
            "no_price": 65,
            "taker_side": "no"
        },
        {
            "trade_id": "1f0f924e-36c7-4046-9dfb-b112541a9d74",
            "ticker": "KXHIGHDEN-25FEB27-B61.5",
            "count": 32,
            "created_time": "2025-02-27T18:11:07.161606Z",
            "yes_price": 35,
            "no_price": 65,
            "taker_side": "no"
        },
        {
            "trade_id": "8d77d5e7-8d02-44f9-a438-3b777dd48d4c",
            "ticker": "KXHIGHDEN-25FEB27-B61.5",
            "count": 32,
            "created_time": "2025-02-27T18:11:06.313664Z",
            "yes_price": 35,
            "no_price": 65,
            "taker_side": "no"
        },
        {
            "trade_id": "b4b77342-04cc-4cf0-a8f6-11d913e2ce0a",
            "ticker": "KXHIGHDEN-25FEB27-B61.5",
            "count": 36,
            "created_time": "2025-02-27T17:36:57.163531Z",
            "yes_price": 35,
            "no_price": 65,
            "taker_side": "no"
        },
        {
            "trade_id": "e75de85c-d17a-454b-a193-c562e21ae28d",
            "ticker": "KXHIGHDEN-25FEB27-B61.5",
            "count": 36,
            "created_time": "2025-02-27T17:27:37.296118Z",
            "yes_price": 38,
            "no_price": 62,
            "taker_side": "no"
        },
        {
            "trade_id": "c0c911a9-2a37-4bbb-af7a-c47823693561",
            "ticker": "KXHIGHDEN-25FEB27-B61.5",
            "count": 51,
            "created_time": "2025-02-27T17:21:31.953923Z",
            "yes_price": 38,
            "no_price": 62,
            "taker_side": "no"
        },
        {
            "trade_id": "667387fd-2bf9-4fb0-aeca-fda6e3867dc7",
            "ticker": "KXHIGHDEN-25FEB27-B61.5",
            "count": 11,
            "created_time": "2025-02-27T17:18:34.44711Z",
            "yes_price": 38,
            "no_price": 62,
            "taker_side": "no"
        },
        {
            "trade_id": "19bc6978-402e-4b96-9aa8-4f7259aa2a09",
            "ticker": "KXHIGHDEN-25FEB27-B61.5",
            "count": 2,
            "created_time": "2025-02-27T17:18:25.644132Z",
            "yes_price": 38,
            "no_price": 62,
            "taker_side": "no"
        },
        {
            "trade_id": "89cd32c5-050e-4147-9405-d3b86b87d7d5",
            "ticker": "KXHIGHDEN-25FEB27-B61.5",
            "count": 12,
            "created_time": "2025-02-27T16:59:47.481041Z",
            "yes_price": 39,
            "no_price": 61,
            "taker_side": "yes"
        },
        {
            "trade_id": "cc6d7d8d-00c2-43ce-bc55-81123dabb26d",
            "ticker": "KXHIGHDEN-25FEB27-B61.5",
            "count": 26,
            "created_time": "2025-02-27T16:59:36.061387Z",
            "yes_price": 39,
            "no_price": 61,
            "taker_side": "no"
        },
        {
            "trade_id": "34cdc909-0513-444f-a4ca-22a3e8f2e9f1",
            "ticker": "KXHIGHDEN-25FEB27-B61.5",
            "count": 10,
            "created_time": "2025-02-27T16:58:39.521093Z",
            "yes_price": 40,
            "no_price": 60,
            "taker_side": "yes"
        },
        {
            "trade_id": "745173e7-3a7b-4051-8ae9-4bf793ec5425",
            "ticker": "KXHIGHDEN-25FEB27-B61.5",
            "count": 22,
            "created_time": "2025-02-27T16:50:15.004751Z",
            "yes_price": 40,
            "no_price": 60,
            "taker_side": "yes"
        },
        {
            "trade_id": "3d938fa1-89cf-4ee0-b9a1-0146ffcdd7b3",
            "ticker": "KXHIGHDEN-25FEB27-B61.5",
            "count": 17,
            "created_time": "2025-02-27T16:50:15.004751Z",
            "yes_price": 41,
            "no_price": 59,
            "taker_side": "yes"
        },
        {
            "trade_id": "3d935dbb-79a4-4077-8648-50df77d64f34",
            "ticker": "KXHIGHDEN-25FEB27-B61.5",
            "count": 43,
            "created_time": "2025-02-27T16:50:15.004751Z",
            "yes_price": 41,
            "no_price": 59,
            "taker_side": "yes"
        },
        {
            "trade_id": "bbed1cbf-4597-4a5f-bdfc-fb161c5796b2",
            "ticker": "KXHIGHDEN-25FEB27-B61.5",
            "count": 5,
            "created_time": "2025-02-27T16:35:11.409916Z",
            "yes_price": 41,
            "no_price": 59,
            "taker_side": "yes"
        },
        {
            "trade_id": "d8c2e4ac-3545-4c67-9539-51a3509e9eba",
            "ticker": "KXHIGHDEN-25FEB27-B61.5",
            "count": 40,
            "created_time": "2025-02-27T16:33:08.922559Z",
            "yes_price": 40,
            "no_price": 60,
            "taker_side": "no"
        },
        {
            "trade_id": "41d3b14a-bde2-42be-b878-bb4759c16625",
            "ticker": "KXHIGHDEN-25FEB27-B61.5",
            "count": 41,
            "created_time": "2025-02-27T16:33:08.800797Z",
            "yes_price": 41,
            "no_price": 59,
            "taker_side": "no"
        },
        {
            "trade_id": "60d1e90f-9ff8-4d60-9fc1-f7f2bcbe2756",
            "ticker": "KXHIGHDEN-25FEB27-B61.5",
            "count": 21,
            "created_time": "2025-02-27T16:24:29.400405Z",
            "yes_price": 41,
            "no_price": 59,
            "taker_side": "no"
        },
        {
            "trade_id": "7d7ce3a6-d3f9-4bcd-b7cd-133dd1f6c5fd",
            "ticker": "KXHIGHDEN-25FEB27-B61.5",
            "count": 21,
            "created_time": "2025-02-27T16:24:09.693557Z",
            "yes_price": 42,
            "no_price": 58,
            "taker_side": "yes"
        },
        {
            "trade_id": "0c8e0939-8edc-426e-a2cf-e63526f7ba1d",
            "ticker": "KXHIGHDEN-25FEB27-B61.5",
            "count": 52,
            "created_time": "2025-02-27T16:22:19.799447Z",
            "yes_price": 44,
            "no_price": 56,
            "taker_side": "yes"
        },
        {
            "trade_id": "7a5d4cee-bedf-4c3d-b6c8-ccccf87154f2",
            "ticker": "KXHIGHDEN-25FEB27-B61.5",
            "count": 6,
            "created_time": "2025-02-27T16:22:15.651162Z",
            "yes_price": 42,
            "no_price": 58,
            "taker_side": "no"
        },
        {
            "trade_id": "58866f16-8359-43ba-ad29-55bc387554ba",
            "ticker": "KXHIGHDEN-25FEB27-B61.5",
            "count": 8,
            "created_time": "2025-02-27T16:22:15.651162Z",
            "yes_price": 42,
            "no_price": 58,
            "taker_side": "no"
        },
        {
            "trade_id": "9c2772a1-1f43-4822-ab3c-6bf679b07581",
            "ticker": "KXHIGHDEN-25FEB27-B61.5",
            "count": 22,
            "created_time": "2025-02-27T16:21:43.665858Z",
            "yes_price": 42,
            "no_price": 58,
            "taker_side": "no"
        },
        {
            "trade_id": "c861d1d4-e1bd-4e17-b13c-d0d4bcb12fab",
            "ticker": "KXHIGHDEN-25FEB27-B61.5",
            "count": 24,
            "created_time": "2025-02-27T16:21:07.560851Z",
            "yes_price": 43,
            "no_price": 57,
            "taker_side": "yes"
        },
        {
            "trade_id": "854b92c5-6d1b-498d-a97f-15905c433a74",
            "ticker": "KXHIGHDEN-25FEB27-B61.5",
            "count": 5,
            "created_time": "2025-02-27T16:21:07.560851Z",
            "yes_price": 43,
            "no_price": 57,
            "taker_side": "yes"
        },
        {
            "trade_id": "6145f46d-fbd9-455c-a608-d66413268c76",
            "ticker": "KXHIGHDEN-25FEB27-B61.5",
            "count": 14,
            "created_time": "2025-02-27T16:21:05.479495Z",
            "yes_price": 42,
            "no_price": 58,
            "taker_side": "no"
        },
        {
            "trade_id": "fef3071d-781d-4fd0-bd94-e80d8b2f2d0e",
            "ticker": "KXHIGHDEN-25FEB27-B61.5",
            "count": 10,
            "created_time": "2025-02-27T16:20:11.68348Z",
            "yes_price": 42,
            "no_price": 58,
            "taker_side": "yes"
        },
        {
            "trade_id": "2574b2a7-71b0-4572-bcda-9ee02dc5680a",
            "ticker": "KXHIGHDEN-25FEB27-B61.5",
            "count": 25,
            "created_time": "2025-02-27T16:20:11.68348Z",
            "yes_price": 42,
            "no_price": 58,
            "taker_side": "yes"
        },
        {
            "trade_id": "32507745-9853-4ec0-b459-f6cd0e92d396",
            "ticker": "KXHIGHDEN-25FEB27-B61.5",
            "count": 24,
            "created_time": "2025-02-27T16:18:42.732877Z",
            "yes_price": 40,
            "no_price": 60,
            "taker_side": "yes"
        },
        {
            "trade_id": "fccc88d4-5fc2-4fec-a291-a26771b68a32",
            "ticker": "KXHIGHDEN-25FEB27-B61.5",
            "count": 19,
            "created_time": "2025-02-27T16:18:36.234852Z",
            "yes_price": 40,
            "no_price": 60,
            "taker_side": "yes"
        },
        {
            "trade_id": "5d1f8e49-9635-4f87-b674-6aee1a9531a2",
            "ticker": "KXHIGHDEN-25FEB27-B61.5",
            "count": 20,
            "created_time": "2025-02-27T16:18:36.234852Z",
            "yes_price": 40,
            "no_price": 60,
            "taker_side": "yes"
        },
        {
            "trade_id": "468e964c-3599-4663-8701-e9573227eb07",
            "ticker": "KXHIGHDEN-25FEB27-B61.5",
            "count": 39,
            "created_time": "2025-02-27T16:13:00.522996Z",
            "yes_price": 36,
            "no_price": 64,
            "taker_side": "no"
        },
        {
            "trade_id": "fa9c027a-cc6f-4ad1-99fd-bb9fd36e9ddb",
            "ticker": "KXHIGHDEN-25FEB27-B61.5",
            "count": 14,
            "created_time": "2025-02-27T15:12:18.048454Z",
            "yes_price": 32,
            "no_price": 68,
            "taker_side": "no"
        },
        {
            "trade_id": "9c69f935-c4e4-445c-a6ff-b4d9b811213f",
            "ticker": "KXHIGHDEN-25FEB27-B61.5",
            "count": 8,
            "created_time": "2025-02-27T15:08:15.818792Z",
            "yes_price": 35,
            "no_price": 65,
            "taker_side": "yes"
        },
        {
            "trade_id": "f7c7c904-e5e6-4822-8c46-5e09b0c0e96f",
            "ticker": "KXHIGHDEN-25FEB27-B61.5",
            "count": 35,
            "created_time": "2025-02-27T14:37:16.065683Z",
            "yes_price": 35,
            "no_price": 65,
            "taker_side": "yes"
        },
        {
            "trade_id": "59fae3df-f455-4244-a4c3-5ea4df5b923b",
            "ticker": "KXHIGHDEN-25FEB27-B61.5",
            "count": 20,
            "created_time": "2025-02-27T14:37:16.065683Z",
            "yes_price": 34,
            "no_price": 66,
            "taker_side": "yes"
        },
        {
            "trade_id": "c99fbee8-cd24-4c2f-acef-95df777fbd17",
            "ticker": "KXHIGHDEN-25FEB27-B61.5",
            "count": 1,
            "created_time": "2025-02-27T13:29:49.269843Z",
            "yes_price": 27,
            "no_price": 73,
            "taker_side": "no"
        },
        {
            "trade_id": "559f5ca5-aa5e-4fbc-b325-44b6f378cc2b",
            "ticker": "KXHIGHDEN-25FEB27-B61.5",
            "count": 294,
            "created_time": "2025-02-27T13:25:32.675212Z",
            "yes_price": 32,
            "no_price": 68,
            "taker_side": "yes"
        },
        {
            "trade_id": "53715c3b-46b0-45de-b4d9-35ad4c32f24e",
            "ticker": "KXHIGHDEN-25FEB27-B61.5",
            "count": 4,
            "created_time": "2025-02-27T13:25:32.675212Z",
            "yes_price": 31,
            "no_price": 69,
            "taker_side": "yes"
        },
        {
            "trade_id": "5e038838-6d42-4e64-9621-35dcd627842d",
            "ticker": "KXHIGHDEN-25FEB27-B61.5",
            "count": 25,
            "created_time": "2025-02-27T13:02:20.242501Z",
            "yes_price": 34,
            "no_price": 66,
            "taker_side": "no"
        },
        {
            "trade_id": "1cbfa914-dc72-4fa9-859e-635352071f27",
            "ticker": "KXHIGHDEN-25FEB27-B61.5",
            "count": 240,
            "created_time": "2025-02-27T13:02:20.157006Z",
            "yes_price": 34,
            "no_price": 66,
            "taker_side": "no"
        },
        {
            "trade_id": "c4494dca-281c-4d80-bc32-326054e6aa65",
            "ticker": "KXHIGHDEN-25FEB27-B61.5",
            "count": 28,
            "created_time": "2025-02-27T13:02:19.910186Z",
            "yes_price": 34,
            "no_price": 66,
            "taker_side": "no"
        },
        {
            "trade_id": "586f22f2-3a59-4e66-ac50-993d3ec00493",
            "ticker": "KXHIGHDEN-25FEB27-B61.5",
            "count": 35,
            "created_time": "2025-02-27T07:55:56.623151Z",
            "yes_price": 31,
            "no_price": 69,
            "taker_side": "yes"
        },
        {
            "trade_id": "282b56f5-e1b9-484f-beda-176b4ea16903",
            "ticker": "KXHIGHDEN-25FEB27-B61.5",
            "count": 12,
            "created_time": "2025-02-27T07:55:56.623151Z",
            "yes_price": 31,
            "no_price": 69,
            "taker_side": "yes"
        },
        {
            "trade_id": "1bb61288-5d06-4d29-94ea-d3626ce9a7a8",
            "ticker": "KXHIGHDEN-25FEB27-B61.5",
            "count": 44,
            "created_time": "2025-02-27T07:55:56.623151Z",
            "yes_price": 31,
            "no_price": 69,
            "taker_side": "yes"
        },
        {
            "trade_id": "d7e64412-4afb-4942-97c9-ef56fdcced97",
            "ticker": "KXHIGHDEN-25FEB27-B61.5",
            "count": 2,
            "created_time": "2025-02-27T07:53:52.364315Z",
            "yes_price": 25,
            "no_price": 75,
            "taker_side": "no"
        },
        {
            "trade_id": "9cdce4d1-068b-4468-8d95-7395d283fbd5",
            "ticker": "KXHIGHDEN-25FEB27-B61.5",
            "count": 40,
            "created_time": "2025-02-27T07:53:52.364315Z",
            "yes_price": 24,
            "no_price": 76,
            "taker_side": "no"
        },
        {
            "trade_id": "4cb1eb29-e0b0-4e57-bf90-198f1ea8b9cd",
            "ticker": "KXHIGHDEN-25FEB27-B61.5",
            "count": 3,
            "created_time": "2025-02-27T07:53:52.364315Z",
            "yes_price": 26,
            "no_price": 74,
            "taker_side": "no"
        },
        {
            "trade_id": "d273863e-b4d7-4285-9412-95a509164188",
            "ticker": "KXHIGHDEN-25FEB27-B61.5",
            "count": 15,
            "created_time": "2025-02-27T07:48:33.170466Z",
            "yes_price": 26,
            "no_price": 74,
            "taker_side": "no"
        },
        {
            "trade_id": "e4fcaeda-ee0c-4d10-8155-dc1f727324f5",
            "ticker": "KXHIGHDEN-25FEB27-B61.5",
            "count": 3,
            "created_time": "2025-02-27T05:51:26.999004Z",
            "yes_price": 25,
            "no_price": 75,
            "taker_side": "no"
        },
        {
            "trade_id": "beebaebc-9314-4c18-b810-e96e5f766bd4",
            "ticker": "KXHIGHDEN-25FEB27-B61.5",
            "count": 38,
            "created_time": "2025-02-27T05:11:59.953556Z",
            "yes_price": 25,
            "no_price": 75,
            "taker_side": "no"
        },
        {
            "trade_id": "06719eb2-ba6a-49ea-bc0a-94fbc0d49b17",
            "ticker": "KXHIGHDEN-25FEB27-B61.5",
            "count": 47,
            "created_time": "2025-02-27T05:11:59.953556Z",
            "yes_price": 25,
            "no_price": 75,
            "taker_side": "no"
        },
        {
            "trade_id": "4f49fdcf-7efb-4ba1-8d48-ee62a26d4730",
            "ticker": "KXHIGHDEN-25FEB27-B61.5",
            "count": 23,
            "created_time": "2025-02-27T05:11:06.595258Z",
            "yes_price": 27,
            "no_price": 73,
            "taker_side": "no"
        },
        {
            "trade_id": "5346c6dc-783c-4163-bebd-2a6243f2b37c",
            "ticker": "KXHIGHDEN-25FEB27-B61.5",
            "count": 1,
            "created_time": "2025-02-27T05:11:06.425129Z",
            "yes_price": 27,
            "no_price": 73,
            "taker_side": "yes"
        },
        {
            "trade_id": "42f32ad4-f5d2-43b6-8c8d-44a7a5c3070c",
            "ticker": "KXHIGHDEN-25FEB27-B61.5",
            "count": 12,
            "created_time": "2025-02-27T05:11:06.425129Z",
            "yes_price": 27,
            "no_price": 73,
            "taker_side": "yes"
        },
        {
            "trade_id": "142f21b2-a556-4a6c-98ac-6684f38ad363",
            "ticker": "KXHIGHDEN-25FEB27-B61.5",
            "count": 14,
            "created_time": "2025-02-27T05:11:06.425129Z",
            "yes_price": 27,
            "no_price": 73,
            "taker_side": "yes"
        },
        {
            "trade_id": "2083d55b-2bdd-473c-95d7-2d5033196b60",
            "ticker": "KXHIGHDEN-25FEB27-B61.5",
            "count": 2,
            "created_time": "2025-02-27T05:08:31.710599Z",
            "yes_price": 27,
            "no_price": 73,
            "taker_side": "yes"
        },
        {
            "trade_id": "7230145d-236a-4449-a036-7836407b8dcf",
            "ticker": "KXHIGHDEN-25FEB27-B61.5",
            "count": 12,
            "created_time": "2025-02-27T04:43:47.735648Z",
            "yes_price": 25,
            "no_price": 75,
            "taker_side": "no"
        },
        {
            "trade_id": "7475ce60-222c-49f0-aa1d-9fb46b5317bc",
            "ticker": "KXHIGHDEN-25FEB27-B61.5",
            "count": 13,
            "created_time": "2025-02-27T03:40:30.885445Z",
            "yes_price": 27,
            "no_price": 73,
            "taker_side": "yes"
        },
        {
            "trade_id": "42f1512f-4baf-4c78-a18b-3466eab1577c",
            "ticker": "KXHIGHDEN-25FEB27-B61.5",
            "count": 71,
            "created_time": "2025-02-27T03:30:24.242763Z",
            "yes_price": 27,
            "no_price": 73,
            "taker_side": "yes"
        },
        {
            "trade_id": "1c8b0fe6-8d14-4ce8-b328-9602bcb564ac",
            "ticker": "KXHIGHDEN-25FEB27-B61.5",
            "count": 44,
            "created_time": "2025-02-27T03:30:24.242763Z",
            "yes_price": 27,
            "no_price": 73,
            "taker_side": "yes"
        },
        {
            "trade_id": "e8aecd52-5719-4e54-9c1a-3b7543989c6c",
            "ticker": "KXHIGHDEN-25FEB27-B61.5",
            "count": 22,
            "created_time": "2025-02-27T03:30:04.55243Z",
            "yes_price": 26,
            "no_price": 74,
            "taker_side": "yes"
        },
        {
            "trade_id": "e50a913c-914b-4260-b90f-5dcfefde020e",
            "ticker": "KXHIGHDEN-25FEB27-B61.5",
            "count": 47,
            "created_time": "2025-02-27T03:30:04.55243Z",
            "yes_price": 28,
            "no_price": 72,
            "taker_side": "yes"
        },
        {
            "trade_id": "ff5043e3-7b60-4642-904e-5c19eca9abaf",
            "ticker": "KXHIGHDEN-25FEB27-B61.5",
            "count": 4,
            "created_time": "2025-02-27T03:19:51.176159Z",
            "yes_price": 26,
            "no_price": 74,
            "taker_side": "yes"
        },
        {
            "trade_id": "6c05175b-aa62-4a8d-b40d-597448419c63",
            "ticker": "KXHIGHDEN-25FEB27-B61.5",
            "count": 2,
            "created_time": "2025-02-27T03:19:51.176159Z",
            "yes_price": 27,
            "no_price": 73,
            "taker_side": "yes"
        },
        {
            "trade_id": "4f9081c0-7ad2-4cbb-932f-a7206cbf7c3b",
            "ticker": "KXHIGHDEN-25FEB27-B61.5",
            "count": 6,
            "created_time": "2025-02-27T03:19:51.176159Z",
            "yes_price": 28,
            "no_price": 72,
            "taker_side": "yes"
        },
        {
            "trade_id": "bfe88634-ce66-4c7c-b474-9fe7de6c0c4e",
            "ticker": "KXHIGHDEN-25FEB27-B61.5",
            "count": 1,
            "created_time": "2025-02-27T03:01:07.672803Z",
            "yes_price": 25,
            "no_price": 75,
            "taker_side": "no"
        },
        {
            "trade_id": "dc863ebc-d32d-4359-a747-9aeab40314a3",
            "ticker": "KXHIGHDEN-25FEB27-B61.5",
            "count": 10,
            "created_time": "2025-02-27T02:53:01.75017Z",
            "yes_price": 28,
            "no_price": 72,
            "taker_side": "yes"
        },
        {
            "trade_id": "a09c9d2c-63b4-4397-a0a5-4c4cb1fc04bc",
            "ticker": "KXHIGHDEN-25FEB27-B61.5",
            "count": 20,
            "created_time": "2025-02-27T02:42:11.303094Z",
            "yes_price": 26,
            "no_price": 74,
            "taker_side": "yes"
        },
        {
            "trade_id": "fbfc6772-67ca-44b1-b46f-aa64e26cff6c",
            "ticker": "KXHIGHDEN-25FEB27-B61.5",
            "count": 7,
            "created_time": "2025-02-27T02:40:12.236764Z",
            "yes_price": 26,
            "no_price": 74,
            "taker_side": "yes"
        },
        {
            "trade_id": "a54fb5ee-3f5c-45f5-92c6-7ebcaa5ae76e",
            "ticker": "KXHIGHDEN-25FEB27-B61.5",
            "count": 20,
            "created_time": "2025-02-27T02:40:12.236764Z",
            "yes_price": 26,
            "no_price": 74,
            "taker_side": "yes"
        },
        {
            "trade_id": "24bcbd6f-a7e5-4520-b187-575334dbefc2",
            "ticker": "KXHIGHDEN-25FEB27-B61.5",
            "count": 53,
            "created_time": "2025-02-27T02:40:12.236764Z",
            "yes_price": 26,
            "no_price": 74,
            "taker_side": "yes"
        },
        {
            "trade_id": "68da2e7d-5163-4b48-8432-0a2361b5b62e",
            "ticker": "KXHIGHDEN-25FEB27-B61.5",
            "count": 2,
            "created_time": "2025-02-27T01:41:12.104127Z",
            "yes_price": 26,
            "no_price": 74,
            "taker_side": "yes"
        },
        {
            "trade_id": "40818c41-76d8-4bf4-9606-544ce567acaa",
            "ticker": "KXHIGHDEN-25FEB27-B61.5",
            "count": 34,
            "created_time": "2025-02-27T01:41:12.104127Z",
            "yes_price": 26,
            "no_price": 74,
            "taker_side": "yes"
        },
        {
            "trade_id": "e13b0799-6f75-40df-9c40-34ab3c54ec51",
            "ticker": "KXHIGHDEN-25FEB27-B61.5",
            "count": 91,
            "created_time": "2025-02-27T01:22:07.6178Z",
            "yes_price": 27,
            "no_price": 73,
            "taker_side": "yes"
        },
        {
            "trade_id": "26a1ccd7-e5d2-489a-8f52-965966882219",
            "ticker": "KXHIGHDEN-25FEB27-B61.5",
            "count": 79,
            "created_time": "2025-02-27T01:22:07.6178Z",
            "yes_price": 29,
            "no_price": 71,
            "taker_side": "yes"
        },
        {
            "trade_id": "4e5389eb-34f4-47dc-a07a-a0e1cb85fb10",
            "ticker": "KXHIGHDEN-25FEB27-B61.5",
            "count": 90,
            "created_time": "2025-02-27T01:19:31.698821Z",
            "yes_price": 29,
            "no_price": 71,
            "taker_side": "yes"
        },
        {
            "trade_id": "4060fc31-195e-47b8-a39d-2c3a0cab593e",
            "ticker": "KXHIGHDEN-25FEB27-B61.5",
            "count": 29,
            "created_time": "2025-02-27T01:19:31.698821Z",
            "yes_price": 27,
            "no_price": 73,
            "taker_side": "yes"
        },
        {
            "trade_id": "165e21dd-d8e7-4eb5-b64e-dac32dce5272",
            "ticker": "KXHIGHDEN-25FEB27-B61.5",
            "count": 52,
            "created_time": "2025-02-27T01:19:31.698821Z",
            "yes_price": 26,
            "no_price": 74,
            "taker_side": "yes"
        },
        {
            "trade_id": "4d38518e-948a-44e8-bae2-a368ed3487bb",
            "ticker": "KXHIGHDEN-25FEB27-B61.5",
            "count": 50,
            "created_time": "2025-02-27T00:47:32.044432Z",
            "yes_price": 26,
            "no_price": 74,
            "taker_side": "yes"
        },
        {
            "trade_id": "b204bfca-586a-4977-b7fc-2105ec6b2227",
            "ticker": "KXHIGHDEN-25FEB27-B61.5",
            "count": 55,
            "created_time": "2025-02-27T00:26:37.08197Z",
            "yes_price": 26,
            "no_price": 74,
            "taker_side": "yes"
        },
        {
            "trade_id": "b0798952-1a08-4604-bbf4-f3d91a69e00e",
            "ticker": "KXHIGHDEN-25FEB27-B61.5",
            "count": 14,
            "created_time": "2025-02-27T00:26:37.08197Z",
            "yes_price": 26,
            "no_price": 74,
            "taker_side": "yes"
        },
        {
            "trade_id": "5581af6c-edea-406d-8193-b257ece6ca9c",
            "ticker": "KXHIGHDEN-25FEB27-B61.5",
            "count": 76,
            "created_time": "2025-02-27T00:26:37.08197Z",
            "yes_price": 28,
            "no_price": 72,
            "taker_side": "yes"
        },
        {
            "trade_id": "382f2782-ec63-4a2d-99d9-d6389f694881",
            "ticker": "KXHIGHDEN-25FEB27-B61.5",
            "count": 2,
            "created_time": "2025-02-27T00:26:37.08197Z",
            "yes_price": 26,
            "no_price": 74,
            "taker_side": "yes"
        },
        {
            "trade_id": "026b39d4-2a03-429b-8ddf-c6ccb575927e",
            "ticker": "KXHIGHDEN-25FEB27-B61.5",
            "count": 36,
            "created_time": "2025-02-27T00:23:19.058042Z",
            "yes_price": 26,
            "no_price": 74,
            "taker_side": "yes"
        },
        {
            "trade_id": "0c5ba5cd-042b-4cc3-833f-ab12aec3388a",
            "ticker": "KXHIGHDEN-25FEB27-B61.5",
            "count": 5,
            "created_time": "2025-02-27T00:17:25.648162Z",
            "yes_price": 25,
            "no_price": 75,
            "taker_side": "no"
        },
        {
            "trade_id": "0c9170b3-19fa-48b5-bf70-f9de067d7e32",
            "ticker": "KXHIGHDEN-25FEB27-B61.5",
            "count": 29,
            "created_time": "2025-02-27T00:17:15.098712Z",
            "yes_price": 25,
            "no_price": 75,
            "taker_side": "no"
        },
        {
            "trade_id": "d5a56ad7-be3d-4127-b70b-259c9e328935",
            "ticker": "KXHIGHDEN-25FEB27-B61.5",
            "count": 14,
            "created_time": "2025-02-27T00:08:05.274513Z",
            "yes_price": 26,
            "no_price": 74,
            "taker_side": "yes"
        },
        {
            "trade_id": "c6109aa6-63aa-4376-8013-aaf31d382555",
            "ticker": "KXHIGHDEN-25FEB27-B61.5",
            "count": 71,
            "created_time": "2025-02-27T00:08:05.274513Z",
            "yes_price": 26,
            "no_price": 74,
            "taker_side": "yes"
        },
        {
            "trade_id": "8cf45741-cede-41ed-a5d7-46618a750d6b",
            "ticker": "KXHIGHDEN-25FEB27-B61.5",
            "count": 8,
            "created_time": "2025-02-27T00:08:05.274513Z",
            "yes_price": 26,
            "no_price": 74,
            "taker_side": "yes"
        },
        {
            "trade_id": "d2b9902b-dbe7-4b64-9b23-cd39384dfc19",
            "ticker": "KXHIGHDEN-25FEB27-B61.5",
            "count": 15,
            "created_time": "2025-02-26T23:07:43.425666Z",
            "yes_price": 25,
            "no_price": 75,
            "taker_side": "yes"
        },
        {
            "trade_id": "5e6aef1b-6251-4d88-ae97-ae064d788904",
            "ticker": "KXHIGHDEN-25FEB27-B61.5",
            "count": 88,
            "created_time": "2025-02-26T22:29:40.623616Z",
            "yes_price": 25,
            "no_price": 75,
            "taker_side": "yes"
        },
        {
            "trade_id": "d2a670fb-f86e-4129-a70d-b0e919a18ab9",
            "ticker": "KXHIGHDEN-25FEB27-B61.5",
            "count": 15,
            "created_time": "2025-02-26T22:27:37.513749Z",
            "yes_price": 24,
            "no_price": 76,
            "taker_side": "no"
        },
        {
            "trade_id": "317fbf9b-514e-4f7c-93c2-3436316aa3fb",
            "ticker": "KXHIGHDEN-25FEB27-B61.5",
            "count": 19,
            "created_time": "2025-02-26T22:27:32.30752Z",
            "yes_price": 25,
            "no_price": 75,
            "taker_side": "no"
        },
        {
            "trade_id": "02c1f2a9-c8d2-44cb-914c-803523de4d0f",
            "ticker": "KXHIGHDEN-25FEB27-B61.5",
            "count": 12,
            "created_time": "2025-02-26T22:27:32.30752Z",
            "yes_price": 25,
            "no_price": 75,
            "taker_side": "no"
        },
        {
            "trade_id": "1e54104c-31de-478a-9067-c75c0a686cb9",
            "ticker": "KXHIGHDEN-25FEB27-B61.5",
            "count": 10,
            "created_time": "2025-02-26T22:27:27.436469Z",
            "yes_price": 26,
            "no_price": 74,
            "taker_side": "yes"
        },
        {
            "trade_id": "ff058d94-bf9a-40b7-90e8-1bc8833c099f",
            "ticker": "KXHIGHDEN-25FEB27-B61.5",
            "count": 31,
            "created_time": "2025-02-26T22:24:53.428053Z",
            "yes_price": 25,
            "no_price": 75,
            "taker_side": "no"
        },
        {
            "trade_id": "9cc5f5bc-c867-4bfd-aec6-c58f988405fa",
            "ticker": "KXHIGHDEN-25FEB27-B61.5",
            "count": 1,
            "created_time": "2025-02-26T21:58:57.711283Z",
            "yes_price": 29,
            "no_price": 71,
            "taker_side": "yes"
        },
        {
            "trade_id": "46f2375b-65f0-4b2f-89c0-cbbfaefe71ec",
            "ticker": "KXHIGHDEN-25FEB27-B61.5",
            "count": 38,
            "created_time": "2025-02-26T21:58:57.711283Z",
            "yes_price": 29,
            "no_price": 71,
            "taker_side": "yes"
        },
        {
            "trade_id": "8bbf827a-1a34-49c2-892b-6ae4d9841ead",
            "ticker": "KXHIGHDEN-25FEB27-B61.5",
            "count": 9,
            "created_time": "2025-02-26T21:08:17.7944Z",
            "yes_price": 27,
            "no_price": 73,
            "taker_side": "yes"
        },
        {
            "trade_id": "84196120-e629-4e89-a0a2-a2c63ab2308a",
            "ticker": "KXHIGHDEN-25FEB27-B61.5",
            "count": 1,
            "created_time": "2025-02-26T21:08:17.7944Z",
            "yes_price": 27,
            "no_price": 73,
            "taker_side": "yes"
        },
        {
            "trade_id": "fb6d04b9-851c-4d6f-ba2b-d190ace4bb4b",
            "ticker": "KXHIGHDEN-25FEB27-B61.5",
            "count": 1,
            "created_time": "2025-02-26T17:44:24.598242Z",
            "yes_price": 23,
            "no_price": 77,
            "taker_side": "yes"
        },
        {
            "trade_id": "06c284c7-3d1a-4591-8f8a-3606e1f9d899",
            "ticker": "KXHIGHDEN-25FEB27-B61.5",
            "count": 94,
            "created_time": "2025-02-26T17:44:24.598242Z",
            "yes_price": 25,
            "no_price": 75,
            "taker_side": "yes"
        },
        {
            "trade_id": "66650252-b46f-4667-8bd0-30a4028827bc",
            "ticker": "KXHIGHDEN-25FEB27-B61.5",
            "count": 1,
            "created_time": "2025-02-26T17:36:52.045697Z",
            "yes_price": 23,
            "no_price": 77,
            "taker_side": "yes"
        },
        {
            "trade_id": "3b44ba92-11ec-41b9-b60d-53c5d0fc5ebe",
            "ticker": "KXHIGHDEN-25FEB27-B61.5",
            "count": 118,
            "created_time": "2025-02-26T17:36:52.045697Z",
            "yes_price": 23,
            "no_price": 77,
            "taker_side": "yes"
        },
        {
            "trade_id": "ba838df5-8e5d-4db3-9b0a-6fb274f263f1",
            "ticker": "KXHIGHDEN-25FEB27-B61.5",
            "count": 86,
            "created_time": "2025-02-26T17:35:24.280289Z",
            "yes_price": 22,
            "no_price": 78,
            "taker_side": "yes"
        },
        {
            "trade_id": "a51aaf99-aef3-4522-bd0c-c41129d60c3d",
            "ticker": "KXHIGHDEN-25FEB27-B61.5",
            "count": 9,
            "created_time": "2025-02-26T16:16:43.665928Z",
            "yes_price": 21,
            "no_price": 79,
            "taker_side": "yes"
        }
    ],
    "KXHIGHDEN-25FEB27-T62": [
        {
            "trade_id": "0a067ccf-17dd-4840-be51-f3f047041865",
            "ticker": "KXHIGHDEN-25FEB27-T62",
            "count": 93,
            "created_time": "2025-02-28T06:43:08.894881Z",
            "yes_price": 99,
            "no_price": 1,
            "taker_side": "no"
        },
        {
            "trade_id": "44c079c8-e86e-4916-b34c-925ff36f7d9e",
