{
    "HIGHNY-24APR15-T68": [],
    "HIGHNY-24APR15-B68.5": [],
    "HIGHNY-24APR15-B70.5": [
        {
            "trade_id": "c48d31c1-989f-4b27-9620-bdbdb5568dd9",
            "ticker": "HIGHNY-24APR15-B70.5",
            "count": 8,
            "created_time": "2024-04-15T00:33:52.052361Z",
            "yes_price": 1,
            "no_price": 99,
            "taker_side": "no"
        }
    ],
    "HIGHNY-24APR15-B72.5": [
        {
            "trade_id": "b343494b-3b4f-48c6-9603-c98771b198e2",
            "ticker": "HIGHNY-24APR15-B72.5",
            "count": 8,
            "created_time": "2024-04-15T00:33:52.055102Z",
            "yes_price": 6,
            "no_price": 94,
            "taker_side": "no"
        },
        {
            "trade_id": "23c6bfbe-5971-474d-9299-60be93b3884c",
            "ticker": "HIGHNY-24APR15-B72.5",
            "count": 1,
            "created_time": "2024-04-14T21:59:26.811191Z",
            "yes_price": 6,
            "no_price": 94,
            "taker_side": "no"
        }
    ],
    "HIGHNY-24APR15-B74.5": [
        {
            "trade_id": "82d2641b-77ce-4d82-9a14-147a1abbe0ca",
            "ticker": "HIGHNY-24APR15-B74.5",
            "count": 8,
            "created_time": "2024-04-15T00:33:52.039331Z",
            "yes_price": 12,
            "no_price": 88,
            "taker_side": "no"
        },
        {
            "trade_id": "b1be9de0-deed-4b1b-839f-aa4f9b0275de",
            "ticker": "HIGHNY-24APR15-B74.5",
            "count": 25,
            "created_time": "2024-04-15T00:33:08.34627Z",
            "yes_price": 14,
            "no_price": 86,
            "taker_side": "no"
        },
        {
            "trade_id": "41ace451-89cc-4bd7-b657-bfd66f2adaf4",
            "ticker": "HIGHNY-24APR15-B74.5",
            "count": 30,
            "created_time": "2024-04-15T00:33:08.34627Z",
            "yes_price": 12,
            "no_price": 88,
            "taker_side": "no"
        },
        {
            "trade_id": "3cde4f00-aa4f-46bf-978b-db49619af2d6",
            "ticker": "HIGHNY-24APR15-B74.5",
            "count": 1,
            "created_time": "2024-04-15T00:33:08.34627Z",
            "yes_price": 14,
            "no_price": 86,
            "taker_side": "no"
        },
        {
            "trade_id": "c9aa9813-c345-4ac9-bed4-6ea348958aa4",
            "ticker": "HIGHNY-24APR15-B74.5",
            "count": 3,
            "created_time": "2024-04-15T00:32:46.340907Z",
            "yes_price": 16,
            "no_price": 84,
            "taker_side": "no"
        },
        {
            "trade_id": "792b55e7-b5ee-47ab-b0c0-943a0526a0b7",
            "ticker": "HIGHNY-24APR15-B74.5",
            "count": 1,
            "created_time": "2024-04-14T21:59:27.153365Z",
            "yes_price": 16,
            "no_price": 84,
            "taker_side": "no"
        },
        {
            "trade_id": "bc19d41d-4019-4ac6-937f-14cf29d58ed2",
            "ticker": "HIGHNY-24APR15-B74.5",
            "count": 16,
            "created_time": "2024-04-14T14:18:04.507828Z",
            "yes_price": 32,
            "no_price": 68,
            "taker_side": "no"
        }
    ],
    "HIGHNY-24APR15-T75": [
        {
            "trade_id": "0bd2da41-2a92-46ac-94f9-bc835bd1c4f4",
            "ticker": "HIGHNY-24APR15-T75",
            "count": 1000,
            "created_time": "2024-04-16T03:40:59.998537Z",
            "yes_price": 99,
            "no_price": 1,
            "taker_side": "no"
        },
        {
            "trade_id": "9fe5d10d-6761-44dd-a136-2f9c3b600100",
            "ticker": "HIGHNY-24APR15-T75",
            "count": 220,
            "created_time": "2024-04-16T00:25:48.723296Z",
            "yes_price": 99,
            "no_price": 1,
            "taker_side": "no"
        },
        {
            "trade_id": "8ee8baf4-17e0-457a-9c42-928ed6ac8185",
            "ticker": "HIGHNY-24APR15-T75",
            "count": 5,
            "created_time": "2024-04-15T12:08:18.914541Z",
            "yes_price": 99,
            "no_price": 1,
            "taker_side": "no"
        },
        {
            "trade_id": "b9c5c40a-5460-443c-8a88-04ef53121ed1",
            "ticker": "HIGHNY-24APR15-T75",
            "count": 1,
            "created_time": "2024-04-15T00:33:51.93449Z",
            "yes_price": 85,
            "no_price": 15,
            "taker_side": "yes"
        },
        {
            "trade_id": "a142495c-21af-42c7-94c8-454f90f8702e",
            "ticker": "HIGHNY-24APR15-T75",
            "count": 8,
            "created_time": "2024-04-15T00:33:51.93449Z",
            "yes_price": 84,
            "no_price": 16,
            "taker_side": "yes"
        },
        {
            "trade_id": "8efdabf8-0f2b-40f3-86d1-cee857cfc979",
            "ticker": "HIGHNY-24APR15-T75",
            "count": 9,
            "created_time": "2024-04-15T00:33:51.93449Z",
            "yes_price": 86,
            "no_price": 14,
            "taker_side": "yes"
        },
        {
            "trade_id": "739b0486-7e4f-4a72-9733-6a506cecc32e",
            "ticker": "HIGHNY-24APR15-T75",
            "count": 14,
            "created_time": "2024-04-15T00:33:51.93449Z",
            "yes_price": 84,
            "no_price": 16,
            "taker_side": "yes"
        },
        {
            "trade_id": "1e08e61b-52cc-499c-98db-3dece0e17425",
            "ticker": "HIGHNY-24APR15-T75",
            "count": 1,
            "created_time": "2024-04-14T22:05:26.456904Z",
            "yes_price": 84,
            "no_price": 16,
            "taker_side": "yes"
        },
        {
            "trade_id": "99fcdf1e-05aa-4c20-bbe2-6eb60e0222fb",
            "ticker": "HIGHNY-24APR15-T75",
            "count": 10,
            "created_time": "2024-04-14T18:35:15.569092Z",
            "yes_price": 54,
            "no_price": 46,
            "taker_side": "no"
        },
        {
            "trade_id": "bd573c5a-833e-4dc5-9265-75db7733e183",
            "ticker": "HIGHNY-24APR15-T75",
            "count": 10,
            "created_time": "2024-04-14T18:27:04.748997Z",
            "yes_price": 55,
            "no_price": 45,
            "taker_side": "yes"
        },
        {
            "trade_id": "b684b2f4-def1-4871-840d-63e17c2f617f",
            "ticker": "HIGHNY-24APR15-T75",
            "count": 102,
            "created_time": "2024-04-14T18:27:04.748997Z",
            "yes_price": 60,
            "no_price": 40,
            "taker_side": "yes"
        },
        {
            "trade_id": "01bd2e17-a522-4139-9d0f-156375e7795c",
            "ticker": "HIGHNY-24APR15-T75",
            "count": 108,
            "created_time": "2024-04-14T18:27:04.748997Z",
            "yes_price": 57,
            "no_price": 43,
            "taker_side": "yes"
        },
        {
            "trade_id": "bfe70719-1e6f-4ca8-a812-806f48ba025a",
            "ticker": "HIGHNY-24APR15-T75",
            "count": 52,
            "created_time": "2024-04-14T14:20:05.699174Z",
            "yes_price": 51,
            "no_price": 49,
            "taker_side": "yes"
        },
        {
            "trade_id": "bec2b8ac-fd6f-49dc-824e-f4832346166e",
            "ticker": "HIGHNY-24APR15-T75",
            "count": 52,
            "created_time": "2024-04-14T14:20:05.699174Z",
            "yes_price": 54,
            "no_price": 46,
            "taker_side": "yes"
        },
        {
            "trade_id": "4cf3aee5-7944-4a7f-9711-4ab3c2bda1d9",
            "ticker": "HIGHNY-24APR15-T75",
            "count": 16,
            "created_time": "2024-04-14T14:20:05.699174Z",
            "yes_price": 49,
            "no_price": 51,
            "taker_side": "yes"
        },
        {
            "trade_id": "488bd052-0917-481b-b460-e6551b8a002f",
            "ticker": "HIGHNY-24APR15-T75",
            "count": 16,
            "created_time": "2024-04-14T14:20:05.699174Z",
            "yes_price": 45,
            "no_price": 55,
            "taker_side": "yes"
        }
    ]
}