{
    "HIGHNY-24MAR02-T46": [],
    "HIGHNY-24MAR02-B46.5": [],
    "HIGHNY-24MAR02-B48.5": [
        {
            "trade_id": "9d15b8cb-eb4d-4a33-a864-82465e1e6fb8",
            "ticker": "HIGHNY-24MAR02-B48.5",
            "count": 1402,
            "created_time": "2024-03-02T20:43:14.832866Z",
            "yes_price": 1,
            "no_price": 99,
            "taker_side": "yes"
        },
        {
            "trade_id": "7eeaa1c1-defd-437e-9364-91502b17cb6b",
            "ticker": "HIGHNY-24MAR02-B48.5",
            "count": 66,
            "created_time": "2024-03-02T16:01:45.129419Z",
            "yes_price": 7,
            "no_price": 93,
            "taker_side": "no"
        },
        {
            "trade_id": "b2a816b6-d749-495c-b0c8-df7111df305d",
            "ticker": "HIGHNY-24MAR02-B48.5",
            "count": 10,
            "created_time": "2024-03-02T13:26:30.82954Z",
            "yes_price": 9,
            "no_price": 91,
            "taker_side": "no"
        },
        {
            "trade_id": "22b12afe-70ff-421d-befb-0597189fca75",
            "ticker": "HIGHNY-24MAR02-B48.5",
            "count": 74,
            "created_time": "2024-03-02T04:55:15.853808Z",
            "yes_price": 18,
            "no_price": 82,
            "taker_side": "yes"
        },
        {
            "trade_id": "6a1a1d2a-8702-410f-9ca0-24ba3dff6da8",
            "ticker": "HIGHNY-24MAR02-B48.5",
            "count": 95,
            "created_time": "2024-03-02T04:55:06.190652Z",
            "yes_price": 17,
            "no_price": 83,
            "taker_side": "yes"
        },
        {
            "trade_id": "6651bb72-c6df-4950-be58-8ca0adb9d983",
            "ticker": "HIGHNY-24MAR02-B48.5",
            "count": 63,
            "created_time": "2024-03-02T04:54:59.947551Z",
            "yes_price": 16,
            "no_price": 84,
            "taker_side": "yes"
        },
        {
            "trade_id": "e1cbfb27-8533-4050-ae4c-4b7b603d9e95",
            "ticker": "HIGHNY-24MAR02-B48.5",
            "count": 75,
            "created_time": "2024-03-02T03:46:51.733512Z",
            "yes_price": 16,
            "no_price": 84,
            "taker_side": "yes"
        },
        {
            "trade_id": "18f1ead6-1eeb-4dd0-a9ac-df6c29c9fe0c",
            "ticker": "HIGHNY-24MAR02-B48.5",
            "count": 43,
            "created_time": "2024-03-02T03:43:24.674084Z",
            "yes_price": 16,
            "no_price": 84,
            "taker_side": "yes"
        },
        {
            "trade_id": "88a46d62-723d-442a-8b3c-782da0302a1d",
            "ticker": "HIGHNY-24MAR02-B48.5",
            "count": 76,
            "created_time": "2024-03-02T03:42:43.600856Z",
            "yes_price": 16,
            "no_price": 84,
            "taker_side": "yes"
        },
        {
            "trade_id": "bc9c97a4-7a89-4944-98a5-a23037ac627d",
            "ticker": "HIGHNY-24MAR02-B48.5",
            "count": 29,
            "created_time": "2024-03-02T02:32:37.947708Z",
            "yes_price": 16,
            "no_price": 84,
            "taker_side": "yes"
        },
        {
            "trade_id": "bc715689-1ab6-441c-aad9-fea1fcfba74f",
            "ticker": "HIGHNY-24MAR02-B48.5",
            "count": 43,
            "created_time": "2024-03-01T22:58:57.697158Z",
            "yes_price": 22,
            "no_price": 78,
            "taker_side": "yes"
        },
        {
            "trade_id": "b6ba1665-0929-4ed8-a39f-643817863381",
            "ticker": "HIGHNY-24MAR02-B48.5",
            "count": 1,
            "created_time": "2024-03-01T21:39:25.324559Z",
            "yes_price": 22,
            "no_price": 78,
            "taker_side": "yes"
        },
        {
            "trade_id": "7c5f7159-6a1c-4028-99f3-73f81ecaf3f0",
            "ticker": "HIGHNY-24MAR02-B48.5",
            "count": 11,
            "created_time": "2024-03-01T21:39:25.306753Z",
            "yes_price": 22,
            "no_price": 78,
            "taker_side": "yes"
        },
        {
            "trade_id": "f163619f-9475-4580-9d9f-58404299b506",
            "ticker": "HIGHNY-24MAR02-B48.5",
            "count": 1,
            "created_time": "2024-03-01T19:38:37.914666Z",
            "yes_price": 19,
            "no_price": 81,
            "taker_side": "yes"
        },
        {
            "trade_id": "ae6a657d-340c-40f3-9ac8-5a40e11f10fe",
            "ticker": "HIGHNY-24MAR02-B48.5",
            "count": 64,
            "created_time": "2024-03-01T19:38:37.914666Z",
            "yes_price": 19,
            "no_price": 81,
            "taker_side": "yes"
        },
        {
            "trade_id": "36cb22e0-6c2b-439c-b98e-b735ff510f17",
            "ticker": "HIGHNY-24MAR02-B48.5",
            "count": 107,
            "created_time": "2024-03-01T19:38:37.914666Z",
            "yes_price": 22,
            "no_price": 78,
            "taker_side": "yes"
        },
        {
            "trade_id": "1710c2b6-dc69-43c8-beb6-824e760e8625",
            "ticker": "HIGHNY-24MAR02-B48.5",
            "count": 107,
            "created_time": "2024-03-01T19:38:37.914666Z",
            "yes_price": 21,
            "no_price": 79,
            "taker_side": "yes"
        },
        {
            "trade_id": "0df80cb0-b8cf-4be5-a0c7-86e9b95f1a68",
            "ticker": "HIGHNY-24MAR02-B48.5",
            "count": 9,
            "created_time": "2024-03-01T19:38:37.914666Z",
            "yes_price": 19,
            "no_price": 81,
            "taker_side": "yes"
        },
        {
            "trade_id": "adc6bb6c-b6ac-435e-9133-86af7a17effb",
            "ticker": "HIGHNY-24MAR02-B48.5",
            "count": 4,
            "created_time": "2024-03-01T16:17:59.330512Z",
            "yes_price": 19,
            "no_price": 81,
            "taker_side": "yes"
        },
        {
            "trade_id": "f48d9bd8-6b7c-46da-a5bf-7afe2b1be6c3",
            "ticker": "HIGHNY-24MAR02-B48.5",
            "count": 2,
            "created_time": "2024-03-01T16:17:08.99656Z",
            "yes_price": 19,
            "no_price": 81,
            "taker_side": "yes"
        },
        {
            "trade_id": "b6136741-83ec-4716-85f2-f4098c629142",
            "ticker": "HIGHNY-24MAR02-B48.5",
            "count": 3,
            "created_time": "2024-03-01T15:04:13.473919Z",
            "yes_price": 32,
            "no_price": 68,
            "taker_side": "no"
        },
        {
            "trade_id": "3fd9d936-8a2a-47c4-9897-3a618a80742e",
            "ticker": "HIGHNY-24MAR02-B48.5",
            "count": 1,
            "created_time": "2024-03-01T15:03:02.254446Z",
            "yes_price": 32,
            "no_price": 68,
            "taker_side": "yes"
        }
    ],
    "HIGHNY-24MAR02-B50.5": [
        {
            "trade_id": "d8d8eb6a-5026-4866-8d9b-da8745207007",
            "ticker": "HIGHNY-24MAR02-B50.5",
            "count": 1402,
            "created_time": "2024-03-02T21:57:48.398431Z",
            "yes_price": 1,
            "no_price": 99,
            "taker_side": "yes"
        },
        {
            "trade_id": "448e2b2c-8cb8-4c6d-b88b-f5d0c150b7f3",
            "ticker": "HIGHNY-24MAR02-B50.5",
            "count": 3,
            "created_time": "2024-03-02T20:31:07.273417Z",
            "yes_price": 40,
            "no_price": 60,
            "taker_side": "no"
        },
        {
            "trade_id": "cc9c5a99-3537-4349-8cee-341a71575839",
            "ticker": "HIGHNY-24MAR02-B50.5",
            "count": 10,
            "created_time": "2024-03-02T04:41:27.234573Z",
            "yes_price": 49,
            "no_price": 51,
            "taker_side": "yes"
        },
        {
            "trade_id": "858722bf-d275-4e3c-a3dd-5cab7c586d3d",
            "ticker": "HIGHNY-24MAR02-B50.5",
            "count": 28,
            "created_time": "2024-03-02T04:41:27.234573Z",
            "yes_price": 51,
            "no_price": 49,
            "taker_side": "yes"
        },
        {
            "trade_id": "c508e2fe-72d0-4b69-928d-358948f63fe9",
            "ticker": "HIGHNY-24MAR02-B50.5",
            "count": 32,
            "created_time": "2024-03-02T03:43:22.387361Z",
            "yes_price": 47,
            "no_price": 53,
            "taker_side": "yes"
        },
        {
            "trade_id": "26951174-4e96-4d54-90ce-91447954a76c",
            "ticker": "HIGHNY-24MAR02-B50.5",
            "count": 108,
            "created_time": "2024-03-02T03:43:22.387361Z",
            "yes_price": 49,
            "no_price": 51,
            "taker_side": "yes"
        },
        {
            "trade_id": "176f32fb-7bdc-493f-bf41-93c044c5b94e",
            "ticker": "HIGHNY-24MAR02-B50.5",
            "count": 9,
            "created_time": "2024-03-02T02:32:56.660735Z",
            "yes_price": 49,
            "no_price": 51,
            "taker_side": "yes"
        },
        {
            "trade_id": "ec1d945d-27c7-4028-a44a-6c8073656e8e",
            "ticker": "HIGHNY-24MAR02-B50.5",
            "count": 25,
            "created_time": "2024-03-02T00:45:57.259664Z",
            "yes_price": 46,
            "no_price": 54,
            "taker_side": "yes"
        },
        {
            "trade_id": "0863b9a0-4b55-46e4-bf09-8166eb508fc0",
            "ticker": "HIGHNY-24MAR02-B50.5",
            "count": 63,
            "created_time": "2024-03-02T00:45:57.259664Z",
            "yes_price": 48,
            "no_price": 52,
            "taker_side": "yes"
        },
        {
            "trade_id": "d64cc7a5-8a99-4480-a080-19fd3755b180",
            "ticker": "HIGHNY-24MAR02-B50.5",
            "count": 37,
            "created_time": "2024-03-02T00:30:29.614352Z",
            "yes_price": 45,
            "no_price": 55,
            "taker_side": "yes"
        },
        {
            "trade_id": "27ae8c10-db04-4d62-8685-c2e37e4df920",
            "ticker": "HIGHNY-24MAR02-B50.5",
            "count": 37,
            "created_time": "2024-03-02T00:30:29.614352Z",
            "yes_price": 47,
            "no_price": 53,
            "taker_side": "yes"
        },
        {
            "trade_id": "67f8cd7e-50f0-4123-ab81-42481641c84d",
            "ticker": "HIGHNY-24MAR02-B50.5",
            "count": 1,
            "created_time": "2024-03-01T22:44:05.193025Z",
            "yes_price": 49,
            "no_price": 51,
            "taker_side": "yes"
        },
        {
            "trade_id": "58e14462-4874-4f59-a620-7fd7aef7c5eb",
            "ticker": "HIGHNY-24MAR02-B50.5",
            "count": 24,
            "created_time": "2024-03-01T22:44:05.193025Z",
            "yes_price": 52,
            "no_price": 48,
            "taker_side": "yes"
        },
        {
            "trade_id": "114e2618-99ec-4900-a266-e5871e460fc8",
            "ticker": "HIGHNY-24MAR02-B50.5",
            "count": 22,
            "created_time": "2024-03-01T22:44:05.193025Z",
            "yes_price": 50,
            "no_price": 50,
            "taker_side": "yes"
        },
        {
            "trade_id": "99feca77-8158-4b81-b3f3-058a69a99db3",
            "ticker": "HIGHNY-24MAR02-B50.5",
            "count": 1,
            "created_time": "2024-03-01T22:28:47.803823Z",
            "yes_price": 45,
            "no_price": 55,
            "taker_side": "no"
        },
        {
            "trade_id": "a3df8a42-bf37-4906-b040-a131c65b7802",
            "ticker": "HIGHNY-24MAR02-B50.5",
            "count": 56,
            "created_time": "2024-03-01T19:39:14.716454Z",
            "yes_price": 50,
            "no_price": 50,
            "taker_side": "yes"
        },
        {
            "trade_id": "ed15118b-7689-4c0b-b436-249a30cf85f7",
            "ticker": "HIGHNY-24MAR02-B50.5",
            "count": 7,
            "created_time": "2024-03-01T17:46:12.836367Z",
            "yes_price": 44,
            "no_price": 56,
            "taker_side": "no"
        },
        {
            "trade_id": "ac9c5027-c07d-4594-bd90-e079d58c3d37",
            "ticker": "HIGHNY-24MAR02-B50.5",
            "count": 112,
            "created_time": "2024-03-01T17:32:09.832441Z",
            "yes_price": 45,
            "no_price": 55,
            "taker_side": "yes"
        },
        {
            "trade_id": "a3792ea1-1b6a-44fc-be4d-a911347442d6",
            "ticker": "HIGHNY-24MAR02-B50.5",
            "count": 56,
            "created_time": "2024-03-01T17:32:09.832441Z",
            "yes_price": 44,
            "no_price": 56,
            "taker_side": "yes"
        },
        {
            "trade_id": "01736351-4e84-4cb7-98a6-962c96ca9fd8",
            "ticker": "HIGHNY-24MAR02-B50.5",
            "count": 112,
            "created_time": "2024-03-01T17:32:09.832441Z",
            "yes_price": 48,
            "no_price": 52,
            "taker_side": "yes"
        },
        {
            "trade_id": "2f3ce536-9bbe-4257-8072-693957b57e6a",
            "ticker": "HIGHNY-24MAR02-B50.5",
            "count": 3,
            "created_time": "2024-03-01T16:18:53.232329Z",
            "yes_price": 41,
            "no_price": 59,
            "taker_side": "yes"
        },
        {
            "trade_id": "e8fb7e49-efae-472d-84be-3d5d54716379",
            "ticker": "HIGHNY-24MAR02-B50.5",
            "count": 4,
            "created_time": "2024-03-01T15:25:45.510018Z",
            "yes_price": 41,
            "no_price": 59,
            "taker_side": "yes"
        }
    ],
    "HIGHNY-24MAR02-B52.5": [
        {
            "trade_id": "be179f36-237a-4ad6-8673-1d6270b9e404",
            "ticker": "HIGHNY-24MAR02-B52.5",
            "count": 13,
            "created_time": "2024-03-02T22:13:01.478431Z",
            "yes_price": 1,
            "no_price": 99,
            "taker_side": "yes"
        },
        {
            "trade_id": "3004a45d-42d6-4776-bc9d-dcfa2e3e5598",
            "ticker": "HIGHNY-24MAR02-B52.5",
            "count": 97,
            "created_time": "2024-03-02T20:46:43.55338Z",
            "yes_price": 59,
            "no_price": 41,
            "taker_side": "yes"
        },
        {
            "trade_id": "67ad15c0-6904-47d5-acb6-7e7026608b23",
            "ticker": "HIGHNY-24MAR02-B52.5",
            "count": 3,
            "created_time": "2024-03-02T20:31:07.20942Z",
            "yes_price": 58,
            "no_price": 42,
            "taker_side": "yes"
        },
        {
            "trade_id": "265f978a-26aa-4984-bdc8-9342d3fd4638",
            "ticker": "HIGHNY-24MAR02-B52.5",
            "count": 38,
            "created_time": "2024-03-02T20:31:07.20942Z",
            "yes_price": 59,
            "no_price": 41,
            "taker_side": "yes"
        },
        {
            "trade_id": "52c9df76-3da9-4f4a-99f0-e068e9b022a6",
            "ticker": "HIGHNY-24MAR02-B52.5",
            "count": 62,
            "created_time": "2024-03-02T18:55:56.988588Z",
            "yes_price": 54,
            "no_price": 46,
            "taker_side": "yes"
        },
        {
            "trade_id": "402ce6fe-405a-40a5-bea3-53f041bcecd0",
            "ticker": "HIGHNY-24MAR02-B52.5",
            "count": 16,
            "created_time": "2024-03-02T18:55:56.988588Z",
            "yes_price": 52,
            "no_price": 48,
            "taker_side": "yes"
        },
        {
            "trade_id": "c78b454b-cee3-4fed-bf58-5b534d06ef7c",
            "ticker": "HIGHNY-24MAR02-B52.5",
            "count": 27,
            "created_time": "2024-03-02T18:55:45.126928Z",
            "yes_price": 49,
            "no_price": 51,
            "taker_side": "yes"
        },
        {
            "trade_id": "5f5c3192-6b46-4e69-93f1-a4f1793c957b",
            "ticker": "HIGHNY-24MAR02-B52.5",
            "count": 56,
            "created_time": "2024-03-02T18:55:45.126928Z",
            "yes_price": 52,
            "no_price": 48,
            "taker_side": "yes"
        },
        {
            "trade_id": "5b268780-197c-4847-a68b-18ba7bd906aa",
            "ticker": "HIGHNY-24MAR02-B52.5",
            "count": 7,
            "created_time": "2024-03-02T18:55:45.126928Z",
            "yes_price": 50,
            "no_price": 50,
            "taker_side": "yes"
        },
        {
            "trade_id": "87fab8fd-a654-461a-bfb8-fa2c6a677ec1",
            "ticker": "HIGHNY-24MAR02-B52.5",
            "count": 98,
            "created_time": "2024-03-02T18:39:35.295141Z",
            "yes_price": 49,
            "no_price": 51,
            "taker_side": "yes"
        },
        {
            "trade_id": "c5516f35-8597-42c9-9f6f-011eb97d8aff",
            "ticker": "HIGHNY-24MAR02-B52.5",
            "count": 39,
            "created_time": "2024-03-02T17:57:49.335095Z",
            "yes_price": 49,
            "no_price": 51,
            "taker_side": "yes"
        },
        {
            "trade_id": "f4fb1e21-d681-4d7e-87da-6ad4e22edf0d",
            "ticker": "HIGHNY-24MAR02-B52.5",
            "count": 1,
            "created_time": "2024-03-02T17:55:11.361715Z",
            "yes_price": 49,
            "no_price": 51,
            "taker_side": "yes"
        },
        {
            "trade_id": "7796c8f6-66d3-4c3c-8a30-0ea4d7da180a",
            "ticker": "HIGHNY-24MAR02-B52.5",
            "count": 29,
            "created_time": "2024-03-02T17:44:04.737035Z",
            "yes_price": 49,
            "no_price": 51,
            "taker_side": "yes"
        },
        {
            "trade_id": "24414a44-2a53-4218-a021-68ccf95b392f",
            "ticker": "HIGHNY-24MAR02-B52.5",
            "count": 31,
            "created_time": "2024-03-02T17:44:04.737035Z",
            "yes_price": 47,
            "no_price": 53,
            "taker_side": "yes"
        },
        {
            "trade_id": "c46a72d6-7931-4180-9928-3013135200b6",
            "ticker": "HIGHNY-24MAR02-B52.5",
            "count": 33,
            "created_time": "2024-03-02T16:01:51.883852Z",
            "yes_price": 45,
            "no_price": 55,
            "taker_side": "yes"
        },
        {
            "trade_id": "1d7dc08e-4d05-442c-b89e-edd5b520969f",
            "ticker": "HIGHNY-24MAR02-B52.5",
            "count": 82,
            "created_time": "2024-03-02T16:01:51.883852Z",
            "yes_price": 47,
            "no_price": 53,
            "taker_side": "yes"
        },
        {
            "trade_id": "ed2797e9-68d8-452d-a94e-a567c775303b",
            "ticker": "HIGHNY-24MAR02-B52.5",
            "count": 11,
            "created_time": "2024-03-02T15:42:14.400179Z",
            "yes_price": 40,
            "no_price": 60,
            "taker_side": "yes"
        },
        {
            "trade_id": "6217015c-75db-4ba4-aee6-29e28635cbb0",
            "ticker": "HIGHNY-24MAR02-B52.5",
            "count": 24,
            "created_time": "2024-03-02T04:57:49.864464Z",
            "yes_price": 28,
            "no_price": 72,
            "taker_side": "no"
        },
        {
            "trade_id": "4da9dd47-ff80-43e1-8ad8-9ff6924c79a4",
            "ticker": "HIGHNY-24MAR02-B52.5",
            "count": 21,
            "created_time": "2024-03-02T04:57:49.864464Z",
            "yes_price": 30,
            "no_price": 70,
            "taker_side": "no"
        },
        {
            "trade_id": "7ebe4611-5d34-4852-81f7-fbd008ee1b64",
            "ticker": "HIGHNY-24MAR02-B52.5",
            "count": 108,
            "created_time": "2024-03-02T03:43:02.403353Z",
            "yes_price": 39,
            "no_price": 61,
            "taker_side": "yes"
        },
        {
            "trade_id": "5e1f86bb-cc2a-4847-9669-4c69a2aac112",
            "ticker": "HIGHNY-24MAR02-B52.5",
            "count": 21,
            "created_time": "2024-03-02T03:43:02.403353Z",
            "yes_price": 37,
            "no_price": 63,
            "taker_side": "yes"
        },
        {
            "trade_id": "f033fd0b-41c1-45a7-ac61-8f619c3caced",
            "ticker": "HIGHNY-24MAR02-B52.5",
            "count": 1,
            "created_time": "2024-03-02T00:45:41.134236Z",
            "yes_price": 35,
            "no_price": 65,
            "taker_side": "yes"
        },
        {
            "trade_id": "a8964fba-505b-401c-bd3c-8ff0053f0b07",
            "ticker": "HIGHNY-24MAR02-B52.5",
            "count": 31,
            "created_time": "2024-03-02T00:45:41.134236Z",
            "yes_price": 35,
            "no_price": 65,
            "taker_side": "yes"
        },
        {
            "trade_id": "a33bc62e-686c-4c46-9427-434a6274897a",
            "ticker": "HIGHNY-24MAR02-B52.5",
            "count": 63,
            "created_time": "2024-03-02T00:45:41.134236Z",
            "yes_price": 37,
            "no_price": 63,
            "taker_side": "yes"
        },
        {
            "trade_id": "b51f791a-80aa-4e89-92a8-dc87719afcdb",
            "ticker": "HIGHNY-24MAR02-B52.5",
            "count": 11,
            "created_time": "2024-03-02T00:29:39.227691Z",
            "yes_price": 34,
            "no_price": 66,
            "taker_side": "yes"
        },
        {
            "trade_id": "ae9f2822-c633-4d87-9a15-bfd6fb60a3e3",
            "ticker": "HIGHNY-24MAR02-B52.5",
            "count": 37,
            "created_time": "2024-03-02T00:29:39.227691Z",
            "yes_price": 36,
            "no_price": 64,
            "taker_side": "yes"
        },
        {
            "trade_id": "fcc26aa9-83f0-4166-857e-36f87197b820",
            "ticker": "HIGHNY-24MAR02-B52.5",
            "count": 112,
            "created_time": "2024-03-02T00:29:13.911237Z",
            "yes_price": 34,
            "no_price": 66,
            "taker_side": "yes"
        },
        {
            "trade_id": "a544e288-6901-4278-88f9-a86255d9cb72",
            "ticker": "HIGHNY-24MAR02-B52.5",
            "count": 22,
            "created_time": "2024-03-02T00:29:13.911237Z",
            "yes_price": 32,
            "no_price": 68,
            "taker_side": "yes"
        },
        {
            "trade_id": "f3b73832-8a4e-41d0-8ff9-a050ead560d9",
            "ticker": "HIGHNY-24MAR02-B52.5",
            "count": 112,
            "created_time": "2024-03-02T00:28:56.001073Z",
            "yes_price": 30,
            "no_price": 70,
            "taker_side": "yes"
        },
        {
            "trade_id": "f0614503-b821-46fb-884e-451920a3efa4",
            "ticker": "HIGHNY-24MAR02-B52.5",
            "count": 112,
            "created_time": "2024-03-02T00:28:56.001073Z",
            "yes_price": 32,
            "no_price": 68,
            "taker_side": "yes"
        },
        {
            "trade_id": "2cda86a8-f15b-4636-b52c-649507464ed5",
            "ticker": "HIGHNY-24MAR02-B52.5",
            "count": 22,
            "created_time": "2024-03-02T00:28:56.001073Z",
            "yes_price": 28,
            "no_price": 72,
            "taker_side": "yes"
        },
        {
            "trade_id": "fbbac40b-42e7-423f-ba70-56ab160dcb1c",
            "ticker": "HIGHNY-24MAR02-B52.5",
            "count": 57,
            "created_time": "2024-03-02T00:28:30.261385Z",
            "yes_price": 29,
            "no_price": 71,
            "taker_side": "yes"
        },
        {
            "trade_id": "dc6cb884-4de2-46c2-969f-03859ccaa833",
            "ticker": "HIGHNY-24MAR02-B52.5",
            "count": 45,
            "created_time": "2024-03-02T00:28:30.261385Z",
            "yes_price": 25,
            "no_price": 75,
            "taker_side": "yes"
        },
        {
            "trade_id": "9e8ee7e6-57c4-418e-abd1-fd886f9e1bb9",
            "ticker": "HIGHNY-24MAR02-B52.5",
            "count": 112,
            "created_time": "2024-03-02T00:28:30.261385Z",
            "yes_price": 27,
            "no_price": 73,
            "taker_side": "yes"
        },
        {
            "trade_id": "e92a8f7f-5a93-47a9-8dca-736217f565d6",
            "ticker": "HIGHNY-24MAR02-B52.5",
            "count": 111,
            "created_time": "2024-03-02T00:28:16.190539Z",
            "yes_price": 29,
            "no_price": 71,
            "taker_side": "yes"
        },
        {
            "trade_id": "ad1455b2-ee4e-4414-a728-756fe2a2d7da",
            "ticker": "HIGHNY-24MAR02-B52.5",
            "count": 12,
            "created_time": "2024-03-02T00:28:16.190539Z",
            "yes_price": 25,
            "no_price": 75,
            "taker_side": "yes"
        },
        {
            "trade_id": "72ae5996-58ff-4b42-99ae-40868707ce0f",
            "ticker": "HIGHNY-24MAR02-B52.5",
            "count": 1,
            "created_time": "2024-03-02T00:28:16.190539Z",
            "yes_price": 26,
            "no_price": 74,
            "taker_side": "yes"
        },
        {
            "trade_id": "45a17471-70ec-4b06-b95a-1cec4ce045d2",
            "ticker": "HIGHNY-24MAR02-B52.5",
            "count": 56,
            "created_time": "2024-03-02T00:28:16.190539Z",
            "yes_price": 25,
            "no_price": 75,
            "taker_side": "yes"
        },
        {
            "trade_id": "3cccbb95-95e5-4441-a893-af39199949d1",
            "ticker": "HIGHNY-24MAR02-B52.5",
            "count": 112,
            "created_time": "2024-03-02T00:28:16.190539Z",
            "yes_price": 27,
            "no_price": 73,
            "taker_side": "yes"
        },
        {
            "trade_id": "4834d02b-0048-41a9-93c7-0082578f2274",
            "ticker": "HIGHNY-24MAR02-B52.5",
            "count": 45,
            "created_time": "2024-03-01T22:39:23.876821Z",
            "yes_price": 25,
            "no_price": 75,
            "taker_side": "yes"
        },
        {
            "trade_id": "67e173b7-9873-411c-b07b-71fbaf14d86f",
            "ticker": "HIGHNY-24MAR02-B52.5",
            "count": 11,
            "created_time": "2024-03-01T19:38:56.350321Z",
            "yes_price": 21,
            "no_price": 79,
            "taker_side": "no"
        },
        {
            "trade_id": "0b5114ac-7cbe-4b1c-bcf0-8331bccc70d0",
            "ticker": "HIGHNY-24MAR02-B52.5",
            "count": 100,
            "created_time": "2024-03-01T19:38:56.350321Z",
            "yes_price": 20,
            "no_price": 80,
            "taker_side": "no"
        },
        {
            "trade_id": "9c669544-8bdc-45f0-8352-5d57f0885335",
            "ticker": "HIGHNY-24MAR02-B52.5",
            "count": 50,
            "created_time": "2024-03-01T17:33:00.842689Z",
            "yes_price": 23,
            "no_price": 77,
            "taker_side": "no"
        },
        {
            "trade_id": "b519aeab-6458-4c4a-965f-850a8bebafcd",
            "ticker": "HIGHNY-24MAR02-B52.5",
            "count": 100,
            "created_time": "2024-03-01T17:32:21.843863Z",
            "yes_price": 25,
            "no_price": 75,
            "taker_side": "no"
        },
        {
            "trade_id": "5e425fa0-e781-4398-91dc-65e3dfb7f9f1",
            "ticker": "HIGHNY-24MAR02-B52.5",
            "count": 50,
            "created_time": "2024-03-01T17:32:21.843863Z",
            "yes_price": 27,
            "no_price": 73,
            "taker_side": "no"
        },
        {
            "trade_id": "36c42334-815c-408b-9471-d87f9e239c04",
            "ticker": "HIGHNY-24MAR02-B52.5",
            "count": 50,
            "created_time": "2024-03-01T17:32:21.843863Z",
            "yes_price": 29,
            "no_price": 71,
            "taker_side": "no"
        },
        {
            "trade_id": "3579ccbd-4095-416a-8766-b20897948f04",
            "ticker": "HIGHNY-24MAR02-B52.5",
            "count": 112,
            "created_time": "2024-03-01T17:32:21.843863Z",
            "yes_price": 25,
            "no_price": 75,
            "taker_side": "no"
        },
        {
            "trade_id": "29361bc2-b043-4d8e-b917-8bf90b053d8a",
            "ticker": "HIGHNY-24MAR02-B52.5",
            "count": 33,
            "created_time": "2024-03-01T17:32:21.843863Z",
            "yes_price": 27,
            "no_price": 73,
            "taker_side": "no"
        },
        {
            "trade_id": "fb81cfcb-cb21-4d7c-8dc3-62b4c9eed278",
            "ticker": "HIGHNY-24MAR02-B52.5",
            "count": 1,
            "created_time": "2024-03-01T17:30:22.74464Z",
            "yes_price": 30,
            "no_price": 70,
            "taker_side": "no"
        }
    ],
    "HIGHNY-24MAR02-T53": [
        {
            "trade_id": "05684dce-688c-4c23-b816-8d15b8fa9bcc",
            "ticker": "HIGHNY-24MAR02-T53",
            "count": 500,
            "created_time": "2024-03-02T22:02:37.016215Z",
            "yes_price": 99,
            "no_price": 1,
            "taker_side": "no"
        },
        {
            "trade_id": "0bf9a8a5-1d4f-4b96-9c5f-fb68f503091e",
            "ticker": "HIGHNY-24MAR02-T53",
            "count": 500,
            "created_time": "2024-03-02T21:56:53.743974Z",
            "yes_price": 99,
            "no_price": 1,
            "taker_side": "no"
        },
        {
            "trade_id": "aa04e9d6-43a2-4d93-abb3-114333f59434",
            "ticker": "HIGHNY-24MAR02-T53",
            "count": 100,
            "created_time": "2024-03-02T21:54:40.287814Z",
            "yes_price": 99,
            "no_price": 1,
            "taker_side": "no"
        },
        {
            "trade_id": "a20eac06-c6ca-4a55-b478-8a7141edbf9f",
            "ticker": "HIGHNY-24MAR02-T53",
            "count": 7,
            "created_time": "2024-03-02T21:53:12.615125Z",
            "yes_price": 27,
            "no_price": 73,
            "taker_side": "yes"
        },
        {
            "trade_id": "84f5d8e3-b147-4d15-9a07-780e31336963",
            "ticker": "HIGHNY-24MAR02-T53",
            "count": 3,
            "created_time": "2024-03-02T20:31:07.266466Z",
            "yes_price": 6,
            "no_price": 94,
            "taker_side": "no"
        },
        {
            "trade_id": "37706dbb-b4e9-4e6d-a76d-6ca26ab8b1e7",
            "ticker": "HIGHNY-24MAR02-T53",
            "count": 21,
            "created_time": "2024-03-02T18:22:50.876364Z",
            "yes_price": 6,
            "no_price": 94,
            "taker_side": "no"
        },
        {
            "trade_id": "2c83dcae-4918-4278-9fda-669095e7b2ad",
            "ticker": "HIGHNY-24MAR02-T53",
            "count": 52,
            "created_time": "2024-03-02T16:46:17.726502Z",
            "yes_price": 6,
            "no_price": 94,
            "taker_side": "no"
        }
    ]
}