{
    "HIGHNY-24MAY14-T71": [
        {
            "trade_id": "68061cf5-c2f7-44a0-ba7e-d307cfafdeae",
            "ticker": "HIGHNY-24MAY14-T71",
            "count": 259,
            "created_time": "2024-05-14T19:09:20.230231Z",
            "yes_price": 1,
            "no_price": 99,
            "taker_side": "yes"
        },
        {
            "trade_id": "d7346a85-f13e-41e0-9c77-ab4f734f57df",
            "ticker": "HIGHNY-24MAY14-T71",
            "count": 420,
            "created_time": "2024-05-14T17:35:54.588648Z",
            "yes_price": 69,
            "no_price": 31,
            "taker_side": "yes"
        },
        {
            "trade_id": "e8b8a6fd-3f6f-4230-827c-d926ed56eb30",
            "ticker": "HIGHNY-24MAY14-T71",
            "count": 580,
            "created_time": "2024-05-14T17:34:51.395341Z",
            "yes_price": 51,
            "no_price": 49,
            "taker_side": "yes"
        },
        {
            "trade_id": "1a534949-6488-402c-bfc9-f8595a4354da",
            "ticker": "HIGHNY-24MAY14-T71",
            "count": 61,
            "created_time": "2024-05-14T17:34:27.056421Z",
            "yes_price": 31,
            "no_price": 69,
            "taker_side": "no"
        },
        {
            "trade_id": "86caee0a-cc34-4c73-ad8b-8924b1824384",
            "ticker": "HIGHNY-24MAY14-T71",
            "count": 359,
            "created_time": "2024-05-14T17:34:11.715938Z",
            "yes_price": 31,
            "no_price": 69,
            "taker_side": "yes"
        },
        {
            "trade_id": "caeb236f-09ce-4323-9f79-f54bdf528f66",
            "ticker": "HIGHNY-24MAY14-T71",
            "count": 61,
            "created_time": "2024-05-14T17:34:09.443296Z",
            "yes_price": 31,
            "no_price": 69,
            "taker_side": "yes"
        },
        {
            "trade_id": "2cff0ba4-11ae-48b2-a205-2ac575a8b105",
            "ticker": "HIGHNY-24MAY14-T71",
            "count": 11,
            "created_time": "2024-05-14T16:42:46.499317Z",
            "yes_price": 2,
            "no_price": 98,
            "taker_side": "yes"
        },
        {
            "trade_id": "bd0ce45c-5844-49eb-bc4c-087a9dac093f",
            "ticker": "HIGHNY-24MAY14-T71",
            "count": 355,
            "created_time": "2024-05-14T16:40:27.334763Z",
            "yes_price": 1,
            "no_price": 99,
            "taker_side": "yes"
        },
        {
            "trade_id": "9b143ca6-1996-45c5-aa99-7fb9d7c0da27",
            "ticker": "HIGHNY-24MAY14-T71",
            "count": 500,
            "created_time": "2024-05-14T16:40:27.334763Z",
            "yes_price": 1,
            "no_price": 99,
            "taker_side": "yes"
        },
        {
            "trade_id": "903fd84d-df58-48a0-ad86-9744ab26388d",
            "ticker": "HIGHNY-24MAY14-T71",
            "count": 645,
            "created_time": "2024-05-14T16:40:27.334763Z",
            "yes_price": 1,
            "no_price": 99,
            "taker_side": "yes"
        },
        {
            "trade_id": "8b1ad3cc-a066-4840-9703-dcefd170a005",
            "ticker": "HIGHNY-24MAY14-T71",
            "count": 145,
            "created_time": "2024-05-14T16:33:04.256666Z",
            "yes_price": 1,
            "no_price": 99,
            "taker_side": "yes"
        },
        {
            "trade_id": "ae777132-0298-4768-9272-7269b75b5bca",
            "ticker": "HIGHNY-24MAY14-T71",
            "count": 145,
            "created_time": "2024-05-14T15:20:51.954952Z",
            "yes_price": 3,
            "no_price": 97,
            "taker_side": "yes"
        },
        {
            "trade_id": "15d6eec9-c34c-463a-96d6-07357301eae7",
            "ticker": "HIGHNY-24MAY14-T71",
            "count": 500,
            "created_time": "2024-05-14T15:20:51.954952Z",
            "yes_price": 1,
            "no_price": 99,
            "taker_side": "yes"
        }
    ],
    "HIGHNY-24MAY14-B71.5": [
        {
            "trade_id": "5729f608-2a98-4fe8-95b2-85bdad8eab92",
            "ticker": "HIGHNY-24MAY14-B71.5",
            "count": 47,
            "created_time": "2024-05-15T01:27:18.114593Z",
            "yes_price": 99,
            "no_price": 1,
            "taker_side": "no"
        },
        {
            "trade_id": "55bad832-7536-4324-a976-54b88022a9c9",
            "ticker": "HIGHNY-24MAY14-B71.5",
            "count": 156,
            "created_time": "2024-05-14T22:29:37.121671Z",
            "yes_price": 97,
            "no_price": 3,
            "taker_side": "no"
        },
        {
            "trade_id": "2ce7dd4f-f209-41f3-8e54-6154ac8af551",
            "ticker": "HIGHNY-24MAY14-B71.5",
            "count": 1,
            "created_time": "2024-05-14T19:46:38.462575Z",
            "yes_price": 69,
            "no_price": 31,
            "taker_side": "yes"
        },
        {
            "trade_id": "a5b9f273-0a29-4944-bffe-6fe4ced9cfc1",
            "ticker": "HIGHNY-24MAY14-B71.5",
            "count": 2,
            "created_time": "2024-05-14T15:30:22.832983Z",
            "yes_price": 63,
            "no_price": 37,
            "taker_side": "yes"
        },
        {
            "trade_id": "6cddd776-b6f8-43be-8ca7-628f7a35493c",
            "ticker": "HIGHNY-24MAY14-B71.5",
            "count": 36,
            "created_time": "2024-05-14T13:03:13.38535Z",
            "yes_price": 16,
            "no_price": 84,
            "taker_side": "no"
        },
        {
            "trade_id": "1194aca8-3619-4303-bb83-7170270fa284",
            "ticker": "HIGHNY-24MAY14-B71.5",
            "count": 12,
            "created_time": "2024-05-14T13:00:07.39583Z",
            "yes_price": 17,
            "no_price": 83,
            "taker_side": "no"
        },
        {
            "trade_id": "0d4dfbc3-48b8-4836-acdc-30d443748f78",
            "ticker": "HIGHNY-24MAY14-B71.5",
            "count": 2,
            "created_time": "2024-05-14T12:46:16.513843Z",
            "yes_price": 16,
            "no_price": 84,
            "taker_side": "no"
        },
        {
            "trade_id": "111d5de5-29c0-4155-bce4-87f3292f3bb5",
            "ticker": "HIGHNY-24MAY14-B71.5",
            "count": 11,
            "created_time": "2024-05-14T12:36:29.401083Z",
            "yes_price": 15,
            "no_price": 85,
            "taker_side": "yes"
        },
        {
            "trade_id": "def56fb6-32fd-4021-ae1a-ab684b235721",
            "ticker": "HIGHNY-24MAY14-B71.5",
            "count": 16,
            "created_time": "2024-05-14T12:29:15.833841Z",
            "yes_price": 9,
            "no_price": 91,
            "taker_side": "no"
        },
        {
            "trade_id": "1b326702-3258-4305-b90f-3a64e7c55f14",
            "ticker": "HIGHNY-24MAY14-B71.5",
            "count": 11,
            "created_time": "2024-05-14T12:22:06.418778Z",
            "yes_price": 10,
            "no_price": 90,
            "taker_side": "no"
        },
        {
            "trade_id": "b18711a0-62b9-413a-925f-35cd8a9bc2ce",
            "ticker": "HIGHNY-24MAY14-B71.5",
            "count": 1,
            "created_time": "2024-05-14T12:21:24.468946Z",
            "yes_price": 10,
            "no_price": 90,
            "taker_side": "no"
        }
    ],
    "HIGHNY-24MAY14-B73.5": [
        {
            "trade_id": "41b4f6ce-de80-4681-b8f7-1c8b7752bd66",
            "ticker": "HIGHNY-24MAY14-B73.5",
            "count": 47,
            "created_time": "2024-05-15T01:27:18.045598Z",
            "yes_price": 2,
            "no_price": 98,
            "taker_side": "yes"
        },
        {
            "trade_id": "33754b93-71c1-4c08-956d-b5ed98f81654",
            "ticker": "HIGHNY-24MAY14-B73.5",
            "count": 280,
            "created_time": "2024-05-15T01:27:18.045598Z",
            "yes_price": 3,
            "no_price": 97,
            "taker_side": "yes"
        },
        {
            "trade_id": "ef436ba3-bb18-4880-bafe-015963886a4a",
            "ticker": "HIGHNY-24MAY14-B73.5",
            "count": 312,
            "created_time": "2024-05-14T22:29:19.733452Z",
            "yes_price": 3,
            "no_price": 97,
            "taker_side": "yes"
        },
        {
            "trade_id": "9fb5f1e6-c734-460f-8150-e2ffe296798c",
            "ticker": "HIGHNY-24MAY14-B73.5",
            "count": 18,
            "created_time": "2024-05-14T21:05:46.353022Z",
            "yes_price": 10,
            "no_price": 90,
            "taker_side": "no"
        },
        {
            "trade_id": "5b82d824-7013-4e93-9299-9f40c58a037a",
            "ticker": "HIGHNY-24MAY14-B73.5",
            "count": 9,
            "created_time": "2024-05-14T15:57:59.628406Z",
            "yes_price": 11,
            "no_price": 89,
            "taker_side": "no"
        },
        {
            "trade_id": "13b52db5-b903-4336-b249-b0c58accfd03",
            "ticker": "HIGHNY-24MAY14-B73.5",
            "count": 2,
            "created_time": "2024-05-14T15:57:59.628406Z",
            "yes_price": 10,
            "no_price": 90,
            "taker_side": "no"
        },
        {
            "trade_id": "4c31ab73-9b73-4843-a403-5e0f47aa2b8a",
            "ticker": "HIGHNY-24MAY14-B73.5",
            "count": 2,
            "created_time": "2024-05-14T15:30:22.900129Z",
            "yes_price": 11,
            "no_price": 89,
            "taker_side": "no"
        },
        {
            "trade_id": "e753e1fb-15f7-42d6-b101-c00931ed8832",
            "ticker": "HIGHNY-24MAY14-B73.5",
            "count": 11,
            "created_time": "2024-05-14T14:38:58.588216Z",
            "yes_price": 43,
            "no_price": 57,
            "taker_side": "yes"
        },
        {
            "trade_id": "dffc6fe3-2d28-41d7-9c9d-9f25b825cbc6",
            "ticker": "HIGHNY-24MAY14-B73.5",
            "count": 11,
            "created_time": "2024-05-14T14:38:58.588216Z",
            "yes_price": 42,
            "no_price": 58,
            "taker_side": "yes"
        },
        {
            "trade_id": "b03f8d5d-88c1-4d07-9857-9aff29f25977",
            "ticker": "HIGHNY-24MAY14-B73.5",
            "count": 30,
            "created_time": "2024-05-14T13:52:58.015012Z",
            "yes_price": 25,
            "no_price": 75,
            "taker_side": "no"
        },
        {
            "trade_id": "7829106d-6ab9-4e1c-ac62-8ec6208cd2f0",
            "ticker": "HIGHNY-24MAY14-B73.5",
            "count": 30,
            "created_time": "2024-05-14T13:52:39.397782Z",
            "yes_price": 26,
            "no_price": 74,
            "taker_side": "no"
        },
        {
            "trade_id": "009e1635-b4cc-4ebf-a5f2-62b1aacc0090",
            "ticker": "HIGHNY-24MAY14-B73.5",
            "count": 36,
            "created_time": "2024-05-14T13:52:18.414256Z",
            "yes_price": 25,
            "no_price": 75,
            "taker_side": "no"
        },
        {
            "trade_id": "6e8b12dd-15f4-4566-b903-cc4333583c2f",
            "ticker": "HIGHNY-24MAY14-B73.5",
            "count": 30,
            "created_time": "2024-05-14T13:52:04.998484Z",
            "yes_price": 26,
            "no_price": 74,
            "taker_side": "no"
        },
        {
            "trade_id": "49ea06c9-9b5d-4033-b1d0-c145b4e08d87",
            "ticker": "HIGHNY-24MAY14-B73.5",
            "count": 36,
            "created_time": "2024-05-14T13:51:49.314335Z",
            "yes_price": 27,
            "no_price": 73,
            "taker_side": "no"
        },
        {
            "trade_id": "ea125f7a-1794-45ac-a6ba-0a7f7eef4565",
            "ticker": "HIGHNY-24MAY14-B73.5",
            "count": 30,
            "created_time": "2024-05-14T13:51:34.064187Z",
            "yes_price": 28,
            "no_price": 72,
            "taker_side": "no"
        },
        {
            "trade_id": "119abf6c-7c4a-4e32-a5f6-64bc5bbb95e3",
            "ticker": "HIGHNY-24MAY14-B73.5",
            "count": 12,
            "created_time": "2024-05-14T13:51:24.737362Z",
            "yes_price": 28,
            "no_price": 72,
            "taker_side": "no"
        },
        {
            "trade_id": "973e83e9-78eb-47b4-a9db-1582b50c863d",
            "ticker": "HIGHNY-24MAY14-B73.5",
            "count": 10,
            "created_time": "2024-05-14T13:50:55.002086Z",
            "yes_price": 29,
            "no_price": 71,
            "taker_side": "no"
        },
        {
            "trade_id": "8f19b279-a2c3-4667-8044-468db9bcb1f5",
            "ticker": "HIGHNY-24MAY14-B73.5",
            "count": 36,
            "created_time": "2024-05-14T13:03:13.320572Z",
            "yes_price": 39,
            "no_price": 61,
            "taker_side": "yes"
        },
        {
            "trade_id": "3375b6bb-fd73-49bf-a2d2-b038b5950195",
            "ticker": "HIGHNY-24MAY14-B73.5",
            "count": 12,
            "created_time": "2024-05-14T13:00:07.309202Z",
            "yes_price": 39,
            "no_price": 61,
            "taker_side": "yes"
        },
        {
            "trade_id": "132b9f79-eb6c-4885-9e66-f1d4cc6c8adf",
            "ticker": "HIGHNY-24MAY14-B73.5",
            "count": 10,
            "created_time": "2024-05-14T12:50:51.627741Z",
            "yes_price": 36,
            "no_price": 64,
            "taker_side": "no"
        },
        {
            "trade_id": "4684e120-cabf-4a6f-818c-1768dde2b474",
            "ticker": "HIGHNY-24MAY14-B73.5",
            "count": 2,
            "created_time": "2024-05-14T12:46:16.494956Z",
            "yes_price": 36,
            "no_price": 64,
            "taker_side": "no"
        },
        {
            "trade_id": "bee23be7-8591-4018-b92b-ad8a2b0161ec",
            "ticker": "HIGHNY-24MAY14-B73.5",
            "count": 16,
            "created_time": "2024-05-14T12:29:15.817168Z",
            "yes_price": 33,
            "no_price": 67,
            "taker_side": "no"
        },
        {
            "trade_id": "296ca897-7fef-4bc4-98d5-6ca3dd5eb0ee",
            "ticker": "HIGHNY-24MAY14-B73.5",
            "count": 11,
            "created_time": "2024-05-14T12:22:06.434638Z",
            "yes_price": 33,
            "no_price": 67,
            "taker_side": "no"
        },
        {
            "trade_id": "680def3b-0fd6-419b-b6ed-af29d570d2af",
            "ticker": "HIGHNY-24MAY14-B73.5",
            "count": 1,
            "created_time": "2024-05-14T12:21:24.395781Z",
            "yes_price": 34,
            "no_price": 66,
            "taker_side": "no"
        },
        {
            "trade_id": "4b4da4bc-f3fc-48bc-ac92-d87460d5ee6d",
            "ticker": "HIGHNY-24MAY14-B73.5",
            "count": 23,
            "created_time": "2024-05-14T12:20:43.782128Z",
            "yes_price": 34,
            "no_price": 66,
            "taker_side": "yes"
        },
        {
            "trade_id": "1605c05d-b9db-45fe-85ca-5f88e14bd4fd",
            "ticker": "HIGHNY-24MAY14-B73.5",
            "count": 1,
            "created_time": "2024-05-14T12:20:43.782128Z",
            "yes_price": 36,
            "no_price": 64,
            "taker_side": "yes"
        },
        {
            "trade_id": "34b9bc47-b9b4-4894-9ffa-bf9d7b3c9bc6",
            "ticker": "HIGHNY-24MAY14-B73.5",
            "count": 82,
            "created_time": "2024-05-14T12:20:43.748843Z",
            "yes_price": 34,
            "no_price": 66,
            "taker_side": "yes"
        },
        {
            "trade_id": "00b9f2df-4f68-4857-a31d-9a042e463cc8",
            "ticker": "HIGHNY-24MAY14-B73.5",
            "count": 14,
            "created_time": "2024-05-14T12:11:25.94159Z",
            "yes_price": 34,
            "no_price": 66,
            "taker_side": "yes"
        },
        {
            "trade_id": "9532354a-b518-4e88-96c6-57a4f64679e9",
            "ticker": "HIGHNY-24MAY14-B73.5",
            "count": 56,
            "created_time": "2024-05-14T12:01:05.642223Z",
            "yes_price": 34,
            "no_price": 66,
            "taker_side": "yes"
        },
        {
            "trade_id": "98aa4b45-b5c3-41cf-b1a3-a2fe4e3ae347",
            "ticker": "HIGHNY-24MAY14-B73.5",
            "count": 22,
            "created_time": "2024-05-14T12:00:57.232375Z",
            "yes_price": 34,
            "no_price": 66,
            "taker_side": "yes"
        },
        {
            "trade_id": "61df2703-00e0-43c0-86bd-0aa9ddc32f1b",
            "ticker": "HIGHNY-24MAY14-B73.5",
            "count": 22,
            "created_time": "2024-05-14T12:00:48.654239Z",
            "yes_price": 34,
            "no_price": 66,
            "taker_side": "yes"
        },
        {
            "trade_id": "070b84d4-3415-4161-8722-cbd69a4bd595",
            "ticker": "HIGHNY-24MAY14-B73.5",
            "count": 48,
            "created_time": "2024-05-14T12:00:33.439019Z",
            "yes_price": 34,
            "no_price": 66,
            "taker_side": "yes"
        },
        {
            "trade_id": "e3c58138-7b1d-4ae9-ae3e-e430d08ac552",
            "ticker": "HIGHNY-24MAY14-B73.5",
            "count": 48,
            "created_time": "2024-05-14T12:00:26.807082Z",
            "yes_price": 34,
            "no_price": 66,
            "taker_side": "yes"
        },
        {
            "trade_id": "69ca55d4-2274-4813-85c5-72c637f8f689",
            "ticker": "HIGHNY-24MAY14-B73.5",
            "count": 10,
            "created_time": "2024-05-14T02:01:33.834828Z",
            "yes_price": 19,
            "no_price": 81,
            "taker_side": "no"
        },
        {
            "trade_id": "e458250c-06b3-423a-b49f-6735f47ad025",
            "ticker": "HIGHNY-24MAY14-B73.5",
            "count": 150,
            "created_time": "2024-05-13T21:54:35.112447Z",
            "yes_price": 19,
            "no_price": 81,
            "taker_side": "yes"
        },
        {
            "trade_id": "c0d5a4a5-6206-4a7a-9aed-98a7e9c7a282",
            "ticker": "HIGHNY-24MAY14-B73.5",
            "count": 75,
            "created_time": "2024-05-13T21:54:35.112447Z",
            "yes_price": 17,
            "no_price": 83,
            "taker_side": "yes"
        },
        {
            "trade_id": "581445b5-87f6-4274-bdd0-e326174895cb",
            "ticker": "HIGHNY-24MAY14-B73.5",
            "count": 90,
            "created_time": "2024-05-13T21:40:33.798053Z",
            "yes_price": 15,
            "no_price": 85,
            "taker_side": "yes"
        },
        {
            "trade_id": "42d1ec8c-1e97-4842-a8bb-939dd6f8984c",
            "ticker": "HIGHNY-24MAY14-B73.5",
            "count": 1,
            "created_time": "2024-05-13T17:30:25.549724Z",
            "yes_price": 15,
            "no_price": 85,
            "taker_side": "no"
        },
        {
            "trade_id": "f04731b1-acfa-42ed-a051-8c57e7e53886",
            "ticker": "HIGHNY-24MAY14-B73.5",
            "count": 31,
            "created_time": "2024-05-13T16:32:31.936301Z",
            "yes_price": 12,
            "no_price": 88,
            "taker_side": "yes"
        }
    ],
    "HIGHNY-24MAY14-B75.5": [
        {
            "trade_id": "6edd0075-6554-46a5-80b5-3995650c95f6",
            "ticker": "HIGHNY-24MAY14-B75.5",
            "count": 9,
            "created_time": "2024-05-14T19:56:06.256784Z",
            "yes_price": 10,
            "no_price": 90,
            "taker_side": "no"
        },
        {
            "trade_id": "81443fed-e3dd-4bea-9490-772d78ac102e",
            "ticker": "HIGHNY-24MAY14-B75.5",
            "count": 20,
            "created_time": "2024-05-14T16:53:30.218059Z",
            "yes_price": 23,
            "no_price": 77,
            "taker_side": "no"
        },
        {
            "trade_id": "49dea6d8-7a3d-4e16-a26e-f4882f7672cd",
            "ticker": "HIGHNY-24MAY14-B75.5",
            "count": 11,
            "created_time": "2024-05-14T16:53:30.218059Z",
            "yes_price": 24,
            "no_price": 76,
            "taker_side": "no"
        },
        {
            "trade_id": "d0c58926-5646-4a46-a1a0-ab85a0e26a24",
            "ticker": "HIGHNY-24MAY14-B75.5",
            "count": 2,
            "created_time": "2024-05-14T15:30:22.895701Z",
            "yes_price": 26,
            "no_price": 74,
            "taker_side": "no"
        },
        {
            "trade_id": "cd171592-122a-4f0a-b731-614faa4d0b5c",
            "ticker": "HIGHNY-24MAY14-B75.5",
            "count": 36,
            "created_time": "2024-05-14T13:03:13.406813Z",
            "yes_price": 26,
            "no_price": 74,
            "taker_side": "no"
        },
        {
            "trade_id": "162d141e-cb4a-4de7-8c63-e5c0ce2fe599",
            "ticker": "HIGHNY-24MAY14-B75.5",
            "count": 12,
            "created_time": "2024-05-14T13:00:07.372496Z",
            "yes_price": 27,
            "no_price": 73,
            "taker_side": "no"
        },
        {
            "trade_id": "6b9010e3-ace8-4a0c-9b75-c7d5dd352470",
            "ticker": "HIGHNY-24MAY14-B75.5",
            "count": 2,
            "created_time": "2024-05-14T12:46:16.430192Z",
            "yes_price": 33,
            "no_price": 67,
            "taker_side": "yes"
        },
        {
            "trade_id": "931d2c7b-1aa1-47ee-8b55-dda47e43abc9",
            "ticker": "HIGHNY-24MAY14-B75.5",
            "count": 16,
            "created_time": "2024-05-14T12:29:15.795492Z",
            "yes_price": 36,
            "no_price": 64,
            "taker_side": "no"
        },
        {
            "trade_id": "c1e9eb56-c3b7-4ef4-baf4-c627b46a5a17",
            "ticker": "HIGHNY-24MAY14-B75.5",
            "count": 11,
            "created_time": "2024-05-14T12:22:06.348046Z",
            "yes_price": 43,
            "no_price": 57,
            "taker_side": "yes"
        },
        {
            "trade_id": "16c051d5-4f0b-429e-bfd8-85aa712c5a72",
            "ticker": "HIGHNY-24MAY14-B75.5",
            "count": 1,
            "created_time": "2024-05-14T12:21:24.494547Z",
            "yes_price": 35,
            "no_price": 65,
            "taker_side": "no"
        },
        {
            "trade_id": "6003bce5-164b-4c2e-8d57-d2bd467a6dad",
            "ticker": "HIGHNY-24MAY14-B75.5",
            "count": 8,
            "created_time": "2024-05-14T12:12:06.406093Z",
            "yes_price": 52,
            "no_price": 48,
            "taker_side": "yes"
        },
        {
            "trade_id": "55d82fe1-33a2-450b-a3f7-ec1ebbe4300f",
            "ticker": "HIGHNY-24MAY14-B75.5",
            "count": 11,
            "created_time": "2024-05-14T12:12:06.406093Z",
            "yes_price": 49,
            "no_price": 51,
            "taker_side": "yes"
        },
        {
            "trade_id": "fa09af8c-bb95-4c14-8b49-0ce012e09bae",
            "ticker": "HIGHNY-24MAY14-B75.5",
            "count": 56,
            "created_time": "2024-05-14T12:01:41.008128Z",
            "yes_price": 44,
            "no_price": 56,
            "taker_side": "yes"
        },
        {
            "trade_id": "98d87bcf-5601-46fd-956b-8bcad62b5f06",
            "ticker": "HIGHNY-24MAY14-B75.5",
            "count": 112,
            "created_time": "2024-05-14T12:01:41.008128Z",
            "yes_price": 47,
            "no_price": 53,
            "taker_side": "yes"
        },
        {
            "trade_id": "b400199b-602b-4480-99d5-e56b5ab7260d",
            "ticker": "HIGHNY-24MAY14-B75.5",
            "count": 11,
            "created_time": "2024-05-14T12:01:35.33992Z",
            "yes_price": 44,
            "no_price": 56,
            "taker_side": "yes"
        },
        {
            "trade_id": "4f1c7310-98a8-42ba-8092-beb69fb54190",
            "ticker": "HIGHNY-24MAY14-B75.5",
            "count": 112,
            "created_time": "2024-05-14T12:01:35.33992Z",
            "yes_price": 45,
            "no_price": 55,
            "taker_side": "yes"
        },
        {
            "trade_id": "1d9f05bf-c44a-48b0-8aa0-42b61d7e9fed",
            "ticker": "HIGHNY-24MAY14-B75.5",
            "count": 11,
            "created_time": "2024-05-14T12:01:35.33992Z",
            "yes_price": 41,
            "no_price": 59,
            "taker_side": "yes"
        },
        {
            "trade_id": "f8b23332-4473-4c1a-891e-62fb62f47a09",
            "ticker": "HIGHNY-24MAY14-B75.5",
            "count": 2,
            "created_time": "2024-05-14T12:01:11.716654Z",
            "yes_price": 40,
            "no_price": 60,
            "taker_side": "yes"
        },
        {
            "trade_id": "759c2a1e-b098-4c13-bf24-d90f5a101f69",
            "ticker": "HIGHNY-24MAY14-B75.5",
            "count": 45,
            "created_time": "2024-05-14T03:57:44.014603Z",
            "yes_price": 38,
            "no_price": 62,
            "taker_side": "yes"
        },
        {
            "trade_id": "ff76ae55-15a7-46f3-be5c-c4da92225190",
            "ticker": "HIGHNY-24MAY14-B75.5",
            "count": 15,
            "created_time": "2024-05-14T03:57:38.213757Z",
            "yes_price": 38,
            "no_price": 62,
            "taker_side": "yes"
        },
        {
            "trade_id": "99cda9fd-236f-46d3-a2b1-13ab1c5539ed",
            "ticker": "HIGHNY-24MAY14-B75.5",
            "count": 60,
            "created_time": "2024-05-14T03:57:06.910456Z",
            "yes_price": 38,
            "no_price": 62,
            "taker_side": "yes"
        },
        {
            "trade_id": "cb783b13-9e09-40cb-a61b-78363441efdb",
            "ticker": "HIGHNY-24MAY14-B75.5",
            "count": 30,
            "created_time": "2024-05-14T03:56:04.526033Z",
            "yes_price": 37,
            "no_price": 63,
            "taker_side": "yes"
        },
        {
            "trade_id": "a6abf9d4-5251-4801-a79c-1894105aecb3",
            "ticker": "HIGHNY-24MAY14-B75.5",
            "count": 9,
            "created_time": "2024-05-14T03:56:04.526033Z",
            "yes_price": 36,
            "no_price": 64,
            "taker_side": "yes"
        },
        {
            "trade_id": "a1a8e343-1c19-48ac-b23f-8e972c9ac1f9",
            "ticker": "HIGHNY-24MAY14-B75.5",
            "count": 10,
            "created_time": "2024-05-14T02:01:10.431205Z",
            "yes_price": 35,
            "no_price": 65,
            "taker_side": "yes"
        },
        {
            "trade_id": "b372cee7-9e88-4868-a8b6-092f98fa3f68",
            "ticker": "HIGHNY-24MAY14-B75.5",
            "count": 1,
            "created_time": "2024-05-13T17:30:26.828385Z",
            "yes_price": 26,
            "no_price": 74,
            "taker_side": "no"
        },
        {
            "trade_id": "9aa50894-04cf-4e01-bd6a-f34a8b1e65fd",
            "ticker": "HIGHNY-24MAY14-B75.5",
            "count": 45,
            "created_time": "2024-05-13T17:00:01.916109Z",
            "yes_price": 31,
            "no_price": 69,
            "taker_side": "yes"
        },
        {
            "trade_id": "1b13343e-6d12-4b3e-a5c6-73ce58c814cf",
            "ticker": "HIGHNY-24MAY14-B75.5",
            "count": 1,
            "created_time": "2024-05-13T17:00:01.916109Z",
            "yes_price": 33,
            "no_price": 67,
            "taker_side": "yes"
        },
        {
            "trade_id": "aa955fc5-405e-47e3-bbb2-d7777a890703",
            "ticker": "HIGHNY-24MAY14-B75.5",
            "count": 31,
            "created_time": "2024-05-13T14:12:35.077752Z",
            "yes_price": 18,
            "no_price": 82,
            "taker_side": "yes"
        }
    ],
    "HIGHNY-24MAY14-B77.5": [
        {
            "trade_id": "d23ec8b1-b55f-411a-a2cd-c29ea205eb9c",
            "ticker": "HIGHNY-24MAY14-B77.5",
            "count": 89,
            "created_time": "2024-05-15T03:10:14.464845Z",
            "yes_price": 3,
            "no_price": 97,
            "taker_side": "yes"
        },
        {
            "trade_id": "ca54484d-d257-421e-b9f4-8b4c8b3b3594",
            "ticker": "HIGHNY-24MAY14-B77.5",
            "count": 100,
            "created_time": "2024-05-15T03:10:14.464845Z",
            "yes_price": 2,
            "no_price": 98,
            "taker_side": "yes"
        },
        {
            "trade_id": "3f3fa3b4-5e45-48e6-91a0-f1367c953d5a",
            "ticker": "HIGHNY-24MAY14-B77.5",
            "count": 1,
            "created_time": "2024-05-15T01:16:16.590669Z",
            "yes_price": 1,
            "no_price": 99,
            "taker_side": "no"
        },
        {
            "trade_id": "dce70b10-7420-43c0-9f20-2da5e89c174f",
            "ticker": "HIGHNY-24MAY14-B77.5",
            "count": 6,
            "created_time": "2024-05-14T16:53:38.363587Z",
            "yes_price": 3,
            "no_price": 97,
            "taker_side": "no"
        },
        {
            "trade_id": "3d265c93-9463-4fba-bf3b-9963ba28aafe",
            "ticker": "HIGHNY-24MAY14-B77.5",
            "count": 10,
            "created_time": "2024-05-14T16:53:38.363587Z",
            "yes_price": 2,
            "no_price": 98,
            "taker_side": "no"
        },
        {
            "trade_id": "222b616c-b21d-4442-8788-dd7e0c8bdaef",
            "ticker": "HIGHNY-24MAY14-B77.5",
            "count": 3,
            "created_time": "2024-05-14T16:53:38.363587Z",
            "yes_price": 6,
            "no_price": 94,
            "taker_side": "no"
        },
        {
            "trade_id": "0d183a1b-5dcd-40e3-a56e-3dfb747511df",
            "ticker": "HIGHNY-24MAY14-B77.5",
            "count": 3,
            "created_time": "2024-05-14T16:53:38.363587Z",
            "yes_price": 5,
            "no_price": 95,
            "taker_side": "no"
        },
        {
            "trade_id": "784c1924-6d3f-4b0d-bebd-3126ec05e37a",
            "ticker": "HIGHNY-24MAY14-B77.5",
            "count": 98,
            "created_time": "2024-05-14T15:54:03.368716Z",
            "yes_price": 10,
            "no_price": 90,
            "taker_side": "no"
        },
        {
            "trade_id": "067a5922-fa26-41f4-adab-6f546c8e3e33",
            "ticker": "HIGHNY-24MAY14-B77.5",
            "count": 150,
            "created_time": "2024-05-14T15:54:03.368716Z",
            "yes_price": 8,
            "no_price": 92,
            "taker_side": "no"
        },
        {
            "trade_id": "b9f6700d-4f32-4bdc-b6b6-d65143f70e31",
            "ticker": "HIGHNY-24MAY14-B77.5",
            "count": 2,
            "created_time": "2024-05-14T15:30:22.897499Z",
            "yes_price": 10,
            "no_price": 90,
            "taker_side": "no"
        },
        {
            "trade_id": "d9e31c66-b036-453b-be70-b5b6089eceb4",
            "ticker": "HIGHNY-24MAY14-B77.5",
            "count": 53,
            "created_time": "2024-05-14T14:56:12.307995Z",
            "yes_price": 12,
            "no_price": 88,
            "taker_side": "no"
        },
        {
            "trade_id": "cd640764-ffd5-4a1e-ad62-3cebbfd7004d",
            "ticker": "HIGHNY-24MAY14-B77.5",
            "count": 1,
            "created_time": "2024-05-14T13:39:57.59529Z",
            "yes_price": 12,
            "no_price": 88,
            "taker_side": "no"
        },
        {
            "trade_id": "90d12f80-297b-44d9-9f5a-9ac5d22a9836",
            "ticker": "HIGHNY-24MAY14-B77.5",
            "count": 2,
            "created_time": "2024-05-14T13:33:04.252979Z",
            "yes_price": 19,
            "no_price": 81,
            "taker_side": "yes"
        },
        {
            "trade_id": "178bb9cc-c753-4091-b644-8b496e0a5196",
            "ticker": "HIGHNY-24MAY14-B77.5",
            "count": 36,
            "created_time": "2024-05-14T13:03:13.405645Z",
            "yes_price": 13,
            "no_price": 87,
            "taker_side": "no"
        },
        {
            "trade_id": "f9d68505-f530-433d-8d48-05f6408ba646",
            "ticker": "HIGHNY-24MAY14-B77.5",
            "count": 12,
            "created_time": "2024-05-14T13:00:07.415104Z",
            "yes_price": 13,
            "no_price": 87,
            "taker_side": "no"
        },
        {
            "trade_id": "ec0b05b3-64a0-4c8c-954c-709dcc3224e2",
            "ticker": "HIGHNY-24MAY14-B77.5",
            "count": 2,
            "created_time": "2024-05-14T12:46:16.513011Z",
            "yes_price": 13,
            "no_price": 87,
            "taker_side": "no"
        },
        {
            "trade_id": "660c9ce2-b48e-412a-983d-9e503e3e0523",
            "ticker": "HIGHNY-24MAY14-B77.5",
            "count": 82,
            "created_time": "2024-05-14T12:29:15.687457Z",
            "yes_price": 15,
            "no_price": 85,
            "taker_side": "yes"
        },
        {
            "trade_id": "5aae2677-23db-4138-950c-8f6d82f5bc04",
            "ticker": "HIGHNY-24MAY14-B77.5",
            "count": 16,
            "created_time": "2024-05-14T12:29:15.687457Z",
            "yes_price": 15,
            "no_price": 85,
            "taker_side": "yes"
        },
        {
            "trade_id": "1bf6b8ab-f03b-4b32-acc3-6b302fedfa1a",
            "ticker": "HIGHNY-24MAY14-B77.5",
            "count": 57,
            "created_time": "2024-05-14T12:22:36.580761Z",
            "yes_price": 14,
            "no_price": 86,
            "taker_side": "yes"
        },
        {
            "trade_id": "6707e6a0-d7aa-4159-9074-968bdb375763",
            "ticker": "HIGHNY-24MAY14-B77.5",
            "count": 11,
            "created_time": "2024-05-14T12:22:06.417884Z",
            "yes_price": 13,
            "no_price": 87,
            "taker_side": "no"
        },
        {
            "trade_id": "208bff28-7aad-4bbc-b325-5f37eaaf6869",
            "ticker": "HIGHNY-24MAY14-B77.5",
            "count": 1,
            "created_time": "2024-05-14T12:21:24.493551Z",
            "yes_price": 13,
            "no_price": 87,
            "taker_side": "no"
        },
        {
            "trade_id": "262b85f9-49ac-41a7-9836-3310528bdf1d",
            "ticker": "HIGHNY-24MAY14-B77.5",
            "count": 25,
            "created_time": "2024-05-14T12:20:43.638424Z",
            "yes_price": 14,
            "no_price": 86,
            "taker_side": "no"
        },
        {
            "trade_id": "8d4eddcd-7335-4dc5-bbd4-05f1822d7555",
            "ticker": "HIGHNY-24MAY14-B77.5",
            "count": 57,
            "created_time": "2024-05-14T12:18:16.286298Z",
            "yes_price": 15,
            "no_price": 85,
            "taker_side": "yes"
        },
        {
            "trade_id": "f4ad6a76-b473-4f0e-8809-0dbb7626f1a7",
            "ticker": "HIGHNY-24MAY14-B77.5",
            "count": 44,
            "created_time": "2024-05-14T12:16:37.05952Z",
            "yes_price": 14,
            "no_price": 86,
            "taker_side": "no"
        },
        {
            "trade_id": "c1b08695-6633-4191-9209-aafa0b451f8b",
            "ticker": "HIGHNY-24MAY14-B77.5",
            "count": 3,
            "created_time": "2024-05-14T12:15:10.547985Z",
            "yes_price": 15,
            "no_price": 85,
            "taker_side": "yes"
        },
        {
            "trade_id": "8e9aac6d-e066-4e78-874c-39d9e02739d5",
            "ticker": "HIGHNY-24MAY14-B77.5",
            "count": 19,
            "created_time": "2024-05-14T12:15:10.547985Z",
            "yes_price": 17,
            "no_price": 83,
            "taker_side": "yes"
        },
        {
            "trade_id": "920553c2-e1c8-4b33-aea7-a70cf220f458",
            "ticker": "HIGHNY-24MAY14-B77.5",
            "count": 1,
            "created_time": "2024-05-14T12:01:37.03202Z",
            "yes_price": 14,
            "no_price": 86,
            "taker_side": "yes"
        },
        {
            "trade_id": "b3d0b7b6-dad0-4d8d-803b-9ed32a544091",
            "ticker": "HIGHNY-24MAY14-B77.5",
            "count": 120,
            "created_time": "2024-05-14T12:01:08.231533Z",
            "yes_price": 18,
            "no_price": 82,
            "taker_side": "yes"
        },
        {
            "trade_id": "35ec5b38-700d-4682-9a20-941d39b09345",
            "ticker": "HIGHNY-24MAY14-B77.5",
            "count": 90,
            "created_time": "2024-05-14T12:01:08.231533Z",
            "yes_price": 15,
            "no_price": 85,
            "taker_side": "yes"
        },
        {
            "trade_id": "32a0d9a3-ddc9-43a3-a695-cc43256cd138",
            "ticker": "HIGHNY-24MAY14-B77.5",
            "count": 120,
            "created_time": "2024-05-14T12:01:08.231533Z",
            "yes_price": 17,
            "no_price": 83,
            "taker_side": "yes"
        },
        {
            "trade_id": "add8797c-1e0b-4b51-8e08-c186cf1d602c",
            "ticker": "HIGHNY-24MAY14-B77.5",
            "count": 90,
            "created_time": "2024-05-14T03:57:28.360806Z",
            "yes_price": 30,
            "no_price": 70,
            "taker_side": "yes"
        },
        {
            "trade_id": "a378d068-3636-4be6-96f7-6cc6b8e9bd56",
            "ticker": "HIGHNY-24MAY14-B77.5",
            "count": 30,
            "created_time": "2024-05-14T03:57:16.562497Z",
            "yes_price": 29,
            "no_price": 71,
            "taker_side": "yes"
        },
        {
            "trade_id": "c961c870-c915-40ac-8e0e-abdee321f438",
            "ticker": "HIGHNY-24MAY14-B77.5",
            "count": 90,
            "created_time": "2024-05-14T03:40:17.73318Z",
            "yes_price": 31,
            "no_price": 69,
            "taker_side": "yes"
        },
        {
            "trade_id": "d0660e73-e12d-4666-820f-8e323b2bbdc4",
            "ticker": "HIGHNY-24MAY14-B77.5",
            "count": 75,
            "created_time": "2024-05-14T03:40:07.533852Z",
            "yes_price": 30,
            "no_price": 70,
            "taker_side": "yes"
        },
        {
            "trade_id": "cdd43cdf-b1b0-4f24-90f7-a026c942bd45",
            "ticker": "HIGHNY-24MAY14-B77.5",
            "count": 75,
            "created_time": "2024-05-14T03:39:57.524653Z",
            "yes_price": 29,
            "no_price": 71,
            "taker_side": "yes"
        },
        {
            "trade_id": "3b9ea876-e693-4429-b28e-ce1f419b0dfe",
            "ticker": "HIGHNY-24MAY14-B77.5",
            "count": 8,
            "created_time": "2024-05-14T03:39:57.524653Z",
            "yes_price": 28,
            "no_price": 72,
            "taker_side": "yes"
        },
        {
            "trade_id": "3526fc8f-193b-4f1a-806f-319591ca20eb",
            "ticker": "HIGHNY-24MAY14-B77.5",
            "count": 10,
            "created_time": "2024-05-14T02:55:00.674845Z",
            "yes_price": 27,
            "no_price": 73,
            "taker_side": "no"
        },
        {
            "trade_id": "8329df9f-874c-4d9c-93f1-4c817be22c6a",
            "ticker": "HIGHNY-24MAY14-B77.5",
            "count": 10,
            "created_time": "2024-05-14T02:01:17.482963Z",
            "yes_price": 27,
            "no_price": 73,
            "taker_side": "no"
        },
        {
            "trade_id": "cb9c6024-ddd8-4d8b-9528-d228a8f62c78",
            "ticker": "HIGHNY-24MAY14-B77.5",
            "count": 1,
            "created_time": "2024-05-13T18:35:22.183339Z",
            "yes_price": 25,
            "no_price": 75,
            "taker_side": "no"
        },
        {
            "trade_id": "eea99159-27b8-4eea-8042-f4b9ee74643f",
            "ticker": "HIGHNY-24MAY14-B77.5",
            "count": 32,
            "created_time": "2024-05-13T16:54:50.629163Z",
            "yes_price": 24,
            "no_price": 76,
            "taker_side": "no"
        },
        {
            "trade_id": "a0853a01-1de0-4ae8-8650-b85444da93fa",
            "ticker": "HIGHNY-24MAY14-B77.5",
            "count": 11,
            "created_time": "2024-05-13T14:19:07.359663Z",
            "yes_price": 27,
            "no_price": 73,
            "taker_side": "no"
        }
    ],
    "HIGHNY-24MAY14-T78": [
        {
            "trade_id": "946088a2-aecb-4e44-b5cd-8e406cdbf127",
            "ticker": "HIGHNY-24MAY14-T78",
            "count": 7,
            "created_time": "2024-05-14T16:53:42.324288Z",
            "yes_price": 2,
            "no_price": 98,
            "taker_side": "no"
        },
        {
            "trade_id": "434e8c9e-5491-4982-98f6-e12119df8de9",
            "ticker": "HIGHNY-24MAY14-T78",
            "count": 1,
            "created_time": "2024-05-14T16:53:42.324288Z",
            "yes_price": 1,
            "no_price": 99,
            "taker_side": "no"
        },
        {
            "trade_id": "32aba810-12e8-479a-aae2-8dd569f00ed0",
            "ticker": "HIGHNY-24MAY14-T78",
            "count": 1,
            "created_time": "2024-05-14T16:53:42.324288Z",
            "yes_price": 1,
            "no_price": 99,
            "taker_side": "no"
        },
        {
            "trade_id": "130eb115-b817-4225-b086-5092efaeb938",
            "ticker": "HIGHNY-24MAY14-T78",
            "count": 275,
            "created_time": "2024-05-14T16:53:42.324288Z",
            "yes_price": 1,
            "no_price": 99,
            "taker_side": "no"
        },
        {
            "trade_id": "5d80a3e8-b8d6-4f2e-8193-2735ec527d08",
            "ticker": "HIGHNY-24MAY14-T78",
            "count": 243,
            "created_time": "2024-05-14T15:53:59.563251Z",
            "yes_price": 4,
            "no_price": 96,
            "taker_side": "no"
        },
        {
            "trade_id": "67fae945-b20a-40a8-ad94-f25e48e166f7",
            "ticker": "HIGHNY-24MAY14-T78",
            "count": 2,
            "created_time": "2024-05-14T15:30:22.899009Z",
            "yes_price": 4,
            "no_price": 96,
            "taker_side": "no"
        },
        {
            "trade_id": "a13dc603-2458-402f-9520-7d1a03bd591e",
            "ticker": "HIGHNY-24MAY14-T78",
            "count": 5,
            "created_time": "2024-05-14T14:53:02.20751Z",
            "yes_price": 4,
            "no_price": 96,
            "taker_side": "no"
        },
        {
            "trade_id": "27eb0850-0d06-4f03-84c9-64ab624b6ed8",
            "ticker": "HIGHNY-24MAY14-T78",
            "count": 10,
            "created_time": "2024-05-14T13:56:52.704166Z",
            "yes_price": 6,
            "no_price": 94,
            "taker_side": "no"
        },
        {
            "trade_id": "4cd4f5fb-dbee-4fde-8865-1f8b9df86e3c",
            "ticker": "HIGHNY-24MAY14-T78",
            "count": 165,
            "created_time": "2024-05-14T13:54:22.59203Z",
            "yes_price": 9,
            "no_price": 91,
            "taker_side": "no"
        },
        {
            "trade_id": "d0f6d753-63b1-4511-8610-d51971c7b7c8",
            "ticker": "HIGHNY-24MAY14-T78",
            "count": 36,
            "created_time": "2024-05-14T13:03:13.427997Z",
            "yes_price": 9,
            "no_price": 91,
            "taker_side": "no"
        },
        {
            "trade_id": "5ec9d4bc-00ef-4896-8d1e-27b5d5e721e7",
            "ticker": "HIGHNY-24MAY14-T78",
            "count": 12,
            "created_time": "2024-05-14T13:00:07.414118Z",
            "yes_price": 9,
            "no_price": 91,
            "taker_side": "no"
        },
        {
            "trade_id": "3f9955fd-ea25-40c2-8d1c-cd18063c24e5",
            "ticker": "HIGHNY-24MAY14-T78",
            "count": 2,
            "created_time": "2024-05-14T12:46:16.512238Z",
            "yes_price": 9,
            "no_price": 91,
            "taker_side": "no"
        },
        {
            "trade_id": "e9c89125-1788-40c8-9090-519d88e3aaaf",
            "ticker": "HIGHNY-24MAY14-T78",
            "count": 16,
            "created_time": "2024-05-14T12:29:15.815423Z",
            "yes_price": 9,
            "no_price": 91,
            "taker_side": "no"
        },
        {
            "trade_id": "4d54baf9-9061-48a4-a6e3-1447330405f4",
            "ticker": "HIGHNY-24MAY14-T78",
            "count": 7,
            "created_time": "2024-05-14T12:29:10.847155Z",
            "yes_price": 10,
            "no_price": 90,
            "taker_side": "yes"
        },
        {
            "trade_id": "4b88942a-b6f7-4acf-a796-0ee125f5f46e",
            "ticker": "HIGHNY-24MAY14-T78",
            "count": 11,
            "created_time": "2024-05-14T12:22:06.416665Z",
            "yes_price": 9,
            "no_price": 91,
            "taker_side": "no"
        },
        {
            "trade_id": "e9b9a2f6-5718-405a-a487-2ac4fe4d0063",
            "ticker": "HIGHNY-24MAY14-T78",
            "count": 1,
            "created_time": "2024-05-14T12:21:24.514257Z",
            "yes_price": 9,
            "no_price": 91,
            "taker_side": "no"
        },
        {
            "trade_id": "3516c31c-25c7-421b-a751-70bee9531d88",
            "ticker": "HIGHNY-24MAY14-T78",
            "count": 10,
            "created_time": "2024-05-14T02:01:24.282339Z",
            "yes_price": 9,
            "no_price": 91,
            "taker_side": "no"
        },
        {
            "trade_id": "cf84e305-195f-4fa3-9fcc-975d05a9a471",
            "ticker": "HIGHNY-24MAY14-T78",
            "count": 8,
            "created_time": "2024-05-13T23:34:46.839592Z",
            "yes_price": 13,
            "no_price": 87,
            "taker_side": "no"
        },
        {
            "trade_id": "cbe4af3b-d120-4493-9e64-0a26e810ac48",
            "ticker": "HIGHNY-24MAY14-T78",
            "count": 7,
            "created_time": "2024-05-13T23:34:46.839592Z",
            "yes_price": 13,
            "no_price": 87,
            "taker_side": "no"
        },
        {
            "trade_id": "b1fd63ee-8316-40f6-b0f4-d0a9140ff13d",
            "ticker": "HIGHNY-24MAY14-T78",
            "count": 75,
            "created_time": "2024-05-13T21:53:42.555716Z",
            "yes_price": 23,
            "no_price": 77,
            "taker_side": "no"
        },
        {
            "trade_id": "4c8038ec-627d-4d15-a868-04dc21c941ca",
            "ticker": "HIGHNY-24MAY14-T78",
            "count": 125,
            "created_time": "2024-05-13T21:53:42.555716Z",
            "yes_price": 21,
            "no_price": 79,
            "taker_side": "no"
        },
        {
            "trade_id": "db55f8a8-9f53-43ab-a2ea-6b58f552a1b7",
            "ticker": "HIGHNY-24MAY14-T78",
            "count": 75,
            "created_time": "2024-05-13T21:42:12.352965Z",
            "yes_price": 24,
            "no_price": 76,
            "taker_side": "no"
        },
        {
            "trade_id": "bdb8841d-3ead-41ab-b997-fe63c34f8c59",
            "ticker": "HIGHNY-24MAY14-T78",
            "count": 7,
            "created_time": "2024-05-13T21:24:31.728566Z",
            "yes_price": 21,
            "no_price": 79,
            "taker_side": "yes"
        },
        {
            "trade_id": "4ab0aa8f-9beb-4ccd-afbf-cd24d6cdd0c1",
            "ticker": "HIGHNY-24MAY14-T78",
            "count": 19,
            "created_time": "2024-05-13T20:40:31.7195Z",
            "yes_price": 28,
            "no_price": 72,
            "taker_side": "no"
        },
        {
            "trade_id": "07f97a0a-e4f0-4ae2-a0aa-aa5a3422fd23",
            "ticker": "HIGHNY-24MAY14-T78",
            "count": 1,
            "created_time": "2024-05-13T20:31:13.040379Z",
            "yes_price": 28,
            "no_price": 72,
            "taker_side": "no"
        },
        {
            "trade_id": "01d29ba8-6bd6-4231-81e6-403d43b17f2e",
            "ticker": "HIGHNY-24MAY14-T78",
            "count": 1,
            "created_time": "2024-05-13T18:35:22.793008Z",
            "yes_price": 21,
            "no_price": 79,
            "taker_side": "no"
        },
        {
            "trade_id": "ca6a71d4-7bb3-4caf-af59-52f0a52a1fac",
            "ticker": "HIGHNY-24MAY14-T78",
            "count": 11,
            "created_time": "2024-05-13T14:19:07.628755Z",
            "yes_price": 28,
            "no_price": 72,
            "taker_side": "no"
        }
    ]
}