{
    "HIGHNY-24AUG21-T69": [
        {
            "trade_id": "0859e578-7e1b-4d2b-a775-256612c7bdea",
            "ticker": "HIGHNY-24AUG21-T69",
            "count": 1,
            "created_time": "2024-08-21T12:56:21.054934Z",
            "yes_price": 1,
            "no_price": 99,
            "taker_side": "no"
        },
        {
            "trade_id": "df9703bb-a4e0-4354-859c-30522f44b9bf",
            "ticker": "HIGHNY-24AUG21-T69",
            "count": 15,
            "created_time": "2024-08-21T12:56:11.931197Z",
            "yes_price": 1,
            "no_price": 99,
            "taker_side": "no"
        },
        {
            "trade_id": "cad85290-dea4-4e64-8222-21280069082d",
            "ticker": "HIGHNY-24AUG21-T69",
            "count": 15,
            "created_time": "2024-08-21T12:56:02.801797Z",
            "yes_price": 1,
            "no_price": 99,
            "taker_side": "no"
        },
        {
            "trade_id": "8b3c365c-5419-4a70-bbf1-0d2096a0d737",
            "ticker": "HIGHNY-24AUG21-T69",
            "count": 1,
            "created_time": "2024-08-21T12:55:49.36389Z",
            "yes_price": 1,
            "no_price": 99,
            "taker_side": "no"
        },
        {
            "trade_id": "1323ada8-9809-4d7b-8d11-4d7592c9aa4b",
            "ticker": "HIGHNY-24AUG21-T69",
            "count": 18,
            "created_time": "2024-08-21T12:05:08.580626Z",
            "yes_price": 1,
            "no_price": 99,
            "taker_side": "no"
        }
    ],
    "HIGHNY-24AUG21-B69.5": [
        {
            "trade_id": "5b04b4f2-9fb3-4360-bd6d-2b1f11929b15",
            "ticker": "HIGHNY-24AUG21-B69.5",
            "count": 13,
            "created_time": "2024-08-22T00:41:19.286265Z",
            "yes_price": 1,
            "no_price": 99,
            "taker_side": "yes"
        },
        {
            "trade_id": "1f91f04c-6d26-41e2-b09e-4ffd32abbc9b",
            "ticker": "HIGHNY-24AUG21-B69.5",
            "count": 23,
            "created_time": "2024-08-21T16:37:40.975818Z",
            "yes_price": 1,
            "no_price": 99,
            "taker_side": "no"
        },
        {
            "trade_id": "5e021c1d-4659-4006-9266-90a9c784f158",
            "ticker": "HIGHNY-24AUG21-B69.5",
            "count": 25,
            "created_time": "2024-08-21T15:06:17.220303Z",
            "yes_price": 1,
            "no_price": 99,
            "taker_side": "no"
        },
        {
            "trade_id": "2f9261e8-bb61-4a83-b7f9-5fb3ad4498d5",
            "ticker": "HIGHNY-24AUG21-B69.5",
            "count": 2,
            "created_time": "2024-08-21T14:45:49.794257Z",
            "yes_price": 1,
            "no_price": 99,
            "taker_side": "no"
        },
        {
            "trade_id": "52f90f09-90ab-4e23-bd5f-f78d2c4c1e90",
            "ticker": "HIGHNY-24AUG21-B69.5",
            "count": 8,
            "created_time": "2024-08-21T13:27:47.469433Z",
            "yes_price": 7,
            "no_price": 93,
            "taker_side": "no"
        },
        {
            "trade_id": "04b26220-16c3-4bd2-9e1c-46c14b38941e",
            "ticker": "HIGHNY-24AUG21-B69.5",
            "count": 230,
            "created_time": "2024-08-21T13:27:08.101685Z",
            "yes_price": 7,
            "no_price": 93,
            "taker_side": "no"
        },
        {
            "trade_id": "e125d1ad-a689-47de-b4a7-164d49ce3115",
            "ticker": "HIGHNY-24AUG21-B69.5",
            "count": 13,
            "created_time": "2024-08-21T13:23:23.472662Z",
            "yes_price": 7,
            "no_price": 93,
            "taker_side": "no"
        },
        {
            "trade_id": "aa4cbaa2-f3c2-4bf1-870a-58bcf52930fd",
            "ticker": "HIGHNY-24AUG21-B69.5",
            "count": 15,
            "created_time": "2024-08-21T13:23:02.245412Z",
            "yes_price": 7,
            "no_price": 93,
            "taker_side": "no"
        },
        {
            "trade_id": "d16a7536-34a3-49a0-93a0-f75795e7440e",
            "ticker": "HIGHNY-24AUG21-B69.5",
            "count": 15,
            "created_time": "2024-08-21T13:20:19.279328Z",
            "yes_price": 7,
            "no_price": 93,
            "taker_side": "no"
        },
        {
            "trade_id": "3447c2e9-5dc2-4b28-ad7b-42b813d79147",
            "ticker": "HIGHNY-24AUG21-B69.5",
            "count": 3,
            "created_time": "2024-08-21T13:04:59.842277Z",
            "yes_price": 7,
            "no_price": 93,
            "taker_side": "no"
        },
        {
            "trade_id": "f60567e9-98e7-4845-b07a-8f0a2eb6483d",
            "ticker": "HIGHNY-24AUG21-B69.5",
            "count": 1,
            "created_time": "2024-08-21T12:59:03.615989Z",
            "yes_price": 7,
            "no_price": 93,
            "taker_side": "no"
        },
        {
            "trade_id": "de502b76-5296-45c0-af57-f53058d0350c",
            "ticker": "HIGHNY-24AUG21-B69.5",
            "count": 15,
            "created_time": "2024-08-21T12:58:18.07587Z",
            "yes_price": 7,
            "no_price": 93,
            "taker_side": "no"
        },
        {
            "trade_id": "453d7f62-8749-42d7-989e-4eeccceea69a",
            "ticker": "HIGHNY-24AUG21-B69.5",
            "count": 15,
            "created_time": "2024-08-21T12:58:06.473005Z",
            "yes_price": 7,
            "no_price": 93,
            "taker_side": "no"
        },
        {
            "trade_id": "abb6b810-edc6-4fd0-84eb-f52cc97614f5",
            "ticker": "HIGHNY-24AUG21-B69.5",
            "count": 15,
            "created_time": "2024-08-21T12:57:54.695936Z",
            "yes_price": 7,
            "no_price": 93,
            "taker_side": "no"
        },
        {
            "trade_id": "43472d92-5a5c-44e6-bf49-683f27d6a531",
            "ticker": "HIGHNY-24AUG21-B69.5",
            "count": 15,
            "created_time": "2024-08-21T12:57:36.275979Z",
            "yes_price": 7,
            "no_price": 93,
            "taker_side": "no"
        },
        {
            "trade_id": "b3cf8593-5486-46c1-a801-eab1308ba62e",
            "ticker": "HIGHNY-24AUG21-B69.5",
            "count": 25,
            "created_time": "2024-08-21T12:57:35.398713Z",
            "yes_price": 7,
            "no_price": 93,
            "taker_side": "no"
        },
        {
            "trade_id": "14d4d5fc-43f6-4d5e-9730-1e6658930dbf",
            "ticker": "HIGHNY-24AUG21-B69.5",
            "count": 15,
            "created_time": "2024-08-21T12:57:15.308304Z",
            "yes_price": 7,
            "no_price": 93,
            "taker_side": "no"
        },
        {
            "trade_id": "16e786d1-cb84-4a17-98fc-104a229a67ff",
            "ticker": "HIGHNY-24AUG21-B69.5",
            "count": 15,
            "created_time": "2024-08-21T12:56:57.356335Z",
            "yes_price": 7,
            "no_price": 93,
            "taker_side": "no"
        },
        {
            "trade_id": "51fd3599-f633-490d-9333-a23ef33a9849",
            "ticker": "HIGHNY-24AUG21-B69.5",
            "count": 15,
            "created_time": "2024-08-21T12:56:45.824966Z",
            "yes_price": 7,
            "no_price": 93,
            "taker_side": "no"
        },
        {
            "trade_id": "fadec1ff-bfa3-4355-9345-95294844ca74",
            "ticker": "HIGHNY-24AUG21-B69.5",
            "count": 15,
            "created_time": "2024-08-21T12:56:45.12075Z",
            "yes_price": 7,
            "no_price": 93,
            "taker_side": "no"
        },
        {
            "trade_id": "dae4c944-f696-48cc-b4b5-3c21494aebf6",
            "ticker": "HIGHNY-24AUG21-B69.5",
            "count": 15,
            "created_time": "2024-08-21T12:56:30.002253Z",
            "yes_price": 7,
            "no_price": 93,
            "taker_side": "no"
        },
        {
            "trade_id": "f66a780e-c7af-42b5-9f1c-503179fffe17",
            "ticker": "HIGHNY-24AUG21-B69.5",
            "count": 15,
            "created_time": "2024-08-21T12:56:21.097417Z",
            "yes_price": 7,
            "no_price": 93,
            "taker_side": "no"
        },
        {
            "trade_id": "72a17445-2455-4cad-9e59-f20a3261de81",
            "ticker": "HIGHNY-24AUG21-B69.5",
            "count": 15,
            "created_time": "2024-08-21T12:56:11.916279Z",
            "yes_price": 7,
            "no_price": 93,
            "taker_side": "no"
        },
        {
            "trade_id": "d4dbf4c6-d4cf-440c-a980-6032918d142b",
            "ticker": "HIGHNY-24AUG21-B69.5",
            "count": 15,
            "created_time": "2024-08-21T12:56:02.787618Z",
            "yes_price": 7,
            "no_price": 93,
            "taker_side": "no"
        },
        {
            "trade_id": "28d9d9b7-1f43-4f15-8844-c0cc1e7cc628",
            "ticker": "HIGHNY-24AUG21-B69.5",
            "count": 1,
            "created_time": "2024-08-21T12:55:49.381296Z",
            "yes_price": 8,
            "no_price": 92,
            "taker_side": "no"
        },
        {
            "trade_id": "7479d58a-caf3-497f-99a6-44cc4114ee6b",
            "ticker": "HIGHNY-24AUG21-B69.5",
            "count": 9,
            "created_time": "2024-08-21T12:34:32.876898Z",
            "yes_price": 10,
            "no_price": 90,
            "taker_side": "yes"
        },
        {
            "trade_id": "d4ce2a75-763e-4d8d-94f0-5c622458d847",
            "ticker": "HIGHNY-24AUG21-B69.5",
            "count": 18,
            "created_time": "2024-08-21T12:05:08.559868Z",
            "yes_price": 7,
            "no_price": 93,
            "taker_side": "no"
        },
        {
            "trade_id": "f3d96716-dce8-4485-9461-8e8e0312ed64",
            "ticker": "HIGHNY-24AUG21-B69.5",
            "count": 180,
            "created_time": "2024-08-20T23:00:50.344279Z",
            "yes_price": 17,
            "no_price": 83,
            "taker_side": "yes"
        },
        {
            "trade_id": "aea27d43-44e8-4ec2-bfdf-1e14586b4fa5",
            "ticker": "HIGHNY-24AUG21-B69.5",
            "count": 90,
            "created_time": "2024-08-20T23:00:50.344279Z",
            "yes_price": 15,
            "no_price": 85,
            "taker_side": "yes"
        },
        {
            "trade_id": "72b2b995-cbde-4ff6-92c5-0a7cc116dada",
            "ticker": "HIGHNY-24AUG21-B69.5",
            "count": 180,
            "created_time": "2024-08-20T23:00:50.344279Z",
            "yes_price": 18,
            "no_price": 82,
            "taker_side": "yes"
        },
        {
            "trade_id": "d7da309f-bb3e-4053-835d-464a86619849",
            "ticker": "HIGHNY-24AUG21-B69.5",
            "count": 180,
            "created_time": "2024-08-20T22:56:24.08883Z",
            "yes_price": 13,
            "no_price": 87,
            "taker_side": "yes"
        },
        {
            "trade_id": "90e95afd-537d-45f1-887f-e5596ea0c338",
            "ticker": "HIGHNY-24AUG21-B69.5",
            "count": 132,
            "created_time": "2024-08-20T22:56:24.08883Z",
            "yes_price": 12,
            "no_price": 88,
            "taker_side": "yes"
        },
        {
            "trade_id": "77d062e1-a9dc-4eb5-8818-4d771708dae0",
            "ticker": "HIGHNY-24AUG21-B69.5",
            "count": 180,
            "created_time": "2024-08-20T22:56:24.08883Z",
            "yes_price": 14,
            "no_price": 86,
            "taker_side": "yes"
        },
        {
            "trade_id": "8c6a7509-9b0d-4a40-95ff-8aaddb395e10",
            "ticker": "HIGHNY-24AUG21-B69.5",
            "count": 48,
            "created_time": "2024-08-20T22:55:50.996557Z",
            "yes_price": 12,
            "no_price": 88,
            "taker_side": "yes"
        },
        {
            "trade_id": "7d28be95-f105-4627-9fc4-68924f108e82",
            "ticker": "HIGHNY-24AUG21-B69.5",
            "count": 180,
            "created_time": "2024-08-20T22:55:50.996557Z",
            "yes_price": 11,
            "no_price": 89,
            "taker_side": "yes"
        },
        {
            "trade_id": "3eaf17da-313e-4c59-823e-0f22fa34ac54",
            "ticker": "HIGHNY-24AUG21-B69.5",
            "count": 144,
            "created_time": "2024-08-20T22:55:50.996557Z",
            "yes_price": 10,
            "no_price": 90,
            "taker_side": "yes"
        },
        {
            "trade_id": "d881e96c-9586-4714-88e6-cc1b6818680e",
            "ticker": "HIGHNY-24AUG21-B69.5",
            "count": 5,
            "created_time": "2024-08-20T19:17:59.982386Z",
            "yes_price": 13,
            "no_price": 87,
            "taker_side": "no"
        },
        {
            "trade_id": "7848be73-3ebf-4418-818d-33aae6024e7e",
            "ticker": "HIGHNY-24AUG21-B69.5",
            "count": 15,
            "created_time": "2024-08-20T19:17:47.906338Z",
            "yes_price": 13,
            "no_price": 87,
            "taker_side": "no"
        },
        {
            "trade_id": "0db643c0-b821-4247-be85-4a448a02864c",
            "ticker": "HIGHNY-24AUG21-B69.5",
            "count": 52,
            "created_time": "2024-08-20T19:17:22.033561Z",
            "yes_price": 13,
            "no_price": 87,
            "taker_side": "no"
        },
        {
            "trade_id": "7c4374b8-c874-4a3e-aeeb-2d93c06edd04",
            "ticker": "HIGHNY-24AUG21-B69.5",
            "count": 30,
            "created_time": "2024-08-20T18:55:12.195751Z",
            "yes_price": 11,
            "no_price": 89,
            "taker_side": "no"
        },
        {
            "trade_id": "517d313e-792b-4e24-840e-84b5e8bd739a",
            "ticker": "HIGHNY-24AUG21-B69.5",
            "count": 24,
            "created_time": "2024-08-20T18:54:41.11823Z",
            "yes_price": 12,
            "no_price": 88,
            "taker_side": "no"
        },
        {
            "trade_id": "e2e55ca5-4d2e-4f7f-85f7-8e2e0743f782",
            "ticker": "HIGHNY-24AUG21-B69.5",
            "count": 48,
            "created_time": "2024-08-20T18:54:12.227762Z",
            "yes_price": 12,
            "no_price": 88,
            "taker_side": "no"
        },
        {
            "trade_id": "98ee5d66-e1a3-4406-a653-0980f1061db3",
            "ticker": "HIGHNY-24AUG21-B69.5",
            "count": 180,
            "created_time": "2024-08-20T18:53:11.890971Z",
            "yes_price": 14,
            "no_price": 86,
            "taker_side": "no"
        },
        {
            "trade_id": "09f3bdab-5cbc-478b-8f93-c3b51ea104e9",
            "ticker": "HIGHNY-24AUG21-B69.5",
            "count": 18,
            "created_time": "2024-08-20T18:53:11.890971Z",
            "yes_price": 16,
            "no_price": 84,
            "taker_side": "no"
        },
        {
            "trade_id": "a2b397fd-6513-4663-af4c-14b8c567aef4",
            "ticker": "HIGHNY-24AUG21-B69.5",
            "count": 1,
            "created_time": "2024-08-20T17:30:26.249737Z",
            "yes_price": 17,
            "no_price": 83,
            "taker_side": "no"
        }
    ],
    "HIGHNY-24AUG21-B71.5": [
        {
            "trade_id": "4a43c00c-9a93-4a74-9885-0312f356ddef",
            "ticker": "HIGHNY-24AUG21-B71.5",
            "count": 935,
            "created_time": "2024-08-22T01:46:09.25423Z",
            "yes_price": 1,
            "no_price": 99,
            "taker_side": "yes"
        },
        {
            "trade_id": "5ed22123-d9b7-45aa-ac1c-6173eee96ccb",
            "ticker": "HIGHNY-24AUG21-B71.5",
            "count": 100,
            "created_time": "2024-08-21T22:50:01.355085Z",
            "yes_price": 1,
            "no_price": 99,
            "taker_side": "yes"
        },
        {
            "trade_id": "e46d09d1-3d05-4661-9b58-f1a500ad158c",
            "ticker": "HIGHNY-24AUG21-B71.5",
            "count": 1,
            "created_time": "2024-08-21T21:17:07.447171Z",
            "yes_price": 3,
            "no_price": 97,
            "taker_side": "yes"
        },
        {
            "trade_id": "33ad9893-ee16-4a02-97c7-5b55c90fbe1d",
            "ticker": "HIGHNY-24AUG21-B71.5",
            "count": 1,
            "created_time": "2024-08-21T21:17:07.09134Z",
            "yes_price": 3,
            "no_price": 97,
            "taker_side": "yes"
        },
        {
            "trade_id": "009c4a06-74b9-4c67-87a4-74800b57680b",
            "ticker": "HIGHNY-24AUG21-B71.5",
            "count": 1,
            "created_time": "2024-08-21T21:17:06.713568Z",
            "yes_price": 3,
            "no_price": 97,
            "taker_side": "yes"
        },
        {
            "trade_id": "56949527-93fd-46b1-b7a5-f9b23b2b3317",
            "ticker": "HIGHNY-24AUG21-B71.5",
            "count": 1,
            "created_time": "2024-08-21T21:17:06.367715Z",
            "yes_price": 3,
            "no_price": 97,
            "taker_side": "yes"
        },
        {
            "trade_id": "a4e639f7-1c7b-4479-acdb-a76153aa83fe",
            "ticker": "HIGHNY-24AUG21-B71.5",
            "count": 1,
            "created_time": "2024-08-21T21:17:06.059777Z",
            "yes_price": 3,
            "no_price": 97,
            "taker_side": "yes"
        },
        {
            "trade_id": "04d7d059-c811-416c-8a38-924f70346cb1",
            "ticker": "HIGHNY-24AUG21-B71.5",
            "count": 1,
            "created_time": "2024-08-21T21:17:01.835801Z",
            "yes_price": 3,
            "no_price": 97,
            "taker_side": "yes"
        },
        {
            "trade_id": "b4809255-1bb0-4de1-9744-117881d493bc",
            "ticker": "HIGHNY-24AUG21-B71.5",
            "count": 1,
            "created_time": "2024-08-21T21:16:39.088458Z",
            "yes_price": 3,
            "no_price": 97,
            "taker_side": "yes"
        },
        {
            "trade_id": "9bde3ce2-f203-4c33-9316-eb00b9c54a36",
            "ticker": "HIGHNY-24AUG21-B71.5",
            "count": 1,
            "created_time": "2024-08-21T21:16:22.891144Z",
            "yes_price": 3,
            "no_price": 97,
            "taker_side": "yes"
        },
        {
            "trade_id": "98c4a5e4-a85e-40ad-8288-c9405251682c",
            "ticker": "HIGHNY-24AUG21-B71.5",
            "count": 1,
            "created_time": "2024-08-21T21:08:22.286646Z",
            "yes_price": 3,
            "no_price": 97,
            "taker_side": "yes"
        },
        {
            "trade_id": "50ed13bd-edd6-45bc-b4cf-0b73e19043ba",
            "ticker": "HIGHNY-24AUG21-B71.5",
            "count": 1,
            "created_time": "2024-08-21T21:08:22.035104Z",
            "yes_price": 3,
            "no_price": 97,
            "taker_side": "yes"
        },
        {
            "trade_id": "ca035fb8-fc00-403d-bc21-7c5daaf3f0c5",
            "ticker": "HIGHNY-24AUG21-B71.5",
            "count": 1,
            "created_time": "2024-08-21T21:08:21.834014Z",
            "yes_price": 3,
            "no_price": 97,
            "taker_side": "yes"
        },
        {
            "trade_id": "ce7b88cc-35d6-4f16-be8b-02c2e38e5b12",
            "ticker": "HIGHNY-24AUG21-B71.5",
            "count": 1,
            "created_time": "2024-08-21T21:08:21.61943Z",
            "yes_price": 3,
            "no_price": 97,
            "taker_side": "yes"
        },
        {
            "trade_id": "57038f01-babc-4331-a13b-9261adaca5ce",
            "ticker": "HIGHNY-24AUG21-B71.5",
            "count": 1,
            "created_time": "2024-08-21T21:08:21.356005Z",
            "yes_price": 3,
            "no_price": 97,
            "taker_side": "yes"
        },
        {
            "trade_id": "e67b6620-4847-4dd2-8f02-44e009d33999",
            "ticker": "HIGHNY-24AUG21-B71.5",
            "count": 1,
            "created_time": "2024-08-21T21:08:16.928174Z",
            "yes_price": 3,
            "no_price": 97,
            "taker_side": "yes"
        },
        {
            "trade_id": "2761fc77-99bf-4c80-8e5f-b70b1ede0e66",
            "ticker": "HIGHNY-24AUG21-B71.5",
            "count": 1,
            "created_time": "2024-08-21T21:08:16.723522Z",
            "yes_price": 3,
            "no_price": 97,
            "taker_side": "yes"
        },
        {
            "trade_id": "05854ae6-e818-4db9-b464-83e52228e6f7",
            "ticker": "HIGHNY-24AUG21-B71.5",
            "count": 1,
            "created_time": "2024-08-21T21:08:16.478626Z",
            "yes_price": 3,
            "no_price": 97,
            "taker_side": "yes"
        },
        {
            "trade_id": "0559da4c-fd1f-4c55-ac45-7bd7d08ca145",
            "ticker": "HIGHNY-24AUG21-B71.5",
            "count": 1,
            "created_time": "2024-08-21T21:08:16.224375Z",
            "yes_price": 3,
            "no_price": 97,
            "taker_side": "yes"
        },
        {
            "trade_id": "866362b7-d14b-4901-aaa6-f212140a67db",
            "ticker": "HIGHNY-24AUG21-B71.5",
            "count": 1,
            "created_time": "2024-08-21T21:08:15.940112Z",
            "yes_price": 3,
            "no_price": 97,
            "taker_side": "yes"
        },
        {
            "trade_id": "4b08a77b-a66b-4c8d-a2a0-d6b5389c67db",
            "ticker": "HIGHNY-24AUG21-B71.5",
            "count": 1,
            "created_time": "2024-08-21T21:08:11.811403Z",
            "yes_price": 3,
            "no_price": 97,
            "taker_side": "yes"
        },
        {
            "trade_id": "36bf60db-ae09-46ab-a419-a202d45a77cd",
            "ticker": "HIGHNY-24AUG21-B71.5",
            "count": 1,
            "created_time": "2024-08-21T21:08:01.667565Z",
            "yes_price": 3,
            "no_price": 97,
            "taker_side": "yes"
        },
        {
            "trade_id": "c53d909a-0d49-44c3-9481-11e17841dbe0",
            "ticker": "HIGHNY-24AUG21-B71.5",
            "count": 1,
            "created_time": "2024-08-21T21:07:05.719104Z",
            "yes_price": 3,
            "no_price": 97,
            "taker_side": "yes"
        },
        {
            "trade_id": "fdab0b3a-ebcb-409d-a696-67d0fd127f63",
            "ticker": "HIGHNY-24AUG21-B71.5",
            "count": 1,
            "created_time": "2024-08-21T21:06:23.280014Z",
            "yes_price": 3,
            "no_price": 97,
            "taker_side": "yes"
        },
        {
            "trade_id": "f84402c3-ec19-421c-a0e1-9e59142adf1a",
            "ticker": "HIGHNY-24AUG21-B71.5",
            "count": 1,
            "created_time": "2024-08-21T21:05:51.21734Z",
            "yes_price": 3,
            "no_price": 97,
            "taker_side": "yes"
        },
        {
            "trade_id": "c7f37110-8655-4d32-ae37-387b2efd6cdc",
            "ticker": "HIGHNY-24AUG21-B71.5",
            "count": 312,
            "created_time": "2024-08-21T20:58:24.138024Z",
            "yes_price": 3,
            "no_price": 97,
            "taker_side": "yes"
        },
        {
            "trade_id": "b61fb6a9-bc97-4da9-873c-c3719c22218c",
            "ticker": "HIGHNY-24AUG21-B71.5",
            "count": 1,
            "created_time": "2024-08-21T20:58:04.967198Z",
            "yes_price": 3,
            "no_price": 97,
            "taker_side": "yes"
        },
        {
            "trade_id": "af266d31-33a4-4839-a107-a87ff8f868ed",
            "ticker": "HIGHNY-24AUG21-B71.5",
            "count": 1,
            "created_time": "2024-08-21T20:58:04.770221Z",
            "yes_price": 3,
            "no_price": 97,
            "taker_side": "yes"
        },
        {
            "trade_id": "44d351cf-0b9e-47e2-b317-2df791712528",
            "ticker": "HIGHNY-24AUG21-B71.5",
            "count": 1,
            "created_time": "2024-08-21T20:58:04.505686Z",
            "yes_price": 3,
            "no_price": 97,
            "taker_side": "yes"
        },
        {
            "trade_id": "837c24ad-c5aa-4147-836b-b6cdea7a1fb1",
            "ticker": "HIGHNY-24AUG21-B71.5",
            "count": 1,
            "created_time": "2024-08-21T20:58:04.313203Z",
            "yes_price": 3,
            "no_price": 97,
            "taker_side": "yes"
        },
        {
            "trade_id": "f72c176b-b91a-49b5-b73a-cd200ff58aec",
            "ticker": "HIGHNY-24AUG21-B71.5",
            "count": 1,
            "created_time": "2024-08-21T20:58:04.06775Z",
            "yes_price": 3,
            "no_price": 97,
            "taker_side": "yes"
        },
        {
            "trade_id": "d8304f26-bc36-437e-88a9-1140aef05354",
            "ticker": "HIGHNY-24AUG21-B71.5",
            "count": 1,
            "created_time": "2024-08-21T20:58:03.827192Z",
            "yes_price": 3,
            "no_price": 97,
            "taker_side": "yes"
        },
        {
            "trade_id": "6120542e-cd2b-4ee6-b7bb-7b7f2be9da6e",
            "ticker": "HIGHNY-24AUG21-B71.5",
            "count": 1,
            "created_time": "2024-08-21T20:58:03.613091Z",
            "yes_price": 3,
            "no_price": 97,
            "taker_side": "yes"
        },
        {
            "trade_id": "0ebd8be3-1151-4bf9-9dd0-55bc48111459",
            "ticker": "HIGHNY-24AUG21-B71.5",
            "count": 1,
            "created_time": "2024-08-21T20:58:03.349994Z",
            "yes_price": 3,
            "no_price": 97,
            "taker_side": "yes"
        },
        {
            "trade_id": "b2ad0625-a28a-40cb-8619-3a56a26cbddb",
            "ticker": "HIGHNY-24AUG21-B71.5",
            "count": 1,
            "created_time": "2024-08-21T20:58:03.127078Z",
            "yes_price": 3,
            "no_price": 97,
            "taker_side": "yes"
        },
        {
            "trade_id": "0d8d91a9-f3b1-4ad6-b3c3-b57ee10bb2b3",
            "ticker": "HIGHNY-24AUG21-B71.5",
            "count": 1,
            "created_time": "2024-08-21T20:57:53.917893Z",
            "yes_price": 3,
            "no_price": 97,
            "taker_side": "yes"
        },
        {
            "trade_id": "92d871d3-94f8-425a-b924-8918367511e0",
            "ticker": "HIGHNY-24AUG21-B71.5",
            "count": 1,
            "created_time": "2024-08-21T20:57:53.675402Z",
            "yes_price": 3,
            "no_price": 97,
            "taker_side": "yes"
        },
        {
            "trade_id": "df03769b-72b3-4412-9746-8884d208e3ba",
            "ticker": "HIGHNY-24AUG21-B71.5",
            "count": 1,
            "created_time": "2024-08-21T20:57:53.416517Z",
            "yes_price": 3,
            "no_price": 97,
            "taker_side": "yes"
        },
        {
            "trade_id": "78b5ba1b-eba0-44b2-972f-a8ef85ae1a88",
            "ticker": "HIGHNY-24AUG21-B71.5",
            "count": 1,
            "created_time": "2024-08-21T20:57:53.171256Z",
            "yes_price": 3,
            "no_price": 97,
            "taker_side": "yes"
        },
        {
            "trade_id": "bfe76f74-dd7a-4efa-bab3-e768991e2b5d",
            "ticker": "HIGHNY-24AUG21-B71.5",
            "count": 1,
            "created_time": "2024-08-21T20:57:52.931726Z",
            "yes_price": 3,
            "no_price": 97,
            "taker_side": "yes"
        },
        {
            "trade_id": "038b91d5-c5ab-47c7-b352-ba08184c2029",
            "ticker": "HIGHNY-24AUG21-B71.5",
            "count": 1,
            "created_time": "2024-08-21T20:57:47.430537Z",
            "yes_price": 3,
            "no_price": 97,
            "taker_side": "yes"
        },
        {
            "trade_id": "728afea6-5f0a-4a57-933c-e7e472891bc4",
            "ticker": "HIGHNY-24AUG21-B71.5",
            "count": 1,
            "created_time": "2024-08-21T20:57:47.123434Z",
            "yes_price": 3,
            "no_price": 97,
            "taker_side": "yes"
        },
        {
            "trade_id": "e872359d-41bf-4e0e-b264-d79dff895c52",
            "ticker": "HIGHNY-24AUG21-B71.5",
            "count": 1,
            "created_time": "2024-08-21T20:57:46.880616Z",
            "yes_price": 3,
            "no_price": 97,
            "taker_side": "yes"
        },
        {
            "trade_id": "928fa42b-3cec-453d-b77d-2f438f9522fd",
            "ticker": "HIGHNY-24AUG21-B71.5",
            "count": 1,
            "created_time": "2024-08-21T20:57:46.669245Z",
            "yes_price": 3,
            "no_price": 97,
            "taker_side": "yes"
        },
        {
            "trade_id": "0528b727-8c9b-4295-b698-f6f2bc9b00de",
            "ticker": "HIGHNY-24AUG21-B71.5",
            "count": 1,
            "created_time": "2024-08-21T20:57:46.465651Z",
            "yes_price": 3,
            "no_price": 97,
            "taker_side": "yes"
        },
        {
            "trade_id": "0673adf1-f983-4e34-9467-58b3ba95e0b6",
            "ticker": "HIGHNY-24AUG21-B71.5",
            "count": 1,
            "created_time": "2024-08-21T20:57:46.207192Z",
            "yes_price": 3,
            "no_price": 97,
            "taker_side": "yes"
        },
        {
            "trade_id": "2e1bffd8-f0c4-4c41-b765-fc4d8540074d",
            "ticker": "HIGHNY-24AUG21-B71.5",
            "count": 1,
            "created_time": "2024-08-21T20:57:45.933899Z",
            "yes_price": 3,
            "no_price": 97,
            "taker_side": "yes"
        },
        {
            "trade_id": "5902e06c-8724-4d05-896b-37fb649f1287",
            "ticker": "HIGHNY-24AUG21-B71.5",
            "count": 1,
            "created_time": "2024-08-21T20:57:45.675519Z",
            "yes_price": 3,
            "no_price": 97,
            "taker_side": "yes"
        },
        {
            "trade_id": "bab0b134-9b71-4e26-ba98-52d10b3506d5",
            "ticker": "HIGHNY-24AUG21-B71.5",
            "count": 1,
            "created_time": "2024-08-21T20:57:37.297025Z",
            "yes_price": 3,
            "no_price": 97,
            "taker_side": "yes"
        },
        {
            "trade_id": "9c862304-49af-40c8-9cc6-b564ecb62e41",
            "ticker": "HIGHNY-24AUG21-B71.5",
            "count": 1,
            "created_time": "2024-08-21T20:56:43.814602Z",
            "yes_price": 3,
            "no_price": 97,
            "taker_side": "yes"
        },
        {
            "trade_id": "c97ec3f0-453a-4357-a7bf-da6f613336a7",
            "ticker": "HIGHNY-24AUG21-B71.5",
            "count": 1,
            "created_time": "2024-08-21T20:53:39.941989Z",
            "yes_price": 3,
            "no_price": 97,
            "taker_side": "yes"
        },
        {
            "trade_id": "3f54e9d2-70b9-456c-a1d5-3fa08b6f2f2f",
            "ticker": "HIGHNY-24AUG21-B71.5",
            "count": 1,
            "created_time": "2024-08-21T20:53:17.130399Z",
            "yes_price": 3,
            "no_price": 97,
            "taker_side": "yes"
        },
        {
            "trade_id": "fb14d589-5c3b-4a20-be56-f41a123f5462",
            "ticker": "HIGHNY-24AUG21-B71.5",
            "count": 1,
            "created_time": "2024-08-21T20:52:28.657312Z",
            "yes_price": 3,
            "no_price": 97,
            "taker_side": "yes"
        },
        {
            "trade_id": "25464068-1f6b-4b9e-95b6-30850c849078",
            "ticker": "HIGHNY-24AUG21-B71.5",
            "count": 1,
            "created_time": "2024-08-21T20:51:02.467766Z",
            "yes_price": 3,
            "no_price": 97,
            "taker_side": "yes"
        },
        {
            "trade_id": "fcdddc9a-7448-429f-addf-4e2bbed6141c",
            "ticker": "HIGHNY-24AUG21-B71.5",
            "count": 1,
            "created_time": "2024-08-21T20:50:47.552042Z",
            "yes_price": 3,
            "no_price": 97,
            "taker_side": "yes"
        },
        {
            "trade_id": "dff8d7f8-c511-4e73-bc81-e915b54ef98d",
            "ticker": "HIGHNY-24AUG21-B71.5",
            "count": 1,
            "created_time": "2024-08-21T20:50:47.288693Z",
            "yes_price": 3,
            "no_price": 97,
            "taker_side": "yes"
        },
        {
            "trade_id": "c90df518-3d2b-49cb-8e0e-d9bad619b5e4",
            "ticker": "HIGHNY-24AUG21-B71.5",
            "count": 1,
            "created_time": "2024-08-21T20:50:47.014718Z",
            "yes_price": 3,
            "no_price": 97,
            "taker_side": "yes"
        },
        {
            "trade_id": "c286398b-21cd-464d-bf6f-d398f136bf50",
            "ticker": "HIGHNY-24AUG21-B71.5",
            "count": 1,
            "created_time": "2024-08-21T20:50:46.739019Z",
            "yes_price": 3,
            "no_price": 97,
            "taker_side": "yes"
        },
        {
            "trade_id": "57353ede-d897-4a68-917f-c06911babbe1",
            "ticker": "HIGHNY-24AUG21-B71.5",
            "count": 1,
            "created_time": "2024-08-21T20:50:46.476155Z",
            "yes_price": 3,
            "no_price": 97,
            "taker_side": "yes"
        },
        {
            "trade_id": "a95b3bd6-b9d1-4456-828f-d5423424b91b",
            "ticker": "HIGHNY-24AUG21-B71.5",
            "count": 1,
            "created_time": "2024-08-21T20:50:46.238046Z",
            "yes_price": 3,
            "no_price": 97,
            "taker_side": "yes"
        },
        {
            "trade_id": "ed91bb62-c8a0-4676-ba91-73280bc2e406",
            "ticker": "HIGHNY-24AUG21-B71.5",
            "count": 1,
            "created_time": "2024-08-21T20:50:46.049073Z",
            "yes_price": 3,
            "no_price": 97,
            "taker_side": "yes"
        },
        {
            "trade_id": "c4409369-9b16-4e35-b9c9-0808a99fd187",
            "ticker": "HIGHNY-24AUG21-B71.5",
            "count": 1,
            "created_time": "2024-08-21T20:50:45.722986Z",
            "yes_price": 3,
            "no_price": 97,
            "taker_side": "yes"
        },
        {
            "trade_id": "0dbaae0f-e6d1-4e05-acf4-fe55e25839cb",
            "ticker": "HIGHNY-24AUG21-B71.5",
            "count": 1,
            "created_time": "2024-08-21T20:50:45.519463Z",
            "yes_price": 3,
            "no_price": 97,
            "taker_side": "yes"
        },
        {
            "trade_id": "d4b7d216-e44c-4063-af6d-568ba7040eed",
            "ticker": "HIGHNY-24AUG21-B71.5",
            "count": 1,
            "created_time": "2024-08-21T20:50:45.210524Z",
            "yes_price": 3,
            "no_price": 97,
            "taker_side": "yes"
        },
        {
            "trade_id": "fa31a981-e4ad-42be-a41c-8b6ca3ddd80e",
            "ticker": "HIGHNY-24AUG21-B71.5",
            "count": 500,
            "created_time": "2024-08-21T20:47:10.844781Z",
            "yes_price": 3,
            "no_price": 97,
            "taker_side": "yes"
        },
        {
            "trade_id": "4f8b3350-1183-4a78-8c3e-645de49b1ac0",
            "ticker": "HIGHNY-24AUG21-B71.5",
            "count": 1,
            "created_time": "2024-08-21T20:47:01.423366Z",
            "yes_price": 3,
            "no_price": 97,
            "taker_side": "yes"
        },
        {
            "trade_id": "fd7881f6-f5bf-45bb-9417-78727e8c0557",
            "ticker": "HIGHNY-24AUG21-B71.5",
            "count": 1,
            "created_time": "2024-08-21T20:47:01.22928Z",
            "yes_price": 3,
            "no_price": 97,
            "taker_side": "yes"
        },
        {
            "trade_id": "b956b75d-8782-45c3-bea6-43c8c78461b1",
            "ticker": "HIGHNY-24AUG21-B71.5",
            "count": 1,
            "created_time": "2024-08-21T20:47:00.954157Z",
            "yes_price": 3,
            "no_price": 97,
            "taker_side": "yes"
        },
        {
            "trade_id": "cc83111d-30c9-4db2-9dd6-adbf16f31e9e",
            "ticker": "HIGHNY-24AUG21-B71.5",
            "count": 1,
            "created_time": "2024-08-21T20:47:00.752375Z",
            "yes_price": 3,
            "no_price": 97,
            "taker_side": "yes"
        },
        {
            "trade_id": "1527dbe1-3e4b-45ff-a160-4159d35f3cb6",
            "ticker": "HIGHNY-24AUG21-B71.5",
            "count": 1,
            "created_time": "2024-08-21T20:47:00.545102Z",
            "yes_price": 3,
            "no_price": 97,
            "taker_side": "yes"
        },
        {
            "trade_id": "684c76ee-827e-4111-9b12-9d45b186cbcf",
            "ticker": "HIGHNY-24AUG21-B71.5",
            "count": 1,
            "created_time": "2024-08-21T20:47:00.300358Z",
            "yes_price": 3,
            "no_price": 97,
            "taker_side": "yes"
        },
        {
            "trade_id": "26814681-65c3-4e58-989a-2bf4f28e9902",
            "ticker": "HIGHNY-24AUG21-B71.5",
            "count": 1,
            "created_time": "2024-08-21T20:47:00.032081Z",
            "yes_price": 3,
            "no_price": 97,
            "taker_side": "yes"
        },
        {
            "trade_id": "acd5bbcc-3aa1-4f72-be37-85458f02b84f",
            "ticker": "HIGHNY-24AUG21-B71.5",
            "count": 1,
            "created_time": "2024-08-21T20:46:59.7732Z",
            "yes_price": 3,
            "no_price": 97,
            "taker_side": "yes"
        },
        {
            "trade_id": "fe811253-0f9b-42af-9e1c-8f08be6e5213",
            "ticker": "HIGHNY-24AUG21-B71.5",
            "count": 1,
            "created_time": "2024-08-21T20:46:59.540288Z",
            "yes_price": 3,
            "no_price": 97,
            "taker_side": "yes"
        },
        {
            "trade_id": "0a0542b4-b7f6-4aab-a303-49a0bc9e9161",
            "ticker": "HIGHNY-24AUG21-B71.5",
            "count": 1,
            "created_time": "2024-08-21T20:46:59.241187Z",
            "yes_price": 3,
            "no_price": 97,
            "taker_side": "yes"
        },
        {
            "trade_id": "896b78f2-a8db-4d89-a137-e3fc74449e75",
            "ticker": "HIGHNY-24AUG21-B71.5",
            "count": 1,
            "created_time": "2024-08-21T20:46:49.504206Z",
            "yes_price": 3,
            "no_price": 97,
            "taker_side": "yes"
        },
        {
            "trade_id": "bbb4ab8a-30f3-40d0-b096-48dddb41015b",
            "ticker": "HIGHNY-24AUG21-B71.5",
            "count": 1,
            "created_time": "2024-08-21T20:46:49.305204Z",
            "yes_price": 3,
            "no_price": 97,
            "taker_side": "yes"
        },
        {
            "trade_id": "84175711-91e7-44df-8041-1abd79038f86",
            "ticker": "HIGHNY-24AUG21-B71.5",
            "count": 1,
            "created_time": "2024-08-21T20:46:49.066915Z",
            "yes_price": 3,
            "no_price": 97,
            "taker_side": "yes"
        },
        {
            "trade_id": "55c3c00b-0424-4053-89d6-ffbe3ee56830",
            "ticker": "HIGHNY-24AUG21-B71.5",
            "count": 1,
            "created_time": "2024-08-21T20:46:48.776106Z",
            "yes_price": 3,
            "no_price": 97,
            "taker_side": "yes"
        },
        {
            "trade_id": "7fcaf058-8c0d-4bc6-b4ab-846bc4234a52",
            "ticker": "HIGHNY-24AUG21-B71.5",
            "count": 1,
            "created_time": "2024-08-21T20:46:48.494231Z",
            "yes_price": 3,
            "no_price": 97,
            "taker_side": "yes"
        },
        {
            "trade_id": "c5da24cf-b71e-4c51-a184-cc549de91379",
            "ticker": "HIGHNY-24AUG21-B71.5",
            "count": 1,
            "created_time": "2024-08-21T20:46:48.240067Z",
            "yes_price": 3,
            "no_price": 97,
            "taker_side": "yes"
        },
        {
            "trade_id": "73cae151-a690-4893-aabb-29269eaf83ed",
            "ticker": "HIGHNY-24AUG21-B71.5",
            "count": 1,
            "created_time": "2024-08-21T20:46:47.999505Z",
            "yes_price": 3,
            "no_price": 97,
            "taker_side": "yes"
        },
        {
            "trade_id": "a569a2d0-861f-4e92-a27f-df89d272ec35",
            "ticker": "HIGHNY-24AUG21-B71.5",
            "count": 1,
            "created_time": "2024-08-21T20:46:47.697065Z",
            "yes_price": 3,
            "no_price": 97,
            "taker_side": "yes"
        },
        {
            "trade_id": "256bf2cd-1b0e-4853-92d2-1e0ba5917bef",
            "ticker": "HIGHNY-24AUG21-B71.5",
            "count": 1,
            "created_time": "2024-08-21T20:46:47.481946Z",
            "yes_price": 3,
            "no_price": 97,
            "taker_side": "yes"
        },
        {
            "trade_id": "6459079a-1928-40d4-beeb-8fd71920832b",
            "ticker": "HIGHNY-24AUG21-B71.5",
            "count": 1,
            "created_time": "2024-08-21T20:46:47.229496Z",
            "yes_price": 3,
            "no_price": 97,
            "taker_side": "yes"
        },
        {
            "trade_id": "feb8fee8-0d91-4a8f-a182-ebb6db73df42",
            "ticker": "HIGHNY-24AUG21-B71.5",
            "count": 1,
            "created_time": "2024-08-21T20:45:33.135555Z",
            "yes_price": 3,
            "no_price": 97,
            "taker_side": "yes"
        },
        {
            "trade_id": "4e26c4ee-c45a-4873-a36f-2e776837bb1e",
            "ticker": "HIGHNY-24AUG21-B71.5",
            "count": 1,
            "created_time": "2024-08-21T20:45:32.910967Z",
            "yes_price": 3,
            "no_price": 97,
            "taker_side": "yes"
        },
        {
            "trade_id": "09892bac-9f81-42dc-9042-07e98aae3228",
            "ticker": "HIGHNY-24AUG21-B71.5",
            "count": 1,
            "created_time": "2024-08-21T20:45:32.711669Z",
            "yes_price": 3,
            "no_price": 97,
            "taker_side": "yes"
        },
        {
            "trade_id": "e16f538a-7bdf-4906-8692-22193500335e",
            "ticker": "HIGHNY-24AUG21-B71.5",
            "count": 1,
            "created_time": "2024-08-21T20:45:32.5142Z",
            "yes_price": 3,
            "no_price": 97,
            "taker_side": "yes"
        },
        {
            "trade_id": "c4342bbc-6bfa-44bd-8a2e-660f61df0edb",
            "ticker": "HIGHNY-24AUG21-B71.5",
            "count": 1,
            "created_time": "2024-08-21T20:45:32.247598Z",
            "yes_price": 3,
            "no_price": 97,
            "taker_side": "yes"
        },
        {
            "trade_id": "d5401f9b-e33d-4174-bdcd-342ed940e6db",
            "ticker": "HIGHNY-24AUG21-B71.5",
            "count": 1,
            "created_time": "2024-08-21T20:45:32.047299Z",
            "yes_price": 3,
            "no_price": 97,
            "taker_side": "yes"
        },
        {
            "trade_id": "2ae539d6-02e2-49ec-9bdb-adec93477aa2",
            "ticker": "HIGHNY-24AUG21-B71.5",
            "count": 1,
            "created_time": "2024-08-21T20:45:31.811265Z",
            "yes_price": 3,
            "no_price": 97,
            "taker_side": "yes"
        },
        {
            "trade_id": "e497b2c4-b09f-4485-8257-0e8a596c4ec6",
            "ticker": "HIGHNY-24AUG21-B71.5",
            "count": 1,
            "created_time": "2024-08-21T20:45:31.558435Z",
            "yes_price": 3,
            "no_price": 97,
            "taker_side": "yes"
        },
        {
            "trade_id": "8c9f59a2-7a41-4a69-8f07-d16f5d959612",
            "ticker": "HIGHNY-24AUG21-B71.5",
            "count": 1,
            "created_time": "2024-08-21T20:45:31.368903Z",
            "yes_price": 3,
            "no_price": 97,
            "taker_side": "yes"
        },
        {
            "trade_id": "3ebd9072-fbde-420f-a0ab-9b5a85780774",
            "ticker": "HIGHNY-24AUG21-B71.5",
            "count": 1,
            "created_time": "2024-08-21T20:45:31.102595Z",
            "yes_price": 3,
            "no_price": 97,
            "taker_side": "yes"
        },
        {
            "trade_id": "d1090ae3-23f5-4ce4-aeb9-c0e32056d302",
            "ticker": "HIGHNY-24AUG21-B71.5",
            "count": 1,
            "created_time": "2024-08-21T20:45:17.714473Z",
            "yes_price": 3,
            "no_price": 97,
            "taker_side": "yes"
        },
        {
            "trade_id": "f2905744-147d-44dd-a6b7-25833bd467a9",
            "ticker": "HIGHNY-24AUG21-B71.5",
            "count": 1,
            "created_time": "2024-08-21T20:45:17.487022Z",
            "yes_price": 3,
            "no_price": 97,
            "taker_side": "yes"
        },
        {
            "trade_id": "65d55b4a-c17e-4870-a726-839756bc6370",
            "ticker": "HIGHNY-24AUG21-B71.5",
            "count": 1,
            "created_time": "2024-08-21T20:45:17.199849Z",
            "yes_price": 3,
            "no_price": 97,
            "taker_side": "yes"
        },
        {
            "trade_id": "d787d6bf-c37f-46c5-9113-8e2db42b6945",
            "ticker": "HIGHNY-24AUG21-B71.5",
            "count": 1,
            "created_time": "2024-08-21T20:45:16.978066Z",
            "yes_price": 3,
            "no_price": 97,
            "taker_side": "yes"
        },
        {
            "trade_id": "9eb77fa7-d7f1-47ab-871e-013c13e3132d",
            "ticker": "HIGHNY-24AUG21-B71.5",
            "count": 1,
            "created_time": "2024-08-21T20:45:15.55691Z",
            "yes_price": 3,
            "no_price": 97,
            "taker_side": "yes"
        },
        {
            "trade_id": "1b2f543c-f900-4232-9e97-29d5de9bf643",
            "ticker": "HIGHNY-24AUG21-B71.5",
            "count": 1,
            "created_time": "2024-08-21T20:45:08.03689Z",
            "yes_price": 3,
            "no_price": 97,
            "taker_side": "yes"
        },
        {
            "trade_id": "6d5f9604-7f78-4c9f-a8cc-ecf23c69a40a",
            "ticker": "HIGHNY-24AUG21-B71.5",
            "count": 1,
            "created_time": "2024-08-21T20:45:07.798453Z",
            "yes_price": 3,
            "no_price": 97,
            "taker_side": "yes"
        },
        {
            "trade_id": "1c3770ea-196f-42f3-9471-d3a245705ea0",
            "ticker": "HIGHNY-24AUG21-B71.5",
            "count": 1,
            "created_time": "2024-08-21T20:45:07.591359Z",
            "yes_price": 3,
            "no_price": 97,
            "taker_side": "yes"
        },
        {
            "trade_id": "6138b128-9860-4e6a-a354-7e73b53b3d6b",
            "ticker": "HIGHNY-24AUG21-B71.5",
            "count": 1,
            "created_time": "2024-08-21T20:45:07.364859Z",
            "yes_price": 3,
            "no_price": 97,
            "taker_side": "yes"
        },
        {
            "trade_id": "af8390cd-9261-4a80-8f25-d427c76f56af",
            "ticker": "HIGHNY-24AUG21-B71.5",
            "count": 1,
            "created_time": "2024-08-21T20:45:07.162965Z",
            "yes_price": 3,
            "no_price": 97,
            "taker_side": "yes"
        },
        {
            "trade_id": "93463e6a-fb91-4b3c-a03a-1fe20cfd29bd",
            "ticker": "HIGHNY-24AUG21-B71.5",
            "count": 1,
            "created_time": "2024-08-21T20:45:06.922002Z",
            "yes_price": 3,
            "no_price": 97,
            "taker_side": "yes"
        },
        {
            "trade_id": "ca6be72e-983e-43a4-8c34-72e1b936396f",
            "ticker": "HIGHNY-24AUG21-B71.5",
            "count": 1,
            "created_time": "2024-08-21T20:45:06.725524Z",
            "yes_price": 3,
            "no_price": 97,
            "taker_side": "yes"
        },
        {
            "trade_id": "1af881d0-bd04-47f7-9fdf-8f9a1577c943",
            "ticker": "HIGHNY-24AUG21-B71.5",
            "count": 1,
            "created_time": "2024-08-21T20:45:06.517134Z",
            "yes_price": 3,
            "no_price": 97,
            "taker_side": "yes"
        },
        {
            "trade_id": "893434a2-e145-41c6-a303-52cfa6b61509",
            "ticker": "HIGHNY-24AUG21-B71.5",
            "count": 1,
            "created_time": "2024-08-21T20:45:06.314509Z",
            "yes_price": 3,
            "no_price": 97,
            "taker_side": "yes"
        },
        {
            "trade_id": "66fa81b7-07c5-4e1c-a09e-2caf5cc14c46",
            "ticker": "HIGHNY-24AUG21-B71.5",
            "count": 1,
            "created_time": "2024-08-21T20:45:06.109965Z",
            "yes_price": 3,
            "no_price": 97,
            "taker_side": "yes"
        },
        {
            "trade_id": "d7c191b3-b24b-44e5-8331-0bd7c6c2bfb4",
            "ticker": "HIGHNY-24AUG21-B71.5",
            "count": 1,
            "created_time": "2024-08-21T20:45:05.862886Z",
            "yes_price": 3,
            "no_price": 97,
            "taker_side": "yes"
        },
        {
            "trade_id": "a7f2466b-7e8b-4b7a-bb55-30ac4f13ff89",
            "ticker": "HIGHNY-24AUG21-B71.5",
            "count": 1,
            "created_time": "2024-08-21T20:45:05.601352Z",
            "yes_price": 3,
            "no_price": 97,
            "taker_side": "yes"
        },
        {
            "trade_id": "9784f124-82ce-4290-9281-6f4880150505",
            "ticker": "HIGHNY-24AUG21-B71.5",
            "count": 1,
            "created_time": "2024-08-21T20:45:05.296564Z",
            "yes_price": 3,
            "no_price": 97,
            "taker_side": "yes"
        },
        {
            "trade_id": "93f69a35-2b5e-4d32-83e8-2125beee0531",
            "ticker": "HIGHNY-24AUG21-B71.5",
            "count": 1,
            "created_time": "2024-08-21T20:45:05.095466Z",
            "yes_price": 3,
            "no_price": 97,
            "taker_side": "yes"
        },
        {
            "trade_id": "ef0e1f2e-e487-4ac2-a835-ae19cb1c47c3",
            "ticker": "HIGHNY-24AUG21-B71.5",
            "count": 1,
            "created_time": "2024-08-21T20:45:04.831252Z",
            "yes_price": 3,
            "no_price": 97,
            "taker_side": "yes"
        },
        {
            "trade_id": "f184e12e-3592-41b0-8013-c90e32ea8cc6",
            "ticker": "HIGHNY-24AUG21-B71.5",
            "count": 1,
            "created_time": "2024-08-21T20:44:58.770107Z",
            "yes_price": 3,
            "no_price": 97,
            "taker_side": "yes"
        },
        {
            "trade_id": "b87d4126-38c2-4fb1-bb73-4b10135814b2",
            "ticker": "HIGHNY-24AUG21-B71.5",
            "count": 1,
            "created_time": "2024-08-21T20:44:58.533106Z",
            "yes_price": 3,
            "no_price": 97,
            "taker_side": "yes"
        },
        {
            "trade_id": "fbe7d528-dfb8-419e-96bc-0c3dbe30f3e9",
            "ticker": "HIGHNY-24AUG21-B71.5",
            "count": 1,
            "created_time": "2024-08-21T20:44:58.342438Z",
            "yes_price": 3,
            "no_price": 97,
            "taker_side": "yes"
        },
        {
            "trade_id": "94b83521-1ad1-4bd9-b29f-7442735db52e",
            "ticker": "HIGHNY-24AUG21-B71.5",
            "count": 1,
            "created_time": "2024-08-21T20:44:58.123492Z",
            "yes_price": 3,
            "no_price": 97,
            "taker_side": "yes"
        },
        {
            "trade_id": "90879894-6626-4c8e-8d5c-bdadfdf7a002",
            "ticker": "HIGHNY-24AUG21-B71.5",
            "count": 1,
            "created_time": "2024-08-21T20:44:57.912735Z",
            "yes_price": 3,
            "no_price": 97,
            "taker_side": "yes"
        },
        {
            "trade_id": "f6533866-26d5-4783-8163-b299b87ea766",
            "ticker": "HIGHNY-24AUG21-B71.5",
            "count": 1,
            "created_time": "2024-08-21T20:44:57.712141Z",
            "yes_price": 3,
            "no_price": 97,
            "taker_side": "yes"
        },
        {
            "trade_id": "625a87fb-2e6c-4502-b715-8edd63ed5b3c",
            "ticker": "HIGHNY-24AUG21-B71.5",
            "count": 1,
            "created_time": "2024-08-21T20:44:57.456835Z",
            "yes_price": 3,
            "no_price": 97,
            "taker_side": "yes"
        },
        {
            "trade_id": "883be19e-2eb8-417d-9aca-86c46a2dbab4",
            "ticker": "HIGHNY-24AUG21-B71.5",
            "count": 100,
            "created_time": "2024-08-21T20:44:46.057488Z",
            "yes_price": 3,
            "no_price": 97,
            "taker_side": "yes"
        },
        {
            "trade_id": "af7fdea2-0633-4e5c-b390-4039281402e6",
            "ticker": "HIGHNY-24AUG21-B71.5",
            "count": 1,
            "created_time": "2024-08-21T20:44:39.95543Z",
            "yes_price": 3,
            "no_price": 97,
            "taker_side": "yes"
        },
        {
            "trade_id": "480c3c42-f1be-43bb-af91-04aacd3dfaf5",
            "ticker": "HIGHNY-24AUG21-B71.5",
            "count": 1,
            "created_time": "2024-08-21T20:44:39.720018Z",
            "yes_price": 3,
            "no_price": 97,
            "taker_side": "yes"
        },
        {
            "trade_id": "bc3ae4e2-8de7-4bae-81b8-c4e9ba1d3d33",
            "ticker": "HIGHNY-24AUG21-B71.5",
            "count": 1,
            "created_time": "2024-08-21T20:44:39.451691Z",
            "yes_price": 3,
            "no_price": 97,
            "taker_side": "yes"
        },
        {
            "trade_id": "3c8dd0a7-5735-4d53-8a6b-0a8e77344d2c",
            "ticker": "HIGHNY-24AUG21-B71.5",
            "count": 1,
            "created_time": "2024-08-21T20:44:39.18752Z",
            "yes_price": 3,
            "no_price": 97,
            "taker_side": "yes"
        },
        {
            "trade_id": "576c9b88-36bf-49e0-8e70-3d13cbe7e238",
            "ticker": "HIGHNY-24AUG21-B71.5",
            "count": 1,
            "created_time": "2024-08-21T20:44:38.968437Z",
            "yes_price": 3,
            "no_price": 97,
            "taker_side": "yes"
        },
        {
            "trade_id": "4a0a6a35-6543-4d48-a675-27b8fff4398f",
            "ticker": "HIGHNY-24AUG21-B71.5",
            "count": 1,
            "created_time": "2024-08-21T20:44:38.764187Z",
            "yes_price": 3,
            "no_price": 97,
            "taker_side": "yes"
        },
        {
            "trade_id": "c932c1da-8549-45f7-8834-600187aa1720",
            "ticker": "HIGHNY-24AUG21-B71.5",
            "count": 1,
            "created_time": "2024-08-21T20:44:38.494864Z",
            "yes_price": 3,
            "no_price": 97,
            "taker_side": "yes"
        },
        {
            "trade_id": "9f6f7239-9ab4-4f83-b0f7-8d7e48fb8686",
            "ticker": "HIGHNY-24AUG21-B71.5",
            "count": 52,
            "created_time": "2024-08-21T20:44:09.793157Z",
            "yes_price": 3,
            "no_price": 97,
            "taker_side": "yes"
        },
        {
            "trade_id": "86d0717d-12c5-40bb-8c64-a8c0b5d3d189",
            "ticker": "HIGHNY-24AUG21-B71.5",
            "count": 7,
            "created_time": "2024-08-21T20:44:09.793157Z",
            "yes_price": 2,
            "no_price": 98,
            "taker_side": "yes"
        },
        {
            "trade_id": "71bbbef5-db1c-49f1-8ddb-d2c2f9934066",
            "ticker": "HIGHNY-24AUG21-B71.5",
            "count": 76,
            "created_time": "2024-08-21T20:43:52.812109Z",
            "yes_price": 3,
            "no_price": 97,
            "taker_side": "yes"
        },
        {
            "trade_id": "319f8697-838c-4ebe-90d9-13e5fa606d56",
            "ticker": "HIGHNY-24AUG21-B71.5",
            "count": 118,
            "created_time": "2024-08-21T20:43:52.812109Z",
            "yes_price": 1,
            "no_price": 99,
            "taker_side": "yes"
        },
        {
            "trade_id": "f5adce0e-0229-490b-a963-58981e440e42",
            "ticker": "HIGHNY-24AUG21-B71.5",
            "count": 1,
            "created_time": "2024-08-21T20:43:39.796643Z",
            "yes_price": 1,
            "no_price": 99,
            "taker_side": "yes"
        },
        {
            "trade_id": "f25ae8b6-71bc-4aa5-8f9e-79c60c5f904c",
            "ticker": "HIGHNY-24AUG21-B71.5",
            "count": 1,
            "created_time": "2024-08-21T20:43:39.534212Z",
            "yes_price": 1,
            "no_price": 99,
            "taker_side": "yes"
        },
        {
            "trade_id": "2c08fea1-6eba-4b4d-8630-c51a16218f58",
            "ticker": "HIGHNY-24AUG21-B71.5",
            "count": 1,
            "created_time": "2024-08-21T20:43:39.297489Z",
            "yes_price": 1,
            "no_price": 99,
            "taker_side": "yes"
        },
        {
            "trade_id": "9712096c-6a47-4eeb-b1bf-f2413af6728e",
            "ticker": "HIGHNY-24AUG21-B71.5",
            "count": 1,
            "created_time": "2024-08-21T20:43:39.031162Z",
            "yes_price": 1,
            "no_price": 99,
            "taker_side": "yes"
        },
        {
            "trade_id": "98ef4968-1d36-4337-a59b-8680e4519f5a",
            "ticker": "HIGHNY-24AUG21-B71.5",
            "count": 1,
            "created_time": "2024-08-21T20:43:38.828607Z",
            "yes_price": 1,
            "no_price": 99,
            "taker_side": "yes"
        },
        {
            "trade_id": "8f19966e-1d71-415f-bd22-dd0bfff8f91a",
            "ticker": "HIGHNY-24AUG21-B71.5",
            "count": 1,
            "created_time": "2024-08-21T20:43:38.600388Z",
            "yes_price": 1,
            "no_price": 99,
            "taker_side": "yes"
        },
        {
            "trade_id": "74ed37cc-b3ae-4d33-a893-de506285d0db",
            "ticker": "HIGHNY-24AUG21-B71.5",
            "count": 1,
            "created_time": "2024-08-21T20:43:38.30214Z",
            "yes_price": 1,
            "no_price": 99,
            "taker_side": "yes"
        },
        {
            "trade_id": "44d21a6f-6562-4713-a7c6-26400dc95499",
            "ticker": "HIGHNY-24AUG21-B71.5",
            "count": 1,
            "created_time": "2024-08-21T20:42:08.619287Z",
            "yes_price": 1,
            "no_price": 99,
            "taker_side": "yes"
        },
        {
            "trade_id": "7bb3ff56-8a32-4f49-9b4b-7f7d2c77d6f0",
            "ticker": "HIGHNY-24AUG21-B71.5",
            "count": 1,
            "created_time": "2024-08-21T20:42:08.432603Z",
            "yes_price": 1,
            "no_price": 99,
            "taker_side": "yes"
        },
        {
            "trade_id": "dd92dabd-3a48-43fa-8b02-5bfaaad5b9b5",
            "ticker": "HIGHNY-24AUG21-B71.5",
            "count": 1,
            "created_time": "2024-08-21T20:42:08.191865Z",
            "yes_price": 1,
            "no_price": 99,
            "taker_side": "yes"
        },
        {
            "trade_id": "5ca6db79-07dd-42a0-9e14-ad9cf0ff2167",
            "ticker": "HIGHNY-24AUG21-B71.5",
            "count": 1,
            "created_time": "2024-08-21T20:42:07.977056Z",
            "yes_price": 1,
            "no_price": 99,
            "taker_side": "yes"
        },
        {
            "trade_id": "d9b85949-b7b7-4717-b8b2-135229c2ed16",
            "ticker": "HIGHNY-24AUG21-B71.5",
            "count": 1,
            "created_time": "2024-08-21T20:42:07.670588Z",
            "yes_price": 1,
            "no_price": 99,
            "taker_side": "yes"
        },
        {
            "trade_id": "1403a565-8bc3-4c69-986f-930880da2c7e",
            "ticker": "HIGHNY-24AUG21-B71.5",
            "count": 1,
            "created_time": "2024-08-21T20:41:53.615027Z",
            "yes_price": 1,
            "no_price": 99,
            "taker_side": "yes"
        },
        {
            "trade_id": "e71012ce-5ae7-4974-a113-bc2b3409d043",
            "ticker": "HIGHNY-24AUG21-B71.5",
            "count": 1,
            "created_time": "2024-08-21T20:40:57.113203Z",
            "yes_price": 1,
            "no_price": 99,
            "taker_side": "yes"
        },
        {
            "trade_id": "72d63800-41f7-45b7-8fee-1b4f48725fb8",
            "ticker": "HIGHNY-24AUG21-B71.5",
            "count": 150,
            "created_time": "2024-08-21T20:39:23.276626Z",
            "yes_price": 1,
            "no_price": 99,
            "taker_side": "yes"
        },
        {
            "trade_id": "1be1378b-7675-4733-aa6a-078b37d4f774",
            "ticker": "HIGHNY-24AUG21-B71.5",
            "count": 5,
            "created_time": "2024-08-21T20:39:12.652801Z",
            "yes_price": 1,
            "no_price": 99,
            "taker_side": "no"
        },
        {
            "trade_id": "1f3e5fea-2518-487a-ac3b-63d277a70e35",
            "ticker": "HIGHNY-24AUG21-B71.5",
            "count": 500,
            "created_time": "2024-08-21T20:37:31.616372Z",
            "yes_price": 3,
            "no_price": 97,
            "taker_side": "yes"
        },
        {
            "trade_id": "342b9115-dda9-42f5-9f9a-fcfa16cc73a0",
            "ticker": "HIGHNY-24AUG21-B71.5",
            "count": 50,
            "created_time": "2024-08-21T20:35:14.47184Z",
            "yes_price": 2,
            "no_price": 98,
            "taker_side": "no"
        },
        {
            "trade_id": "027b46bb-3ed8-4f49-b541-bd1d1f0d7998",
            "ticker": "HIGHNY-24AUG21-B71.5",
            "count": 50,
            "created_time": "2024-08-21T20:30:14.057398Z",
            "yes_price": 20,
            "no_price": 80,
            "taker_side": "yes"
        },
        {
            "trade_id": "aa595d62-f9d7-41f5-b336-c8924fd06823",
            "ticker": "HIGHNY-24AUG21-B71.5",
            "count": 30,
            "created_time": "2024-08-21T20:26:47.537882Z",
            "yes_price": 31,
            "no_price": 69,
            "taker_side": "yes"
        },
        {
            "trade_id": "46b0a08b-2a80-4f8e-820a-42b9595714cf",
            "ticker": "HIGHNY-24AUG21-B71.5",
            "count": 155,
            "created_time": "2024-08-21T20:24:23.056122Z",
            "yes_price": 6,
            "no_price": 94,
            "taker_side": "no"
        },
        {
            "trade_id": "a8991b58-9fec-404d-bcaa-6f4e5480a427",
            "ticker": "HIGHNY-24AUG21-B71.5",
            "count": 65,
            "created_time": "2024-08-21T19:54:18.331456Z",
            "yes_price": 85,
            "no_price": 15,
            "taker_side": "yes"
        },
        {
            "trade_id": "2c1af3da-9eea-4da8-83a1-56b15513eb05",
            "ticker": "HIGHNY-24AUG21-B71.5",
            "count": 2,
            "created_time": "2024-08-21T19:51:16.37009Z",
            "yes_price": 85,
            "no_price": 15,
            "taker_side": "yes"
        },
        {
            "trade_id": "10e68e10-957a-4f6c-9683-0c5205e614f5",
            "ticker": "HIGHNY-24AUG21-B71.5",
            "count": 5,
            "created_time": "2024-08-21T19:47:08.075155Z",
            "yes_price": 70,
            "no_price": 30,
            "taker_side": "no"
        },
        {
            "trade_id": "6ec292e3-58c0-4237-9e47-10c4b11319b7",
            "ticker": "HIGHNY-24AUG21-B71.5",
            "count": 15,
            "created_time": "2024-08-21T19:40:37.852211Z",
            "yes_price": 85,
            "no_price": 15,
            "taker_side": "yes"
        },
        {
            "trade_id": "2e4eead3-9718-4412-96c4-ac599132387a",
            "ticker": "HIGHNY-24AUG21-B71.5",
            "count": 12,
            "created_time": "2024-08-21T19:39:31.903704Z",
            "yes_price": 70,
            "no_price": 30,
            "taker_side": "no"
        },
        {
            "trade_id": "2a4712da-537c-47be-9082-8625b1b1be64",
            "ticker": "HIGHNY-24AUG21-B71.5",
            "count": 1,
            "created_time": "2024-08-21T19:35:32.042558Z",
            "yes_price": 70,
            "no_price": 30,
            "taker_side": "no"
        },
        {
            "trade_id": "01c51831-49c6-4b68-b852-d55700f1db4e",
            "ticker": "HIGHNY-24AUG21-B71.5",
            "count": 10,
            "created_time": "2024-08-21T19:28:50.713642Z",
            "yes_price": 84,
            "no_price": 16,
            "taker_side": "yes"
        },
        {
            "trade_id": "2a200260-8949-414a-a44c-e6d30a390a85",
            "ticker": "HIGHNY-24AUG21-B71.5",
            "count": 45,
            "created_time": "2024-08-21T17:32:31.679149Z",
            "yes_price": 1,
            "no_price": 99,
            "taker_side": "no"
        },
        {
            "trade_id": "00f92e2c-3259-45eb-b0d8-6efeaa2c13d9",
            "ticker": "HIGHNY-24AUG21-B71.5",
            "count": 137,
            "created_time": "2024-08-21T17:32:31.679149Z",
            "yes_price": 32,
            "no_price": 68,
            "taker_side": "no"
        },
        {
            "trade_id": "46e38e15-f76f-422d-839d-fb1c793d31c8",
            "ticker": "HIGHNY-24AUG21-B71.5",
            "count": 150,
            "created_time": "2024-08-21T17:13:33.754984Z",
            "yes_price": 32,
            "no_price": 68,
            "taker_side": "no"
        },
        {
            "trade_id": "c14df9c6-e119-4a87-b775-408b3ba88b6b",
            "ticker": "HIGHNY-24AUG21-B71.5",
            "count": 25,
            "created_time": "2024-08-21T15:46:13.815783Z",
            "yes_price": 32,
            "no_price": 68,
            "taker_side": "yes"
        },
        {
            "trade_id": "aaf74a09-7f70-4ebc-a0df-c50123214631",
            "ticker": "HIGHNY-24AUG21-B71.5",
            "count": 68,
            "created_time": "2024-08-21T15:41:32.954993Z",
            "yes_price": 26,
            "no_price": 74,
            "taker_side": "no"
        },
        {
            "trade_id": "1c4263e0-c30b-43ee-a40d-a40df56b8b65",
            "ticker": "HIGHNY-24AUG21-B71.5",
            "count": 38,
            "created_time": "2024-08-21T15:11:52.302566Z",
            "yes_price": 31,
            "no_price": 69,
            "taker_side": "no"
        },
        {
            "trade_id": "14482fd3-fe5b-40d2-904b-a02a27e169c1",
            "ticker": "HIGHNY-24AUG21-B71.5",
            "count": 33,
            "created_time": "2024-08-21T15:11:52.302566Z",
            "yes_price": 33,
            "no_price": 67,
            "taker_side": "no"
        },
        {
            "trade_id": "726424fe-f4fc-48f1-9ade-30f1cd134ad8",
            "ticker": "HIGHNY-24AUG21-B71.5",
            "count": 3,
            "created_time": "2024-08-21T15:11:42.331707Z",
            "yes_price": 33,
            "no_price": 67,
            "taker_side": "no"
        },
        {
            "trade_id": "3676bda2-83bd-4714-8755-9205a8cb3916",
            "ticker": "HIGHNY-24AUG21-B71.5",
            "count": 25,
            "created_time": "2024-08-21T15:06:17.15104Z",
            "yes_price": 34,
            "no_price": 66,
            "taker_side": "yes"
        },
        {
            "trade_id": "e94bdadd-8b81-4da4-8004-c59c1cda64a6",
            "ticker": "HIGHNY-24AUG21-B71.5",
            "count": 2,
            "created_time": "2024-08-21T14:45:49.812259Z",
            "yes_price": 26,
            "no_price": 74,
            "taker_side": "no"
        },
        {
            "trade_id": "c711e03a-529b-4af4-bc28-fb1d40f733d3",
            "ticker": "HIGHNY-24AUG21-B71.5",
            "count": 30,
            "created_time": "2024-08-21T14:28:40.884795Z",
            "yes_price": 26,
            "no_price": 74,
            "taker_side": "no"
        },
        {
            "trade_id": "7e5f6586-c823-41ea-bc51-bcb8f596d985",
            "ticker": "HIGHNY-24AUG21-B71.5",
            "count": 25,
            "created_time": "2024-08-21T14:18:38.841876Z",
            "yes_price": 26,
            "no_price": 74,
            "taker_side": "no"
        },
        {
            "trade_id": "c7769593-de6a-45ec-9583-578b543a594a",
            "ticker": "HIGHNY-24AUG21-B71.5",
            "count": 10,
            "created_time": "2024-08-21T14:18:03.099026Z",
            "yes_price": 36,
            "no_price": 64,
            "taker_side": "yes"
        },
        {
            "trade_id": "51f44edf-f79f-4865-b773-b0a5e14c6044",
            "ticker": "HIGHNY-24AUG21-B71.5",
            "count": 90,
            "created_time": "2024-08-21T14:18:03.099026Z",
            "yes_price": 34,
            "no_price": 66,
            "taker_side": "yes"
        },
        {
            "trade_id": "1af73360-ba93-4a15-bc22-14f7b8eb0ade",
            "ticker": "HIGHNY-24AUG21-B71.5",
            "count": 5,
            "created_time": "2024-08-21T13:40:13.48842Z",
            "yes_price": 25,
            "no_price": 75,
            "taker_side": "no"
        },
        {
            "trade_id": "e733ad09-9295-4e81-b0e1-cce90d06292b",
            "ticker": "HIGHNY-24AUG21-B71.5",
            "count": 22,
            "created_time": "2024-08-21T13:27:47.370662Z",
            "yes_price": 32,
            "no_price": 68,
            "taker_side": "yes"
        },
        {
            "trade_id": "5de8e978-eeac-4eb6-b9c2-cbddb51a4c64",
            "ticker": "HIGHNY-24AUG21-B71.5",
            "count": 8,
            "created_time": "2024-08-21T13:27:47.370662Z",
            "yes_price": 31,
            "no_price": 69,
            "taker_side": "yes"
        },
        {
            "trade_id": "94dfdac1-90ad-44c6-a268-039988b2c9e1",
            "ticker": "HIGHNY-24AUG21-B71.5",
            "count": 15,
            "created_time": "2024-08-21T13:23:02.251503Z",
            "yes_price": 25,
            "no_price": 75,
            "taker_side": "no"
        },
        {
            "trade_id": "8790aaab-3575-40c1-937c-69cf369f0e0b",
            "ticker": "HIGHNY-24AUG21-B71.5",
            "count": 15,
            "created_time": "2024-08-21T13:20:19.277934Z",
            "yes_price": 25,
            "no_price": 75,
            "taker_side": "no"
        },
        {
            "trade_id": "2614bead-6f29-4ff6-ba2b-9570fadf3bf9",
            "ticker": "HIGHNY-24AUG21-B71.5",
            "count": 3,
            "created_time": "2024-08-21T13:04:59.759735Z",
            "yes_price": 31,
            "no_price": 69,
            "taker_side": "yes"
        },
        {
            "trade_id": "b0d370ce-38c9-477e-bb0c-8e62223c296d",
            "ticker": "HIGHNY-24AUG21-B71.5",
            "count": 1,
            "created_time": "2024-08-21T12:59:03.647357Z",
            "yes_price": 25,
            "no_price": 75,
            "taker_side": "no"
        },
        {
            "trade_id": "0f9964e4-2a11-47cb-8e76-e21ac183302a",
            "ticker": "HIGHNY-24AUG21-B71.5",
            "count": 3,
            "created_time": "2024-08-21T12:58:57.960689Z",
            "yes_price": 31,
            "no_price": 69,
            "taker_side": "yes"
        },
        {
            "trade_id": "e41bfa6d-a878-4808-80f5-3678f619aa07",
            "ticker": "HIGHNY-24AUG21-B71.5",
            "count": 65,
            "created_time": "2024-08-21T12:58:42.468154Z",
            "yes_price": 25,
            "no_price": 75,
            "taker_side": "no"
        },
        {
            "trade_id": "0d9eab8f-1d31-4a2e-a369-2ae6b2a68abe",
            "ticker": "HIGHNY-24AUG21-B71.5",
            "count": 15,
            "created_time": "2024-08-21T12:58:18.102717Z",
            "yes_price": 25,
            "no_price": 75,
            "taker_side": "no"
        },
        {
            "trade_id": "b3501e3e-47c4-47c9-aa1d-f706cc517043",
            "ticker": "HIGHNY-24AUG21-B71.5",
            "count": 15,
            "created_time": "2024-08-21T12:58:06.473428Z",
            "yes_price": 25,
            "no_price": 75,
            "taker_side": "no"
        },
        {
            "trade_id": "57cefb5b-ce82-4c55-bc69-2ca3dd35e109",
            "ticker": "HIGHNY-24AUG21-B71.5",
            "count": 25,
            "created_time": "2024-08-21T12:57:54.930226Z",
            "yes_price": 31,
            "no_price": 69,
            "taker_side": "yes"
        },
        {
            "trade_id": "2bdf0582-1258-4b98-bb88-af99c9d0de3c",
            "ticker": "HIGHNY-24AUG21-B71.5",
            "count": 15,
            "created_time": "2024-08-21T12:57:54.701184Z",
            "yes_price": 25,
            "no_price": 75,
            "taker_side": "no"
        },
        {
            "trade_id": "0281a9e2-e4ec-454b-9527-3fefc75ef3f7",
            "ticker": "HIGHNY-24AUG21-B71.5",
            "count": 15,
            "created_time": "2024-08-21T12:57:36.299025Z",
            "yes_price": 25,
            "no_price": 75,
            "taker_side": "no"
        },
        {
            "trade_id": "30d8194b-737c-4409-8483-bce4a396cc61",
            "ticker": "HIGHNY-24AUG21-B71.5",
            "count": 25,
            "created_time": "2024-08-21T12:57:35.401402Z",
            "yes_price": 25,
            "no_price": 75,
            "taker_side": "no"
        },
        {
            "trade_id": "8eb4ac7e-013a-41be-aad5-aeac2588f79f",
            "ticker": "HIGHNY-24AUG21-B71.5",
            "count": 15,
            "created_time": "2024-08-21T12:57:15.302361Z",
            "yes_price": 25,
            "no_price": 75,
            "taker_side": "no"
        },
        {
            "trade_id": "acdd1edf-8ad7-424b-afe5-db195eb10dcd",
            "ticker": "HIGHNY-24AUG21-B71.5",
            "count": 15,
            "created_time": "2024-08-21T12:56:57.333439Z",
            "yes_price": 25,
            "no_price": 75,
            "taker_side": "no"
        },
        {
            "trade_id": "0274222b-4d07-4b2b-88cf-e81d82fe38b6",
            "ticker": "HIGHNY-24AUG21-B71.5",
            "count": 20,
            "created_time": "2024-08-21T12:56:49.997483Z",
            "yes_price": 25,
            "no_price": 75,
            "taker_side": "no"
        },
        {
            "trade_id": "70d70784-d990-4065-b7fe-08516673b99b",
            "ticker": "HIGHNY-24AUG21-B71.5",
            "count": 15,
            "created_time": "2024-08-21T12:56:45.825321Z",
            "yes_price": 25,
            "no_price": 75,
            "taker_side": "no"
        },
        {
            "trade_id": "498f0494-209d-49e0-93f9-5d7d6f6ecd1e",
            "ticker": "HIGHNY-24AUG21-B71.5",
            "count": 15,
            "created_time": "2024-08-21T12:56:45.121175Z",
            "yes_price": 25,
            "no_price": 75,
            "taker_side": "no"
        },
        {
            "trade_id": "443c33ba-8557-48b6-8e3b-69500576ec09",
            "ticker": "HIGHNY-24AUG21-B71.5",
            "count": 15,
            "created_time": "2024-08-21T12:56:30.00251Z",
            "yes_price": 25,
            "no_price": 75,
            "taker_side": "no"
        },
        {
            "trade_id": "32173136-204b-4acc-9c44-99fa2e2ebee7",
            "ticker": "HIGHNY-24AUG21-B71.5",
            "count": 15,
            "created_time": "2024-08-21T12:56:21.054455Z",
            "yes_price": 25,
            "no_price": 75,
            "taker_side": "no"
        },
        {
            "trade_id": "46596975-0d0b-4f60-b0b8-e9791457ae54",
            "ticker": "HIGHNY-24AUG21-B71.5",
            "count": 15,
            "created_time": "2024-08-21T12:56:11.893117Z",
            "yes_price": 25,
            "no_price": 75,
            "taker_side": "no"
        },
        {
            "trade_id": "4db9cac7-820e-4439-ae74-71e9d320a525",
            "ticker": "HIGHNY-24AUG21-B71.5",
            "count": 15,
            "created_time": "2024-08-21T12:56:02.787891Z",
            "yes_price": 25,
            "no_price": 75,
            "taker_side": "no"
        },
        {
            "trade_id": "1d29dfa2-47b2-4b9b-9af2-d4cb19839a91",
            "ticker": "HIGHNY-24AUG21-B71.5",
            "count": 1,
            "created_time": "2024-08-21T12:55:49.40247Z",
            "yes_price": 26,
            "no_price": 74,
            "taker_side": "no"
        },
        {
            "trade_id": "1b52b621-0cd2-4f44-b404-978edea9cc69",
            "ticker": "HIGHNY-24AUG21-B71.5",
            "count": 1,
            "created_time": "2024-08-21T12:34:44.321227Z",
            "yes_price": 33,
            "no_price": 67,
            "taker_side": "yes"
        },
        {
            "trade_id": "57017f2f-f0e7-4ca8-913e-41297742ea11",
            "ticker": "HIGHNY-24AUG21-B71.5",
            "count": 1,
            "created_time": "2024-08-21T12:34:24.535974Z",
            "yes_price": 33,
            "no_price": 67,
            "taker_side": "yes"
        },
        {
            "trade_id": "bb788208-509b-44e1-9f41-a952b24a7371",
            "ticker": "HIGHNY-24AUG21-B71.5",
            "count": 1,
            "created_time": "2024-08-21T12:34:04.379126Z",
            "yes_price": 33,
            "no_price": 67,
            "taker_side": "yes"
        },
        {
            "trade_id": "36e20013-9e17-40df-9ab3-ff3509d3bbcf",
            "ticker": "HIGHNY-24AUG21-B71.5",
            "count": 4,
            "created_time": "2024-08-21T12:33:44.509964Z",
            "yes_price": 33,
            "no_price": 67,
            "taker_side": "no"
        },
        {
            "trade_id": "b5dbcf4b-fcaf-4258-b0d8-04ca84eb0031",
            "ticker": "HIGHNY-24AUG21-B71.5",
            "count": 7,
            "created_time": "2024-08-21T12:33:39.263136Z",
            "yes_price": 33,
            "no_price": 67,
            "taker_side": "yes"
        },
        {
            "trade_id": "8d222228-987a-48cd-852a-465923b9b537",
            "ticker": "HIGHNY-24AUG21-B71.5",
            "count": 13,
            "created_time": "2024-08-21T12:33:23.811355Z",
            "yes_price": 33,
            "no_price": 67,
            "taker_side": "yes"
        },
        {
            "trade_id": "39658c1c-df9c-4e22-935b-df0c9bd42e41",
            "ticker": "HIGHNY-24AUG21-B71.5",
            "count": 23,
            "created_time": "2024-08-21T12:33:04.181594Z",
            "yes_price": 33,
            "no_price": 67,
            "taker_side": "yes"
        },
        {
            "trade_id": "2a7e8c28-cc1e-47fd-aa64-adb9d1dc4e9b",
            "ticker": "HIGHNY-24AUG21-B71.5",
            "count": 41,
            "created_time": "2024-08-21T12:32:44.197669Z",
            "yes_price": 33,
            "no_price": 67,
            "taker_side": "yes"
        },
        {
            "trade_id": "a4b2abb5-50b9-48c8-a174-f530d77ee0c0",
            "ticker": "HIGHNY-24AUG21-B71.5",
            "count": 57,
            "created_time": "2024-08-21T12:32:31.004913Z",
            "yes_price": 33,
            "no_price": 67,
            "taker_side": "no"
        },
        {
            "trade_id": "bba4ceca-3a64-486a-9320-8dd1ff02f1c2",
            "ticker": "HIGHNY-24AUG21-B71.5",
            "count": 18,
            "created_time": "2024-08-21T12:32:30.982513Z",
            "yes_price": 33,
            "no_price": 67,
            "taker_side": "no"
        },
        {
            "trade_id": "4263bdef-ceb8-4be7-8f71-74fd6ca6dac8",
            "ticker": "HIGHNY-24AUG21-B71.5",
            "count": 15,
            "created_time": "2024-08-21T12:09:26.62321Z",
            "yes_price": 38,
            "no_price": 62,
            "taker_side": "no"
        },
        {
            "trade_id": "08929ed8-d860-4db3-9e97-736bde7c1dd0",
            "ticker": "HIGHNY-24AUG21-B71.5",
            "count": 166,
            "created_time": "2024-08-21T12:05:08.653024Z",
            "yes_price": 40,
            "no_price": 60,
            "taker_side": "no"
        },
        {
            "trade_id": "08435bf5-5cf0-4cb7-9620-6e6b449a4b9b",
            "ticker": "HIGHNY-24AUG21-B71.5",
            "count": 18,
            "created_time": "2024-08-21T12:05:08.608499Z",
            "yes_price": 42,
            "no_price": 58,
            "taker_side": "no"
        },
        {
            "trade_id": "f2548d94-82b7-408c-8b5c-d168c6b6791f",
            "ticker": "HIGHNY-24AUG21-B71.5",
            "count": 5,
            "created_time": "2024-08-21T00:33:36.485542Z",
            "yes_price": 51,
            "no_price": 49,
            "taker_side": "yes"
        },
        {
            "trade_id": "e9b2eab0-6cc1-4790-9293-1a0fec514fea",
            "ticker": "HIGHNY-24AUG21-B71.5",
            "count": 39,
            "created_time": "2024-08-21T00:33:36.485542Z",
            "yes_price": 51,
            "no_price": 49,
            "taker_side": "yes"
        },
        {
            "trade_id": "3278979c-68d9-4722-b1bb-a5ce8cb65664",
            "ticker": "HIGHNY-24AUG21-B71.5",
            "count": 72,
            "created_time": "2024-08-21T00:31:45.509491Z",
            "yes_price": 49,
            "no_price": 51,
            "taker_side": "yes"
        },
        {
            "trade_id": "16d4e2e1-a208-4f07-8d9f-87dab2eb2292",
            "ticker": "HIGHNY-24AUG21-B71.5",
            "count": 18,
            "created_time": "2024-08-21T00:31:28.796606Z",
            "yes_price": 48,
            "no_price": 52,
            "taker_side": "yes"
        },
        {
            "trade_id": "74e0280a-0ab9-4372-8655-f0f87a2bdeda",
            "ticker": "HIGHNY-24AUG21-B71.5",
            "count": 36,
            "created_time": "2024-08-21T00:30:08.271425Z",
            "yes_price": 49,
            "no_price": 51,
            "taker_side": "yes"
        },
        {
            "trade_id": "6ca9a787-0f3a-4eba-a052-22c6be8cf095",
            "ticker": "HIGHNY-24AUG21-B71.5",
            "count": 72,
            "created_time": "2024-08-20T23:01:17.820033Z",
            "yes_price": 46,
            "no_price": 54,
            "taker_side": "yes"
        },
        {
            "trade_id": "1244073f-be96-48ca-b2c9-783b55ddaa0b",
            "ticker": "HIGHNY-24AUG21-B71.5",
            "count": 180,
            "created_time": "2024-08-20T23:01:17.820033Z",
            "yes_price": 48,
            "no_price": 52,
            "taker_side": "yes"
        },
        {
            "trade_id": "5fefefff-dcb7-4ee3-8b6c-3895be0010f3",
            "ticker": "HIGHNY-24AUG21-B71.5",
            "count": 180,
            "created_time": "2024-08-20T22:40:22.629557Z",
            "yes_price": 44,
            "no_price": 56,
            "taker_side": "yes"
        },
        {
            "trade_id": "3e3aa5f3-5091-4794-8c18-d50841103f05",
            "ticker": "HIGHNY-24AUG21-B71.5",
            "count": 180,
            "created_time": "2024-08-20T22:40:22.629557Z",
            "yes_price": 45,
            "no_price": 55,
            "taker_side": "yes"
        },
        {
            "trade_id": "16508511-93cb-4850-b297-b41dc25f9a18",
            "ticker": "HIGHNY-24AUG21-B71.5",
            "count": 108,
            "created_time": "2024-08-20T22:40:22.629557Z",
            "yes_price": 40,
            "no_price": 60,
            "taker_side": "yes"
        },
        {
            "trade_id": "feb34166-894b-4562-ab8b-62b467eb8fa4",
            "ticker": "HIGHNY-24AUG21-B71.5",
            "count": 18,
            "created_time": "2024-08-20T22:35:41.570258Z",
            "yes_price": 32,
            "no_price": 68,
            "taker_side": "yes"
        },
        {
            "trade_id": "c1191a44-25eb-47e9-a593-c3db41601443",
            "ticker": "HIGHNY-24AUG21-B71.5",
            "count": 174,
            "created_time": "2024-08-20T22:35:41.570258Z",
            "yes_price": 36,
            "no_price": 64,
            "taker_side": "yes"
        },
        {
            "trade_id": "6744e8be-c004-4ae8-8c0c-74f5cea9a33d",
            "ticker": "HIGHNY-24AUG21-B71.5",
            "count": 180,
            "created_time": "2024-08-20T22:35:41.570258Z",
            "yes_price": 34,
            "no_price": 66,
            "taker_side": "yes"
        },
        {
            "trade_id": "0b7956a6-6d50-4e36-954a-46a747bae34b",
            "ticker": "HIGHNY-24AUG21-B71.5",
            "count": 24,
            "created_time": "2024-08-20T20:28:55.341758Z",
            "yes_price": 39,
            "no_price": 61,
            "taker_side": "yes"
        },
        {
            "trade_id": "251d266d-2185-423b-b15a-a6d6dfb6131d",
            "ticker": "HIGHNY-24AUG21-B71.5",
            "count": 24,
            "created_time": "2024-08-20T20:28:26.694264Z",
            "yes_price": 39,
            "no_price": 61,
            "taker_side": "yes"
        },
        {
            "trade_id": "baccde34-ea0b-4b8c-b004-75a8a29df08c",
            "ticker": "HIGHNY-24AUG21-B71.5",
            "count": 5,
            "created_time": "2024-08-20T19:18:07.910435Z",
            "yes_price": 34,
            "no_price": 66,
            "taker_side": "no"
        },
        {
            "trade_id": "49e78231-707d-45a7-b1e8-9567ab4208be",
            "ticker": "HIGHNY-24AUG21-B71.5",
            "count": 15,
            "created_time": "2024-08-20T19:17:35.956397Z",
            "yes_price": 34,
            "no_price": 66,
            "taker_side": "no"
        },
        {
            "trade_id": "674cc55e-9baa-4e9b-8530-10ab5105608c",
            "ticker": "HIGHNY-24AUG21-B71.5",
            "count": 40,
            "created_time": "2024-08-20T19:17:10.215939Z",
            "yes_price": 34,
            "no_price": 66,
            "taker_side": "no"
        },
        {
            "trade_id": "5643aeb8-a410-4323-bb9d-d38a285471ba",
            "ticker": "HIGHNY-24AUG21-B71.5",
            "count": 18,
            "created_time": "2024-08-20T19:16:47.021912Z",
            "yes_price": 35,
            "no_price": 65,
            "taker_side": "no"
        },
        {
            "trade_id": "b5cded4f-5586-4534-8e78-7d74aa7c5a41",
            "ticker": "HIGHNY-24AUG21-B71.5",
            "count": 12,
            "created_time": "2024-08-20T18:55:29.376392Z",
            "yes_price": 39,
            "no_price": 61,
            "taker_side": "no"
        },
        {
            "trade_id": "3807cbaf-fc30-424d-9252-6153e3dd2e9f",
            "ticker": "HIGHNY-24AUG21-B71.5",
            "count": 12,
            "created_time": "2024-08-20T18:54:58.502799Z",
            "yes_price": 39,
            "no_price": 61,
            "taker_side": "no"
        },
        {
            "trade_id": "9be3874d-62f6-4361-b249-17dd6746b1e3",
            "ticker": "HIGHNY-24AUG21-B71.5",
            "count": 30,
            "created_time": "2024-08-20T18:54:22.183117Z",
            "yes_price": 39,
            "no_price": 61,
            "taker_side": "no"
        },
        {
            "trade_id": "6048fafe-3f38-464f-a5a1-9ec41d5e12ae",
            "ticker": "HIGHNY-24AUG21-B71.5",
            "count": 24,
            "created_time": "2024-08-20T18:54:06.080433Z",
            "yes_price": 40,
            "no_price": 60,
            "taker_side": "no"
        },
        {
            "trade_id": "6178fca6-a852-436d-b589-d1f5b537252d",
            "ticker": "HIGHNY-24AUG21-B71.5",
            "count": 36,
            "created_time": "2024-08-20T18:53:03.930618Z",
            "yes_price": 41,
            "no_price": 59,
            "taker_side": "no"
        },
        {
            "trade_id": "44cc8c8d-1b2c-481d-b4f5-2a777e141a46",
            "ticker": "HIGHNY-24AUG21-B71.5",
            "count": 180,
            "created_time": "2024-08-20T18:53:03.930618Z",
            "yes_price": 39,
            "no_price": 61,
            "taker_side": "no"
        },
        {
            "trade_id": "15d8c777-17f2-42f7-960d-e014bc20b3e1",
            "ticker": "HIGHNY-24AUG21-B71.5",
            "count": 1,
            "created_time": "2024-08-20T17:30:26.502182Z",
            "yes_price": 44,
            "no_price": 56,
            "taker_side": "no"
        },
        {
            "trade_id": "3d76a8df-be84-4b13-9c74-80d7b5e17df0",
            "ticker": "HIGHNY-24AUG21-B71.5",
            "count": 20,
            "created_time": "2024-08-20T15:04:31.648484Z",
            "yes_price": 48,
            "no_price": 52,
            "taker_side": "yes"
        },
        {
            "trade_id": "1b96b7b0-678c-4658-ba4e-b61e3c31b6c4",
            "ticker": "HIGHNY-24AUG21-B71.5",
            "count": 20,
            "created_time": "2024-08-20T15:04:10.916113Z",
            "yes_price": 48,
            "no_price": 52,
            "taker_side": "yes"
        },
        {
            "trade_id": "ceb0db1a-b770-42a4-a908-a1390b29e033",
            "ticker": "HIGHNY-24AUG21-B71.5",
            "count": 14,
            "created_time": "2024-08-20T15:03:51.189725Z",
            "yes_price": 47,
            "no_price": 53,
            "taker_side": "yes"
        },
        {
            "trade_id": "065cdc60-ab4e-4435-abb9-af737e604c86",
            "ticker": "HIGHNY-24AUG21-B71.5",
            "count": 6,
            "created_time": "2024-08-20T15:03:51.189725Z",
            "yes_price": 49,
            "no_price": 51,
            "taker_side": "yes"
        },
        {
            "trade_id": "f6c99447-32fb-498f-968c-96f5c60454ab",
            "ticker": "HIGHNY-24AUG21-B71.5",
            "count": 20,
            "created_time": "2024-08-20T15:03:34.010484Z",
            "yes_price": 47,
            "no_price": 53,
            "taker_side": "yes"
        },
        {
            "trade_id": "3a1c0335-9554-4082-96a6-6c446bd2143c",
            "ticker": "HIGHNY-24AUG21-B71.5",
            "count": 20,
            "created_time": "2024-08-20T15:03:24.540557Z",
            "yes_price": 47,
            "no_price": 53,
            "taker_side": "yes"
        },
        {
            "trade_id": "efc59fae-910a-4b22-ab92-6dfc9d84eee3",
            "ticker": "HIGHNY-24AUG21-B71.5",
            "count": 18,
            "created_time": "2024-08-20T15:03:12.55605Z",
            "yes_price": 46,
            "no_price": 54,
            "taker_side": "yes"
        },
        {
            "trade_id": "eac28c99-73ed-4bd3-830a-f7cc6d5d55f2",
            "ticker": "HIGHNY-24AUG21-B71.5",
            "count": 2,
            "created_time": "2024-08-20T15:03:12.55605Z",
            "yes_price": 49,
            "no_price": 51,
            "taker_side": "yes"
        },
        {
            "trade_id": "c72db475-d053-4d08-847c-b8d68f12f908",
            "ticker": "HIGHNY-24AUG21-B71.5",
            "count": 12,
            "created_time": "2024-08-20T15:03:01.766441Z",
            "yes_price": 46,
            "no_price": 54,
            "taker_side": "yes"
        },
        {
            "trade_id": "2e8476af-a8e5-4805-bd63-03af412b354b",
            "ticker": "HIGHNY-24AUG21-B71.5",
            "count": 8,
            "created_time": "2024-08-20T15:03:01.766441Z",
            "yes_price": 49,
            "no_price": 51,
            "taker_side": "yes"
        },
        {
            "trade_id": "2c287d82-132d-4419-8191-ab32ed7c2eba",
            "ticker": "HIGHNY-24AUG21-B71.5",
            "count": 20,
            "created_time": "2024-08-20T15:02:55.247692Z",
            "yes_price": 46,
            "no_price": 54,
            "taker_side": "yes"
        },
        {
            "trade_id": "f8ebfa58-bcf2-45f7-9bf5-023aaab331e2",
            "ticker": "HIGHNY-24AUG21-B71.5",
            "count": 20,
            "created_time": "2024-08-20T15:02:49.086837Z",
            "yes_price": 46,
            "no_price": 54,
            "taker_side": "yes"
        },
        {
            "trade_id": "672c6191-74b0-49ba-b9db-0a4e39ab5978",
            "ticker": "HIGHNY-24AUG21-B71.5",
            "count": 20,
            "created_time": "2024-08-20T15:02:39.968097Z",
            "yes_price": 46,
            "no_price": 54,
            "taker_side": "yes"
        },
        {
            "trade_id": "5a44f3a3-1bcd-4d65-9840-ce1921fbea1b",
            "ticker": "HIGHNY-24AUG21-B71.5",
            "count": 21,
            "created_time": "2024-08-20T14:49:22.584758Z",
            "yes_price": 45,
            "no_price": 55,
            "taker_side": "yes"
        },
        {
            "trade_id": "334743a3-e5fa-4aa5-8662-2eeaa3b8d6ef",
            "ticker": "HIGHNY-24AUG21-B71.5",
            "count": 21,
            "created_time": "2024-08-20T14:48:43.920187Z",
            "yes_price": 45,
            "no_price": 55,
            "taker_side": "yes"
        },
        {
            "trade_id": "fba006a9-a384-4682-97e3-3dc1eefbda56",
            "ticker": "HIGHNY-24AUG21-B71.5",
            "count": 21,
            "created_time": "2024-08-20T14:43:16.050708Z",
            "yes_price": 44,
            "no_price": 56,
            "taker_side": "yes"
        },
        {
            "trade_id": "47b20a8e-6653-4156-bf35-fbcc14c96702",
            "ticker": "HIGHNY-24AUG21-B71.5",
            "count": 4,
            "created_time": "2024-08-20T14:43:01.924185Z",
            "yes_price": 44,
            "no_price": 56,
            "taker_side": "yes"
        },
        {
            "trade_id": "39e8b87d-58dd-45d8-9a36-27d01703a77a",
            "ticker": "HIGHNY-24AUG21-B71.5",
            "count": 18,
            "created_time": "2024-08-20T14:43:01.924185Z",
            "yes_price": 43,
            "no_price": 57,
            "taker_side": "yes"
        },
        {
            "trade_id": "64140e4b-ab6a-4e2f-9ae1-5743670cad2a",
            "ticker": "HIGHNY-24AUG21-B71.5",
            "count": 22,
            "created_time": "2024-08-20T14:42:54.805342Z",
            "yes_price": 43,
            "no_price": 57,
            "taker_side": "yes"
        },
        {
            "trade_id": "6533f05b-df2d-4545-b2b5-70534957144d",
            "ticker": "HIGHNY-24AUG21-B71.5",
            "count": 22,
            "created_time": "2024-08-20T14:42:45.089734Z",
            "yes_price": 43,
            "no_price": 57,
            "taker_side": "yes"
        },
        {
            "trade_id": "a533b122-91a1-4a17-86c1-4ea71e581d97",
            "ticker": "HIGHNY-24AUG21-B71.5",
            "count": 21,
            "created_time": "2024-08-20T14:42:32.941745Z",
            "yes_price": 44,
            "no_price": 56,
            "taker_side": "yes"
        },
        {
            "trade_id": "43a26ef0-56da-4906-be32-e81b9c7c382f",
            "ticker": "HIGHNY-24AUG21-B71.5",
            "count": 45,
            "created_time": "2024-08-20T14:42:25.49139Z",
            "yes_price": 41,
            "no_price": 59,
            "taker_side": "yes"
        },
        {
            "trade_id": "3490194e-0b27-4da4-8535-94c0051eea2f",
            "ticker": "HIGHNY-24AUG21-B71.5",
            "count": 23,
            "created_time": "2024-08-20T14:42:25.49139Z",
            "yes_price": 44,
            "no_price": 56,
            "taker_side": "yes"
        },
        {
            "trade_id": "6e02356e-80ee-4c84-a6e7-bb458a5d69f6",
            "ticker": "HIGHNY-24AUG21-B71.5",
            "count": 23,
            "created_time": "2024-08-20T14:42:24.188242Z",
            "yes_price": 41,
            "no_price": 59,
            "taker_side": "yes"
        },
        {
            "trade_id": "4696f926-8952-4339-8267-c44ab188bcdc",
            "ticker": "HIGHNY-24AUG21-B71.5",
            "count": 4,
            "created_time": "2024-08-20T14:16:57.933164Z",
            "yes_price": 41,
            "no_price": 59,
            "taker_side": "yes"
        }
    ],
    "HIGHNY-24AUG21-B73.5": [
        {
            "trade_id": "b67209a1-27a4-4e7d-a442-5f3a35f46fb6",
            "ticker": "HIGHNY-24AUG21-B73.5",
            "count": 1,
            "created_time": "2024-08-22T03:51:20.104478Z",
            "yes_price": 99,
            "no_price": 1,
            "taker_side": "yes"
        },
        {
            "trade_id": "71d6aa8c-a4fb-4cfa-a2bc-3b3917bb08ad",
            "ticker": "HIGHNY-24AUG21-B73.5",
            "count": 43,
            "created_time": "2024-08-22T01:30:24.804374Z",
            "yes_price": 99,
            "no_price": 1,
            "taker_side": "no"
        },
        {
            "trade_id": "ef54958b-0688-4197-8005-57a4c71b2576",
            "ticker": "HIGHNY-24AUG21-B73.5",
            "count": 27,
            "created_time": "2024-08-22T00:07:13.033322Z",
            "yes_price": 99,
            "no_price": 1,
            "taker_side": "yes"
        },
        {
            "trade_id": "7eb26b28-0a73-4e69-89bc-ca749b9656e6",
            "ticker": "HIGHNY-24AUG21-B73.5",
            "count": 20,
            "created_time": "2024-08-21T23:22:32.752787Z",
            "yes_price": 98,
            "no_price": 2,
            "taker_side": "no"
        },
        {
            "trade_id": "c26669f1-ab4d-4015-8685-7e5b71655a48",
            "ticker": "HIGHNY-24AUG21-B73.5",
            "count": 24,
            "created_time": "2024-08-21T22:46:15.152998Z",
            "yes_price": 99,
            "no_price": 1,
            "taker_side": "yes"
        },
        {
            "trade_id": "e90a307f-fa6a-4173-950e-5f59fa975005",
            "ticker": "HIGHNY-24AUG21-B73.5",
            "count": 504,
            "created_time": "2024-08-21T22:27:28.010699Z",
            "yes_price": 98,
            "no_price": 2,
            "taker_side": "no"
        },
        {
            "trade_id": "3b6bfa06-6be4-4577-b7af-d5a9c44a3df1",
            "ticker": "HIGHNY-24AUG21-B73.5",
            "count": 972,
            "created_time": "2024-08-21T22:01:49.952115Z",
            "yes_price": 99,
            "no_price": 1,
            "taker_side": "yes"
        },
        {
            "trade_id": "a393add1-e9cc-42fe-9d52-246877b7c3c3",
            "ticker": "HIGHNY-24AUG21-B73.5",
            "count": 7,
            "created_time": "2024-08-21T20:44:09.88879Z",
            "yes_price": 99,
            "no_price": 1,
            "taker_side": "no"
        },
        {
            "trade_id": "2f3b4ea8-e068-4ce7-a67c-8489b7fdcd28",
            "ticker": "HIGHNY-24AUG21-B73.5",
            "count": 50,
            "created_time": "2024-08-21T20:39:21.169209Z",
            "yes_price": 99,
            "no_price": 1,
            "taker_side": "yes"
        },
        {
            "trade_id": "e53d0677-1fc3-4135-bdfa-f5576f2bc007",
            "ticker": "HIGHNY-24AUG21-B73.5",
            "count": 29,
            "created_time": "2024-08-21T20:35:46.543095Z",
            "yes_price": 95,
            "no_price": 5,
            "taker_side": "yes"
        },
        {
            "trade_id": "b12da57c-63eb-438a-90d9-39dcb1ec5522",
            "ticker": "HIGHNY-24AUG21-B73.5",
            "count": 1,
            "created_time": "2024-08-21T20:29:55.958309Z",
            "yes_price": 95,
            "no_price": 5,
            "taker_side": "yes"
        },
        {
            "trade_id": "1aac2376-dcc7-4317-afbd-ed97628a37a4",
            "ticker": "HIGHNY-24AUG21-B73.5",
            "count": 10,
            "created_time": "2024-08-21T20:24:47.917252Z",
            "yes_price": 70,
            "no_price": 30,
            "taker_side": "yes"
        },
        {
            "trade_id": "b2b0dd1e-6183-4fc1-bab1-53eb822f0bfc",
            "ticker": "HIGHNY-24AUG21-B73.5",
            "count": 32,
            "created_time": "2024-08-21T19:49:20.311824Z",
            "yes_price": 15,
            "no_price": 85,
            "taker_side": "no"
        },
        {
            "trade_id": "303d8c8e-c8d4-4eee-8b74-80b44323cd33",
            "ticker": "HIGHNY-24AUG21-B73.5",
            "count": 50,
            "created_time": "2024-08-21T19:31:17.995998Z",
            "yes_price": 15,
            "no_price": 85,
            "taker_side": "no"
        },
        {
            "trade_id": "6e816606-7a49-470c-98ac-b70c3146afa1",
            "ticker": "HIGHNY-24AUG21-B73.5",
            "count": 10,
            "created_time": "2024-08-21T19:28:50.827639Z",
            "yes_price": 25,
            "no_price": 75,
            "taker_side": "no"
        },
        {
