{
    "HIGHNY-24AUG16-T84": [
        {
            "trade_id": "8b094821-bcf0-465c-9753-9520157510c5",
            "ticker": "HIGHNY-24AUG16-T84",
            "count": 50,
            "created_time": "2024-08-16T13:55:05.71697Z",
            "yes_price": 1,
            "no_price": 99,
            "taker_side": "no"
        },
        {
            "trade_id": "3b48884f-667e-4f8f-940c-1582180b0c3d",
            "ticker": "HIGHNY-24AUG16-T84",
            "count": 16,
            "created_time": "2024-08-16T01:57:50.028186Z",
            "yes_price": 2,
            "no_price": 98,
            "taker_side": "no"
        },
        {
            "trade_id": "c35b6c64-151a-4c19-8b59-216eab1e7d21",
            "ticker": "HIGHNY-24AUG16-T84",
            "count": 10,
            "created_time": "2024-08-15T22:29:23.049927Z",
            "yes_price": 3,
            "no_price": 97,
            "taker_side": "yes"
        },
        {
            "trade_id": "6bb040ab-d858-473b-9ce9-0f67ec0aea77",
            "ticker": "HIGHNY-24AUG16-T84",
            "count": 10,
            "created_time": "2024-08-15T22:29:23.049927Z",
            "yes_price": 5,
            "no_price": 95,
            "taker_side": "yes"
        },
        {
            "trade_id": "5d608c0f-ce9f-4702-824d-d3e9de3e20cd",
            "ticker": "HIGHNY-24AUG16-T84",
            "count": 10,
            "created_time": "2024-08-15T22:29:23.049927Z",
            "yes_price": 4,
            "no_price": 96,
            "taker_side": "yes"
        },
        {
            "trade_id": "0ebcae42-9b8a-459e-88ed-18f1b6feb620",
            "ticker": "HIGHNY-24AUG16-T84",
            "count": 30,
            "created_time": "2024-08-15T22:29:23.049927Z",
            "yes_price": 5,
            "no_price": 95,
            "taker_side": "yes"
        },
        {
            "trade_id": "ab2dd83c-857c-4d47-bd6f-e22ee2846509",
            "ticker": "HIGHNY-24AUG16-T84",
            "count": 10,
            "created_time": "2024-08-15T16:15:04.44824Z",
            "yes_price": 2,
            "no_price": 98,
            "taker_side": "yes"
        }
    ],
    "HIGHNY-24AUG16-B84.5": [
        {
            "trade_id": "6276e1f2-7fa7-4c24-a373-b2a65c72e08b",
            "ticker": "HIGHNY-24AUG16-B84.5",
            "count": 50,
            "created_time": "2024-08-16T17:53:07.428017Z",
            "yes_price": 1,
            "no_price": 99,
            "taker_side": "no"
        },
        {
            "trade_id": "f45296c2-2ecc-4d70-a1b3-dada18c73cdf",
            "ticker": "HIGHNY-24AUG16-B84.5",
            "count": 300,
            "created_time": "2024-08-16T17:52:26.757656Z",
            "yes_price": 12,
            "no_price": 88,
            "taker_side": "no"
        },
        {
            "trade_id": "9a84acb1-879c-4f1f-b584-93f41387c315",
            "ticker": "HIGHNY-24AUG16-B84.5",
            "count": 25,
            "created_time": "2024-08-16T16:54:47.422467Z",
            "yes_price": 24,
            "no_price": 76,
            "taker_side": "yes"
        },
        {
            "trade_id": "0a5e9136-17d2-4fcc-accc-74cf42947bc5",
            "ticker": "HIGHNY-24AUG16-B84.5",
            "count": 141,
            "created_time": "2024-08-16T15:12:03.594378Z",
            "yes_price": 12,
            "no_price": 88,
            "taker_side": "no"
        },
        {
            "trade_id": "e21ae3b2-8a55-44fc-9917-ff61eaa24fb2",
            "ticker": "HIGHNY-24AUG16-B84.5",
            "count": 57,
            "created_time": "2024-08-16T15:01:46.905242Z",
            "yes_price": 12,
            "no_price": 88,
            "taker_side": "no"
        },
        {
            "trade_id": "19155bbb-11dc-4047-aa97-52e92b84c887",
            "ticker": "HIGHNY-24AUG16-B84.5",
            "count": 7,
            "created_time": "2024-08-16T13:24:10.906223Z",
            "yes_price": 12,
            "no_price": 88,
            "taker_side": "yes"
        },
        {
            "trade_id": "ca32a193-aacc-4091-8799-cb87c5d0c6df",
            "ticker": "HIGHNY-24AUG16-B84.5",
            "count": 162,
            "created_time": "2024-08-15T22:29:38.962749Z",
            "yes_price": 14,
            "no_price": 86,
            "taker_side": "yes"
        },
        {
            "trade_id": "b0f0924e-de42-46d6-ac57-384436f290e1",
            "ticker": "HIGHNY-24AUG16-B84.5",
            "count": 9,
            "created_time": "2024-08-15T22:29:17.173414Z",
            "yes_price": 11,
            "no_price": 89,
            "taker_side": "yes"
        },
        {
            "trade_id": "a625c6d5-f811-4c23-8ab4-219482a4ab00",
            "ticker": "HIGHNY-24AUG16-B84.5",
            "count": 10,
            "created_time": "2024-08-15T22:29:17.173414Z",
            "yes_price": 12,
            "no_price": 88,
            "taker_side": "yes"
        },
        {
            "trade_id": "0fa270e2-3529-47f2-9472-c174216e4f92",
            "ticker": "HIGHNY-24AUG16-B84.5",
            "count": 180,
            "created_time": "2024-08-15T22:29:17.173414Z",
            "yes_price": 13,
            "no_price": 87,
            "taker_side": "yes"
        },
        {
            "trade_id": "00a19f1b-623a-4e7d-a644-8e39f6478ed2",
            "ticker": "HIGHNY-24AUG16-B84.5",
            "count": 126,
            "created_time": "2024-08-15T22:29:17.173414Z",
            "yes_price": 12,
            "no_price": 88,
            "taker_side": "yes"
        },
        {
            "trade_id": "b2f72aac-1b76-4494-83c5-0dabf5c64cd1",
            "ticker": "HIGHNY-24AUG16-B84.5",
            "count": 10,
            "created_time": "2024-08-15T20:58:52.963014Z",
            "yes_price": 7,
            "no_price": 93,
            "taker_side": "no"
        },
        {
            "trade_id": "312dad3e-7488-4648-9396-519503438933",
            "ticker": "HIGHNY-24AUG16-B84.5",
            "count": 1,
            "created_time": "2024-08-15T18:35:24.038045Z",
            "yes_price": 11,
            "no_price": 89,
            "taker_side": "yes"
        },
        {
            "trade_id": "e6edffe4-a63a-426d-a0c7-dcf29b82b802",
            "ticker": "HIGHNY-24AUG16-B84.5",
            "count": 174,
            "created_time": "2024-08-15T17:45:50.11761Z",
            "yes_price": 9,
            "no_price": 91,
            "taker_side": "no"
        },
        {
            "trade_id": "3ca7762d-1fd0-4a34-aa69-d2ecf268375c",
            "ticker": "HIGHNY-24AUG16-B84.5",
            "count": 26,
            "created_time": "2024-08-15T17:45:50.11761Z",
            "yes_price": 10,
            "no_price": 90,
            "taker_side": "no"
        },
        {
            "trade_id": "e563ccc7-4c32-4c51-83b2-13c5a1067302",
            "ticker": "HIGHNY-24AUG16-B84.5",
            "count": 10,
            "created_time": "2024-08-15T17:08:37.498846Z",
            "yes_price": 10,
            "no_price": 90,
            "taker_side": "yes"
        },
        {
            "trade_id": "72485084-7e2e-4ddf-8301-08b244a7f732",
            "ticker": "HIGHNY-24AUG16-B84.5",
            "count": 10,
            "created_time": "2024-08-15T16:15:23.491185Z",
            "yes_price": 5,
            "no_price": 95,
            "taker_side": "yes"
        }
    ],
    "HIGHNY-24AUG16-B86.5": [
        {
            "trade_id": "00d6ad72-1c45-4ca1-8f9b-562980adc660",
            "ticker": "HIGHNY-24AUG16-B86.5",
            "count": 280,
            "created_time": "2024-08-17T01:52:27.798074Z",
            "yes_price": 99,
            "no_price": 1,
            "taker_side": "no"
        },
        {
            "trade_id": "15d15b81-0498-4271-8cb2-3e0825aa2ef9",
            "ticker": "HIGHNY-24AUG16-B86.5",
            "count": 288,
            "created_time": "2024-08-17T00:16:58.93429Z",
            "yes_price": 97,
            "no_price": 3,
            "taker_side": "no"
        },
        {
            "trade_id": "9268764c-30f3-4fcc-a9b2-f4383ba0d0d3",
            "ticker": "HIGHNY-24AUG16-B86.5",
            "count": 550,
            "created_time": "2024-08-16T23:53:56.435148Z",
            "yes_price": 99,
            "no_price": 1,
            "taker_side": "yes"
        },
        {
            "trade_id": "5bec085a-8a12-48ba-b38a-96acf510e1df",
            "ticker": "HIGHNY-24AUG16-B86.5",
            "count": 10,
            "created_time": "2024-08-16T23:00:02.267733Z",
            "yes_price": 99,
            "no_price": 1,
            "taker_side": "yes"
        },
        {
            "trade_id": "b4749883-1945-4221-842a-e33ed3ae933f",
            "ticker": "HIGHNY-24AUG16-B86.5",
            "count": 50,
            "created_time": "2024-08-16T22:49:42.600001Z",
            "yes_price": 99,
            "no_price": 1,
            "taker_side": "yes"
        },
        {
            "trade_id": "10d86f8f-c725-4ce7-9d89-a0874cc6298d",
            "ticker": "HIGHNY-24AUG16-B86.5",
            "count": 70,
            "created_time": "2024-08-16T22:49:42.600001Z",
            "yes_price": 99,
            "no_price": 1,
            "taker_side": "yes"
        },
        {
            "trade_id": "317e2141-f373-40bb-ac0f-c1b7ebef08a3",
            "ticker": "HIGHNY-24AUG16-B86.5",
            "count": 6,
            "created_time": "2024-08-16T20:17:35.895832Z",
            "yes_price": 94,
            "no_price": 6,
            "taker_side": "yes"
        },
        {
            "trade_id": "8d68dc87-154d-429b-9b83-4e33eaed2591",
            "ticker": "HIGHNY-24AUG16-B86.5",
            "count": 3,
            "created_time": "2024-08-16T19:54:59.73431Z",
            "yes_price": 97,
            "no_price": 3,
            "taker_side": "yes"
        },
        {
            "trade_id": "15aefc0e-3a40-4cfc-a1c7-512979ed57c6",
            "ticker": "HIGHNY-24AUG16-B86.5",
            "count": 26,
            "created_time": "2024-08-16T19:54:59.73431Z",
            "yes_price": 88,
            "no_price": 12,
            "taker_side": "yes"
        },
        {
            "trade_id": "3bf994bb-51aa-43fa-b55a-a39850e6c99f",
            "ticker": "HIGHNY-24AUG16-B86.5",
            "count": 11,
            "created_time": "2024-08-16T15:48:11.180018Z",
            "yes_price": 88,
            "no_price": 12,
            "taker_side": "yes"
        },
        {
            "trade_id": "b9a27873-4596-4344-8a76-9eaff24d5bb1",
            "ticker": "HIGHNY-24AUG16-B86.5",
            "count": 5,
            "created_time": "2024-08-16T14:54:04.873913Z",
            "yes_price": 40,
            "no_price": 60,
            "taker_side": "no"
        },
        {
            "trade_id": "45920b89-fe80-4fa4-aea4-84840a56cfa6",
            "ticker": "HIGHNY-24AUG16-B86.5",
            "count": 24,
            "created_time": "2024-08-16T14:54:04.873913Z",
            "yes_price": 33,
            "no_price": 67,
            "taker_side": "no"
        },
        {
            "trade_id": "b7e83ff6-5086-4309-9210-085878bf7f42",
            "ticker": "HIGHNY-24AUG16-B86.5",
            "count": 1,
            "created_time": "2024-08-16T14:47:06.727172Z",
            "yes_price": 35,
            "no_price": 65,
            "taker_side": "no"
        },
        {
            "trade_id": "1ef4b17f-8869-4125-bd3b-479eb7d8b7de",
            "ticker": "HIGHNY-24AUG16-B86.5",
            "count": 6,
            "created_time": "2024-08-16T14:47:06.727172Z",
            "yes_price": 1,
            "no_price": 99,
            "taker_side": "no"
        },
        {
            "trade_id": "1a0be27b-565c-438e-a872-460729d8c752",
            "ticker": "HIGHNY-24AUG16-B86.5",
            "count": 97,
            "created_time": "2024-08-16T14:47:06.727172Z",
            "yes_price": 58,
            "no_price": 42,
            "taker_side": "no"
        },
        {
            "trade_id": "41513197-a9dc-487a-8af9-e3d394420336",
            "ticker": "HIGHNY-24AUG16-B86.5",
            "count": 1,
            "created_time": "2024-08-16T14:46:53.751882Z",
            "yes_price": 58,
            "no_price": 42,
            "taker_side": "no"
        },
        {
            "trade_id": "e07257d0-2ada-48b4-8e9d-255353430f90",
            "ticker": "HIGHNY-24AUG16-B86.5",
            "count": 2,
            "created_time": "2024-08-16T14:18:28.114783Z",
            "yes_price": 72,
            "no_price": 28,
            "taker_side": "yes"
        },
        {
            "trade_id": "69cc5f66-5661-4bfd-9c5c-c8a93f1dd925",
            "ticker": "HIGHNY-24AUG16-B86.5",
            "count": 10,
            "created_time": "2024-08-16T13:50:09.644832Z",
            "yes_price": 64,
            "no_price": 36,
            "taker_side": "yes"
        },
        {
            "trade_id": "cc503a7b-8db2-4590-86e2-7f9496359543",
            "ticker": "HIGHNY-24AUG16-B86.5",
            "count": 7,
            "created_time": "2024-08-16T13:35:38.685061Z",
            "yes_price": 66,
            "no_price": 34,
            "taker_side": "yes"
        },
        {
            "trade_id": "1e0738ba-be53-460f-b8f4-d611d8e93a5b",
            "ticker": "HIGHNY-24AUG16-B86.5",
            "count": 1,
            "created_time": "2024-08-16T13:24:16.513522Z",
            "yes_price": 66,
            "no_price": 34,
            "taker_side": "yes"
        },
        {
            "trade_id": "c7f817d6-43c1-4dcc-8fb1-52096fc25f97",
            "ticker": "HIGHNY-24AUG16-B86.5",
            "count": 1,
            "created_time": "2024-08-16T13:14:28.763493Z",
            "yes_price": 56,
            "no_price": 44,
            "taker_side": "no"
        },
        {
            "trade_id": "14321efe-d6dc-4271-acf4-8d7692d49e20",
            "ticker": "HIGHNY-24AUG16-B86.5",
            "count": 1,
            "created_time": "2024-08-16T13:13:58.767093Z",
            "yes_price": 56,
            "no_price": 44,
            "taker_side": "no"
        },
        {
            "trade_id": "4cc4166b-4433-45cc-b3ce-145bb1174aa6",
            "ticker": "HIGHNY-24AUG16-B86.5",
            "count": 2,
            "created_time": "2024-08-16T13:13:28.970196Z",
            "yes_price": 56,
            "no_price": 44,
            "taker_side": "no"
        },
        {
            "trade_id": "ec406157-169e-4188-a2d9-e011fd75d536",
            "ticker": "HIGHNY-24AUG16-B86.5",
            "count": 2,
            "created_time": "2024-08-16T13:12:58.784741Z",
            "yes_price": 56,
            "no_price": 44,
            "taker_side": "no"
        },
        {
            "trade_id": "5bdb3798-9e53-45f3-ba92-ba691c646daa",
            "ticker": "HIGHNY-24AUG16-B86.5",
            "count": 2,
            "created_time": "2024-08-16T13:12:28.805908Z",
            "yes_price": 56,
            "no_price": 44,
            "taker_side": "no"
        },
        {
            "trade_id": "73336ca1-d313-48a9-935e-3fa91088e12a",
            "ticker": "HIGHNY-24AUG16-B86.5",
            "count": 2,
            "created_time": "2024-08-16T13:04:37.081438Z",
            "yes_price": 56,
            "no_price": 44,
            "taker_side": "yes"
        },
        {
            "trade_id": "f1474a02-11b4-4d6c-883c-b97b92d7d722",
            "ticker": "HIGHNY-24AUG16-B86.5",
            "count": 10,
            "created_time": "2024-08-16T12:00:03.59052Z",
            "yes_price": 50,
            "no_price": 50,
            "taker_side": "yes"
        },
        {
            "trade_id": "c4c61263-0caf-4b30-86b8-d2e382db5a4c",
            "ticker": "HIGHNY-24AUG16-B86.5",
            "count": 18,
            "created_time": "2024-08-16T00:16:53.437457Z",
            "yes_price": 51,
            "no_price": 49,
            "taker_side": "yes"
        },
        {
            "trade_id": "24ab7266-1d55-49c4-aeaa-d3d2f9e8d35e",
            "ticker": "HIGHNY-24AUG16-B86.5",
            "count": 12,
            "created_time": "2024-08-15T22:02:19.860277Z",
            "yes_price": 53,
            "no_price": 47,
            "taker_side": "yes"
        },
        {
            "trade_id": "1fac85b7-7986-4737-8443-791add9e909b",
            "ticker": "HIGHNY-24AUG16-B86.5",
            "count": 25,
            "created_time": "2024-08-15T22:02:19.860277Z",
            "yes_price": 50,
            "no_price": 50,
            "taker_side": "yes"
        },
        {
            "trade_id": "7b1bd146-5904-4beb-b4f7-b91a245bc53c",
            "ticker": "HIGHNY-24AUG16-B86.5",
            "count": 90,
            "created_time": "2024-08-15T19:29:16.997631Z",
            "yes_price": 41,
            "no_price": 59,
            "taker_side": "yes"
        },
        {
            "trade_id": "9150ee44-8f2e-4f5f-abb1-428eb08cefa0",
            "ticker": "HIGHNY-24AUG16-B86.5",
            "count": 180,
            "created_time": "2024-08-15T19:28:56.877286Z",
            "yes_price": 40,
            "no_price": 60,
            "taker_side": "yes"
        },
        {
            "trade_id": "1eb0be2d-dde2-4955-81a1-baefe58c04bb",
            "ticker": "HIGHNY-24AUG16-B86.5",
            "count": 18,
            "created_time": "2024-08-15T19:28:56.877286Z",
            "yes_price": 38,
            "no_price": 62,
            "taker_side": "yes"
        },
        {
            "trade_id": "9fab0b17-d6e5-490f-9829-97fd13927abc",
            "ticker": "HIGHNY-24AUG16-B86.5",
            "count": 1,
            "created_time": "2024-08-15T17:30:29.358327Z",
            "yes_price": 41,
            "no_price": 59,
            "taker_side": "no"
        },
        {
            "trade_id": "a910d35f-aab4-44fb-88dd-229a14a0df64",
            "ticker": "HIGHNY-24AUG16-B86.5",
            "count": 18,
            "created_time": "2024-08-15T16:24:08.622473Z",
            "yes_price": 35,
            "no_price": 65,
            "taker_side": "no"
        },
        {
            "trade_id": "3c0b4d87-d73b-4a56-8af5-60376def1f8a",
            "ticker": "HIGHNY-24AUG16-B86.5",
            "count": 15,
            "created_time": "2024-08-15T15:12:32.910244Z",
            "yes_price": 32,
            "no_price": 68,
            "taker_side": "yes"
        },
        {
            "trade_id": "45dfc7f4-851e-430f-804b-681ef4ed4308",
            "ticker": "HIGHNY-24AUG16-B86.5",
            "count": 18,
            "created_time": "2024-08-15T14:28:22.751904Z",
            "yes_price": 31,
            "no_price": 69,
            "taker_side": "yes"
        },
        {
            "trade_id": "bd7a4304-d6bf-4438-bd4f-1b794a773b12",
            "ticker": "HIGHNY-24AUG16-B86.5",
            "count": 180,
            "created_time": "2024-08-15T14:26:36.636156Z",
            "yes_price": 32,
            "no_price": 68,
            "taker_side": "yes"
        },
        {
            "trade_id": "66818b63-010d-478f-90c4-fad1899d9341",
            "ticker": "HIGHNY-24AUG16-B86.5",
            "count": 36,
            "created_time": "2024-08-15T14:26:36.636156Z",
            "yes_price": 30,
            "no_price": 70,
            "taker_side": "yes"
        },
        {
            "trade_id": "f2c848fe-3535-4248-a758-3642066438c3",
            "ticker": "HIGHNY-24AUG16-B86.5",
            "count": 3,
            "created_time": "2024-08-15T14:22:02.304053Z",
            "yes_price": 28,
            "no_price": 72,
            "taker_side": "yes"
        },
        {
            "trade_id": "96d33db7-db50-43e7-bd85-92b8c6f7ce1c",
            "ticker": "HIGHNY-24AUG16-B86.5",
            "count": 180,
            "created_time": "2024-08-15T14:20:03.914094Z",
            "yes_price": 32,
            "no_price": 68,
            "taker_side": "yes"
        },
        {
            "trade_id": "69e78f17-17c3-4cc2-8925-a6a65aec4a34",
            "ticker": "HIGHNY-24AUG16-B86.5",
            "count": 180,
            "created_time": "2024-08-15T14:20:03.914094Z",
            "yes_price": 34,
            "no_price": 66,
            "taker_side": "yes"
        },
        {
            "trade_id": "59c06146-29bf-4727-a29f-1a34222477f6",
            "ticker": "HIGHNY-24AUG16-B86.5",
            "count": 36,
            "created_time": "2024-08-15T14:20:03.914094Z",
            "yes_price": 30,
            "no_price": 70,
            "taker_side": "yes"
        }
    ],
    "HIGHNY-24AUG16-B88.5": [
        {
            "trade_id": "8434af36-023c-4527-9c95-b2232648f26c",
            "ticker": "HIGHNY-24AUG16-B88.5",
            "count": 650,
            "created_time": "2024-08-17T00:16:41.569844Z",
            "yes_price": 3,
            "no_price": 97,
            "taker_side": "yes"
        },
        {
            "trade_id": "f9f5fca4-b9df-4547-9f88-1fa28d3bb62d",
            "ticker": "HIGHNY-24AUG16-B88.5",
            "count": 19,
            "created_time": "2024-08-16T20:56:37.869399Z",
            "yes_price": 1,
            "no_price": 99,
            "taker_side": "no"
        },
        {
            "trade_id": "2c959b5f-b8b2-49f3-89f5-c4cd805f5dea",
            "ticker": "HIGHNY-24AUG16-B88.5",
            "count": 14,
            "created_time": "2024-08-16T20:07:47.545097Z",
            "yes_price": 1,
            "no_price": 99,
            "taker_side": "no"
        },
        {
            "trade_id": "301fe915-14ab-4a71-bf3e-f07a725b9726",
            "ticker": "HIGHNY-24AUG16-B88.5",
            "count": 17,
            "created_time": "2024-08-16T19:58:35.222525Z",
            "yes_price": 1,
            "no_price": 99,
            "taker_side": "no"
        },
        {
            "trade_id": "cf2d06ca-20fb-42d2-b60e-45182cec0eb4",
            "ticker": "HIGHNY-24AUG16-B88.5",
            "count": 9,
            "created_time": "2024-08-16T15:55:57.643109Z",
            "yes_price": 50,
            "no_price": 50,
            "taker_side": "yes"
        },
        {
            "trade_id": "22049bf2-b1f0-4608-89d8-be030733447e",
            "ticker": "HIGHNY-24AUG16-B88.5",
            "count": 1,
            "created_time": "2024-08-16T15:16:34.910491Z",
            "yes_price": 33,
            "no_price": 67,
            "taker_side": "no"
        },
        {
            "trade_id": "fbaeba31-9908-4fbe-824b-e2b83a153f79",
            "ticker": "HIGHNY-24AUG16-B88.5",
            "count": 8,
            "created_time": "2024-08-16T14:15:47.000241Z",
            "yes_price": 32,
            "no_price": 68,
            "taker_side": "yes"
        },
        {
            "trade_id": "8bf2a6b7-ba4e-4349-b25c-341f60646b87",
            "ticker": "HIGHNY-24AUG16-B88.5",
            "count": 32,
            "created_time": "2024-08-16T14:01:13.038973Z",
            "yes_price": 36,
            "no_price": 64,
            "taker_side": "yes"
        },
        {
            "trade_id": "822bd8cb-43cf-4b7e-9fae-e20ecebdc316",
            "ticker": "HIGHNY-24AUG16-B88.5",
            "count": 18,
            "created_time": "2024-08-16T14:01:13.038973Z",
            "yes_price": 34,
            "no_price": 66,
            "taker_side": "yes"
        },
        {
            "trade_id": "6fe286f0-c537-46cd-8c1e-1070b21c1b78",
            "ticker": "HIGHNY-24AUG16-B88.5",
            "count": 8,
            "created_time": "2024-08-16T13:44:55.851809Z",
            "yes_price": 35,
            "no_price": 65,
            "taker_side": "yes"
        },
        {
            "trade_id": "b75bbb79-b066-4bd8-b629-fd5a051fe0b4",
            "ticker": "HIGHNY-24AUG16-B88.5",
            "count": 23,
            "created_time": "2024-08-16T13:42:38.963476Z",
            "yes_price": 28,
            "no_price": 72,
            "taker_side": "no"
        },
        {
            "trade_id": "23e7e51f-23a4-480e-b356-661740a1a714",
            "ticker": "HIGHNY-24AUG16-B88.5",
            "count": 5,
            "created_time": "2024-08-16T13:40:46.015589Z",
            "yes_price": 36,
            "no_price": 64,
            "taker_side": "yes"
        },
        {
            "trade_id": "a29880ce-d0e5-4b7b-afe9-ab1737297333",
            "ticker": "HIGHNY-24AUG16-B88.5",
            "count": 21,
            "created_time": "2024-08-16T13:39:21.252962Z",
            "yes_price": 36,
            "no_price": 64,
            "taker_side": "yes"
        },
        {
            "trade_id": "691de0ac-4753-43a8-8ada-2e5c641980bb",
            "ticker": "HIGHNY-24AUG16-B88.5",
            "count": 90,
            "created_time": "2024-08-16T13:39:21.252962Z",
            "yes_price": 34,
            "no_price": 66,
            "taker_side": "yes"
        },
        {
            "trade_id": "a74d5c4b-c0e6-484a-9849-5920aa4706e7",
            "ticker": "HIGHNY-24AUG16-B88.5",
            "count": 70,
            "created_time": "2024-08-16T13:32:21.301877Z",
            "yes_price": 33,
            "no_price": 67,
            "taker_side": "yes"
        },
        {
            "trade_id": "206ce874-01cc-413a-8a0a-01330d46b164",
            "ticker": "HIGHNY-24AUG16-B88.5",
            "count": 2,
            "created_time": "2024-08-16T13:32:21.301877Z",
            "yes_price": 35,
            "no_price": 65,
            "taker_side": "yes"
        },
        {
            "trade_id": "1c565b27-4e82-4c4a-90a2-3237a7b4aa7e",
            "ticker": "HIGHNY-24AUG16-B88.5",
            "count": 2,
            "created_time": "2024-08-16T13:24:21.763151Z",
            "yes_price": 33,
            "no_price": 67,
            "taker_side": "yes"
        },
        {
            "trade_id": "ee736f64-59a8-4dd2-a8cf-ce38324a5457",
            "ticker": "HIGHNY-24AUG16-B88.5",
            "count": 1,
            "created_time": "2024-08-16T13:11:35.545782Z",
            "yes_price": 25,
            "no_price": 75,
            "taker_side": "no"
        },
        {
            "trade_id": "e4abbc49-6e46-437b-b3d9-5cfba60f86bb",
            "ticker": "HIGHNY-24AUG16-B88.5",
            "count": 3,
            "created_time": "2024-08-16T13:08:36.117971Z",
            "yes_price": 33,
            "no_price": 67,
            "taker_side": "no"
        },
        {
            "trade_id": "deae2949-89f3-4535-865a-f6975e375889",
            "ticker": "HIGHNY-24AUG16-B88.5",
            "count": 15,
            "created_time": "2024-08-16T12:45:28.095761Z",
            "yes_price": 37,
            "no_price": 63,
            "taker_side": "yes"
        },
        {
            "trade_id": "0cde8541-c38e-4ed8-9d3a-a9fd53a26b2b",
            "ticker": "HIGHNY-24AUG16-B88.5",
            "count": 2,
            "created_time": "2024-08-16T12:44:31.296192Z",
            "yes_price": 37,
            "no_price": 63,
            "taker_side": "no"
        },
        {
            "trade_id": "3d97042a-4de4-4109-a6ba-7cab408aada8",
            "ticker": "HIGHNY-24AUG16-B88.5",
            "count": 14,
            "created_time": "2024-08-16T01:00:21.37917Z",
            "yes_price": 33,
            "no_price": 67,
            "taker_side": "yes"
        },
        {
            "trade_id": "96e2e90b-fdd2-4aa9-84f2-23e9366f4a07",
            "ticker": "HIGHNY-24AUG16-B88.5",
            "count": 7,
            "created_time": "2024-08-15T22:02:02.0681Z",
            "yes_price": 33,
            "no_price": 67,
            "taker_side": "yes"
        },
        {
            "trade_id": "0e746481-1e74-4eef-b6fd-96204300b5bf",
            "ticker": "HIGHNY-24AUG16-B88.5",
            "count": 54,
            "created_time": "2024-08-15T22:02:02.0681Z",
            "yes_price": 31,
            "no_price": 69,
            "taker_side": "yes"
        },
        {
            "trade_id": "038acdf7-1a2e-40ca-88fd-cba6003e18b5",
            "ticker": "HIGHNY-24AUG16-B88.5",
            "count": 1,
            "created_time": "2024-08-15T18:35:24.542975Z",
            "yes_price": 31,
            "no_price": 69,
            "taker_side": "no"
        },
        {
            "trade_id": "ca2a00ff-91d4-4214-823b-e1518862a41e",
            "ticker": "HIGHNY-24AUG16-B88.5",
            "count": 72,
            "created_time": "2024-08-15T15:49:50.564168Z",
            "yes_price": 36,
            "no_price": 64,
            "taker_side": "no"
        },
        {
            "trade_id": "9dcb0c46-c1fe-4f51-bf2e-cf02eedb4d75",
            "ticker": "HIGHNY-24AUG16-B88.5",
            "count": 108,
            "created_time": "2024-08-15T15:49:50.564168Z",
            "yes_price": 34,
            "no_price": 66,
            "taker_side": "no"
        },
        {
            "trade_id": "a14a4e5c-fbe4-40e9-ac26-68ba30fc141c",
            "ticker": "HIGHNY-24AUG16-B88.5",
            "count": 16,
            "created_time": "2024-08-15T15:46:26.284763Z",
            "yes_price": 39,
            "no_price": 61,
            "taker_side": "no"
        },
        {
            "trade_id": "59837d04-87db-4f81-82d6-ba5d73184ccf",
            "ticker": "HIGHNY-24AUG16-B88.5",
            "count": 60,
            "created_time": "2024-08-15T15:46:26.284763Z",
            "yes_price": 42,
            "no_price": 58,
            "taker_side": "no"
        },
        {
            "trade_id": "1edcafc3-810e-4c35-9456-5cf0f0fbaca8",
            "ticker": "HIGHNY-24AUG16-B88.5",
            "count": 24,
            "created_time": "2024-08-15T15:46:26.284763Z",
            "yes_price": 44,
            "no_price": 56,
            "taker_side": "no"
        },
        {
            "trade_id": "c3f5e08f-3101-452e-977d-da25a74982a4",
            "ticker": "HIGHNY-24AUG16-B88.5",
            "count": 172,
            "created_time": "2024-08-15T15:45:47.437734Z",
            "yes_price": 44,
            "no_price": 56,
            "taker_side": "no"
        },
        {
            "trade_id": "74bf5a56-8b92-4188-8f44-c7abd5a05c8f",
            "ticker": "HIGHNY-24AUG16-B88.5",
            "count": 18,
            "created_time": "2024-08-15T15:45:47.437734Z",
            "yes_price": 49,
            "no_price": 51,
            "taker_side": "no"
        },
        {
            "trade_id": "3e437b39-28ed-4688-a732-65aa60c3f047",
            "ticker": "HIGHNY-24AUG16-B88.5",
            "count": 180,
            "created_time": "2024-08-15T15:45:47.437734Z",
            "yes_price": 47,
            "no_price": 53,
            "taker_side": "no"
        },
        {
            "trade_id": "d701fc61-6d4b-4f32-9032-4cadeb1a5972",
            "ticker": "HIGHNY-24AUG16-B88.5",
            "count": 180,
            "created_time": "2024-08-15T15:45:16.242131Z",
            "yes_price": 49,
            "no_price": 51,
            "taker_side": "no"
        },
        {
            "trade_id": "6bcf56a6-ad39-4d0a-82dd-1e780bfcc788",
            "ticker": "HIGHNY-24AUG16-B88.5",
            "count": 36,
            "created_time": "2024-08-15T15:45:16.242131Z",
            "yes_price": 47,
            "no_price": 53,
            "taker_side": "no"
        },
        {
            "trade_id": "2e5e374c-6f8a-416e-a310-8adecfcd9be5",
            "ticker": "HIGHNY-24AUG16-B88.5",
            "count": 54,
            "created_time": "2024-08-15T15:45:16.242131Z",
            "yes_price": 52,
            "no_price": 48,
            "taker_side": "no"
        },
        {
            "trade_id": "8351ac61-1bfd-4b6a-aa19-03a5a1366bfb",
            "ticker": "HIGHNY-24AUG16-B88.5",
            "count": 90,
            "created_time": "2024-08-15T15:36:36.804979Z",
            "yes_price": 52,
            "no_price": 48,
            "taker_side": "yes"
        },
        {
            "trade_id": "602e8d89-1e2a-40c0-b7cc-be67bd492e58",
            "ticker": "HIGHNY-24AUG16-B88.5",
            "count": 180,
            "created_time": "2024-08-15T15:36:36.804979Z",
            "yes_price": 54,
            "no_price": 46,
            "taker_side": "yes"
        },
        {
            "trade_id": "3c8cbbc3-0713-4457-8399-bf62dd2b0e85",
            "ticker": "HIGHNY-24AUG16-B88.5",
            "count": 15,
            "created_time": "2024-08-15T15:12:24.466878Z",
            "yes_price": 51,
            "no_price": 49,
            "taker_side": "yes"
        },
        {
            "trade_id": "dc092a90-2b5d-4fc4-9893-bd7d01213f24",
            "ticker": "HIGHNY-24AUG16-B88.5",
            "count": 44,
            "created_time": "2024-08-15T14:40:48.798877Z",
            "yes_price": 53,
            "no_price": 47,
            "taker_side": "yes"
        },
        {
            "trade_id": "d5d8ad8e-4f3b-4507-898c-75c4ba5cb88c",
            "ticker": "HIGHNY-24AUG16-B88.5",
            "count": 72,
            "created_time": "2024-08-15T14:40:48.798877Z",
            "yes_price": 50,
            "no_price": 50,
            "taker_side": "yes"
        },
        {
            "trade_id": "86e6bc24-aa8d-4e90-a77e-899ed4d0d77a",
            "ticker": "HIGHNY-24AUG16-B88.5",
            "count": 25,
            "created_time": "2024-08-15T14:40:48.798877Z",
            "yes_price": 52,
            "no_price": 48,
            "taker_side": "yes"
        },
        {
            "trade_id": "658c8826-a846-4120-8607-23ede3bd97b7",
            "ticker": "HIGHNY-24AUG16-B88.5",
            "count": 72,
            "created_time": "2024-08-15T14:28:09.36274Z",
            "yes_price": 48,
            "no_price": 52,
            "taker_side": "yes"
        },
        {
            "trade_id": "91a03063-09ca-4364-b571-886f239941fd",
            "ticker": "HIGHNY-24AUG16-B88.5",
            "count": 90,
            "created_time": "2024-08-15T14:27:36.743133Z",
            "yes_price": 47,
            "no_price": 53,
            "taker_side": "yes"
        },
        {
            "trade_id": "29fc086c-3fd8-449b-9daf-154b84f9069a",
            "ticker": "HIGHNY-24AUG16-B88.5",
            "count": 72,
            "created_time": "2024-08-15T14:27:12.501465Z",
            "yes_price": 46,
            "no_price": 54,
            "taker_side": "yes"
        },
        {
            "trade_id": "95c36969-0493-4ce1-a934-831a3f9f41cf",
            "ticker": "HIGHNY-24AUG16-B88.5",
            "count": 36,
            "created_time": "2024-08-15T14:24:31.31516Z",
            "yes_price": 45,
            "no_price": 55,
            "taker_side": "yes"
        },
        {
            "trade_id": "5e26e6d5-7f99-4054-9f50-7f0f5cc96040",
            "ticker": "HIGHNY-24AUG16-B88.5",
            "count": 21,
            "created_time": "2024-08-15T14:22:07.452864Z",
            "yes_price": 45,
            "no_price": 55,
            "taker_side": "yes"
        },
        {
            "trade_id": "8053d7b0-0a64-426e-8f67-6b86fb1170f8",
            "ticker": "HIGHNY-24AUG16-B88.5",
            "count": 3,
            "created_time": "2024-08-15T14:21:58.106614Z",
            "yes_price": 45,
            "no_price": 55,
            "taker_side": "yes"
        },
        {
            "trade_id": "dd4e7db8-17bb-4dbc-9e6a-8193ce1fa5c8",
            "ticker": "HIGHNY-24AUG16-B88.5",
            "count": 18,
            "created_time": "2024-08-15T14:20:39.750821Z",
            "yes_price": 38,
            "no_price": 62,
            "taker_side": "yes"
        },
        {
            "trade_id": "606ea6a7-925e-4f7c-ad45-dd2be76fc7e4",
            "ticker": "HIGHNY-24AUG16-B88.5",
            "count": 180,
            "created_time": "2024-08-15T14:20:39.750821Z",
            "yes_price": 40,
            "no_price": 60,
            "taker_side": "yes"
        },
        {
            "trade_id": "d939d52f-eef9-4c33-b140-13b9349e819c",
            "ticker": "HIGHNY-24AUG16-B88.5",
            "count": 123,
            "created_time": "2024-08-15T14:20:28.944505Z",
            "yes_price": 40,
            "no_price": 60,
            "taker_side": "yes"
        },
        {
            "trade_id": "7f272ca3-a176-4d7a-9e2c-f09d0d08e822",
            "ticker": "HIGHNY-24AUG16-B88.5",
            "count": 29,
            "created_time": "2024-08-15T14:20:28.944505Z",
            "yes_price": 38,
            "no_price": 62,
            "taker_side": "yes"
        },
        {
            "trade_id": "321dc58e-e4c4-45f0-af64-6982a4eaff19",
            "ticker": "HIGHNY-24AUG16-B88.5",
            "count": 25,
            "created_time": "2024-08-15T14:20:25.06543Z",
            "yes_price": 38,
            "no_price": 62,
            "taker_side": "yes"
        },
        {
            "trade_id": "4d4c001e-c7f3-4e21-8c0c-c80c1c280eea",
            "ticker": "HIGHNY-24AUG16-B88.5",
            "count": 23,
            "created_time": "2024-08-15T14:20:13.978277Z",
            "yes_price": 40,
            "no_price": 60,
            "taker_side": "yes"
        },
        {
            "trade_id": "02840dae-5cd8-4a62-ac11-bcace1dab16f",
            "ticker": "HIGHNY-24AUG16-B88.5",
            "count": 24,
            "created_time": "2024-08-15T14:19:12.394183Z",
            "yes_price": 39,
            "no_price": 61,
            "taker_side": "yes"
        },
        {
            "trade_id": "8e81caac-19ac-4e39-b05d-0afd9acdc744",
            "ticker": "HIGHNY-24AUG16-B88.5",
            "count": 24,
            "created_time": "2024-08-15T14:19:07.111654Z",
            "yes_price": 39,
            "no_price": 61,
            "taker_side": "yes"
        },
        {
            "trade_id": "4fbdd5ee-b6bd-4465-84d5-8277676b90ac",
            "ticker": "HIGHNY-24AUG16-B88.5",
            "count": 24,
            "created_time": "2024-08-15T14:19:00.962388Z",
            "yes_price": 39,
            "no_price": 61,
            "taker_side": "yes"
        },
        {
            "trade_id": "2cbcc89d-8f92-461a-81df-d43bc1d06e92",
            "ticker": "HIGHNY-24AUG16-B88.5",
            "count": 24,
            "created_time": "2024-08-15T14:18:51.930135Z",
            "yes_price": 39,
            "no_price": 61,
            "taker_side": "yes"
        },
        {
            "trade_id": "b964c10a-2f19-4c66-b706-abdc499f2e6e",
            "ticker": "HIGHNY-24AUG16-B88.5",
            "count": 11,
            "created_time": "2024-08-15T14:17:19.4937Z",
            "yes_price": 38,
            "no_price": 62,
            "taker_side": "yes"
        },
        {
            "trade_id": "508df036-74ab-4cf8-938b-7880f036ff84",
            "ticker": "HIGHNY-24AUG16-B88.5",
            "count": 13,
            "created_time": "2024-08-15T14:17:19.4937Z",
            "yes_price": 40,
            "no_price": 60,
            "taker_side": "yes"
        },
        {
            "trade_id": "63239cae-c9dd-46c2-a5a5-9f544db3a92e",
            "ticker": "HIGHNY-24AUG16-B88.5",
            "count": 25,
            "created_time": "2024-08-15T14:16:59.567171Z",
            "yes_price": 38,
            "no_price": 62,
            "taker_side": "yes"
        }
    ],
    "HIGHNY-24AUG16-B90.5": [
        {
            "trade_id": "09c6c6b1-a358-46a1-b703-b99b136e59e9",
            "ticker": "HIGHNY-24AUG16-B90.5",
            "count": 50,
            "created_time": "2024-08-16T18:46:27.889477Z",
            "yes_price": 1,
            "no_price": 99,
            "taker_side": "no"
        },
        {
            "trade_id": "984f88ff-5cbf-4071-9957-8467f76b47e7",
            "ticker": "HIGHNY-24AUG16-B90.5",
            "count": 1,
            "created_time": "2024-08-16T15:55:40.528939Z",
            "yes_price": 2,
            "no_price": 98,
            "taker_side": "no"
        }
    ],
    "HIGHNY-24AUG16-T91": [
        {
            "trade_id": "f5a0fbe1-a40b-4114-a066-3fdcaa3002f0",
            "ticker": "HIGHNY-24AUG16-T91",
            "count": 50,
            "created_time": "2024-08-16T13:27:56.203089Z",
            "yes_price": 1,
            "no_price": 99,
            "taker_side": "no"
        }
    ]
}