{
    "HIGHNY-24MAR27-T52": [
        {
            "trade_id": "b757d57b-4bf1-4278-b94d-5c0ccd65484e",
            "ticker": "HIGHNY-24MAR27-T52",
            "count": 312,
            "created_time": "2024-03-28T03:42:19.646463Z",
            "yes_price": 3,
            "no_price": 97,
            "taker_side": "yes"
        },
        {
            "trade_id": "f1130946-06e1-4f1b-9783-1c2f7df11be3",
            "ticker": "HIGHNY-24MAR27-T52",
            "count": 156,
            "created_time": "2024-03-28T03:33:40.255276Z",
            "yes_price": 3,
            "no_price": 97,
            "taker_side": "yes"
        },
        {
            "trade_id": "eca3fab4-8824-4725-8dbf-ddc3bd490824",
            "ticker": "HIGHNY-24MAR27-T52",
            "count": 298,
            "created_time": "2024-03-28T02:13:48.440238Z",
            "yes_price": 3,
            "no_price": 97,
            "taker_side": "yes"
        },
        {
            "trade_id": "c20d66f4-9d11-4cee-8e93-990af13d46b6",
            "ticker": "HIGHNY-24MAR27-T52",
            "count": 312,
            "created_time": "2024-03-28T01:30:13.900192Z",
            "yes_price": 3,
            "no_price": 97,
            "taker_side": "yes"
        },
        {
            "trade_id": "53507b86-5587-4661-9976-b27535e44d19",
            "ticker": "HIGHNY-24MAR27-T52",
            "count": 1,
            "created_time": "2024-03-27T21:40:52.390781Z",
            "yes_price": 1,
            "no_price": 99,
            "taker_side": "no"
        },
        {
            "trade_id": "b482c09d-3d5e-442f-bf58-76ac9dc1fb9f",
            "ticker": "HIGHNY-24MAR27-T52",
            "count": 156,
            "created_time": "2024-03-27T21:40:13.447133Z",
            "yes_price": 3,
            "no_price": 97,
            "taker_side": "yes"
        },
        {
            "trade_id": "e08cef1d-11c5-4d5a-a67c-e58bb8024836",
            "ticker": "HIGHNY-24MAR27-T52",
            "count": 7,
            "created_time": "2024-03-27T20:11:27.730662Z",
            "yes_price": 1,
            "no_price": 99,
            "taker_side": "no"
        },
        {
            "trade_id": "102defdf-3768-4609-9aff-476fb33c2ebc",
            "ticker": "HIGHNY-24MAR27-T52",
            "count": 42,
            "created_time": "2024-03-27T19:34:30.758451Z",
            "yes_price": 1,
            "no_price": 99,
            "taker_side": "no"
        },
        {
            "trade_id": "597d29a7-c0ba-43af-bc39-f08377ea45b6",
            "ticker": "HIGHNY-24MAR27-T52",
            "count": 312,
            "created_time": "2024-03-27T19:15:45.975749Z",
            "yes_price": 3,
            "no_price": 97,
            "taker_side": "yes"
        },
        {
            "trade_id": "5e6d1684-9ef6-41f2-9280-f1ec3f4daece",
            "ticker": "HIGHNY-24MAR27-T52",
            "count": 10,
            "created_time": "2024-03-27T18:52:04.106615Z",
            "yes_price": 99,
            "no_price": 1,
            "taker_side": "yes"
        },
        {
            "trade_id": "9dbae6e4-68b0-4732-865b-a8190e20399e",
            "ticker": "HIGHNY-24MAR27-T52",
            "count": 1,
            "created_time": "2024-03-27T18:39:12.807311Z",
            "yes_price": 1,
            "no_price": 99,
            "taker_side": "yes"
        },
        {
            "trade_id": "227e3ddd-0b4d-4ae5-9a0c-808662fadbe9",
            "ticker": "HIGHNY-24MAR27-T52",
            "count": 910,
            "created_time": "2024-03-27T18:39:12.807311Z",
            "yes_price": 1,
            "no_price": 99,
            "taker_side": "yes"
        },
        {
            "trade_id": "2a573339-61ec-4599-bc7c-632e547ad586",
            "ticker": "HIGHNY-24MAR27-T52",
            "count": 1,
            "created_time": "2024-03-27T17:57:11.265459Z",
            "yes_price": 1,
            "no_price": 99,
            "taker_side": "yes"
        },
        {
            "trade_id": "9656bfb0-86c5-4151-827f-e3b11a1737b3",
            "ticker": "HIGHNY-24MAR27-T52",
            "count": 89,
            "created_time": "2024-03-27T17:52:59.877404Z",
            "yes_price": 1,
            "no_price": 99,
            "taker_side": "no"
        },
        {
            "trade_id": "fd6823b6-72cb-4b72-a48d-acc4d9caac31",
            "ticker": "HIGHNY-24MAR27-T52",
            "count": 1,
            "created_time": "2024-03-27T17:49:17.133229Z",
            "yes_price": 10,
            "no_price": 90,
            "taker_side": "yes"
        },
        {
            "trade_id": "7c061de5-402a-49c9-9ec0-647ffcdd5ba8",
            "ticker": "HIGHNY-24MAR27-T52",
            "count": 1,
            "created_time": "2024-03-27T17:49:17.133229Z",
            "yes_price": 10,
            "no_price": 90,
            "taker_side": "yes"
        },
        {
            "trade_id": "2262b196-5b34-4e3d-94c1-00e631595255",
            "ticker": "HIGHNY-24MAR27-T52",
            "count": 1,
            "created_time": "2024-03-27T17:49:17.133229Z",
            "yes_price": 10,
            "no_price": 90,
            "taker_side": "yes"
        },
        {
            "trade_id": "0f68df6e-089d-49fa-a2cf-4bc29a51c46c",
            "ticker": "HIGHNY-24MAR27-T52",
            "count": 1,
            "created_time": "2024-03-27T17:49:17.133229Z",
            "yes_price": 10,
            "no_price": 90,
            "taker_side": "yes"
        },
        {
            "trade_id": "e4d8696b-098a-4d11-8c78-08b75f745aa2",
            "ticker": "HIGHNY-24MAR27-T52",
            "count": 10,
            "created_time": "2024-03-27T17:12:04.487929Z",
            "yes_price": 1,
            "no_price": 99,
            "taker_side": "no"
        },
        {
            "trade_id": "5d0dcfd7-02a7-425a-a3ea-68ba967128cd",
            "ticker": "HIGHNY-24MAR27-T52",
            "count": 35,
            "created_time": "2024-03-27T14:54:28.189964Z",
            "yes_price": 6,
            "no_price": 94,
            "taker_side": "no"
        },
        {
            "trade_id": "e45b17c2-4392-4c75-a0ab-640e3c766669",
            "ticker": "HIGHNY-24MAR27-T52",
            "count": 35,
            "created_time": "2024-03-27T14:53:36.412128Z",
            "yes_price": 7,
            "no_price": 93,
            "taker_side": "no"
        },
        {
            "trade_id": "8eaf6ae9-297f-44d2-a243-b95df7c1c465",
            "ticker": "HIGHNY-24MAR27-T52",
            "count": 35,
            "created_time": "2024-03-27T14:53:36.412128Z",
            "yes_price": 6,
            "no_price": 94,
            "taker_side": "no"
        },
        {
            "trade_id": "207354aa-cbd8-471f-948a-5cfe531a55aa",
            "ticker": "HIGHNY-24MAR27-T52",
            "count": 35,
            "created_time": "2024-03-27T14:53:36.412128Z",
            "yes_price": 8,
            "no_price": 92,
            "taker_side": "no"
        },
        {
            "trade_id": "19dcb6a8-1944-4bae-8c7b-ebed8d0cef54",
            "ticker": "HIGHNY-24MAR27-T52",
            "count": 2,
            "created_time": "2024-03-27T14:53:36.412128Z",
            "yes_price": 7,
            "no_price": 93,
            "taker_side": "no"
        },
        {
            "trade_id": "828e8a59-7b21-4447-92d9-2b0f271fed69",
            "ticker": "HIGHNY-24MAR27-T52",
            "count": 10,
            "created_time": "2024-03-27T14:33:41.474791Z",
            "yes_price": 5,
            "no_price": 95,
            "taker_side": "yes"
        },
        {
            "trade_id": "b4cf41db-2eab-48bb-9751-ae68974057f9",
            "ticker": "HIGHNY-24MAR27-T52",
            "count": 1,
            "created_time": "2024-03-27T14:00:46.844257Z",
            "yes_price": 3,
            "no_price": 97,
            "taker_side": "no"
        },
        {
            "trade_id": "26c3c62a-a821-4695-95a9-a669add54aca",
            "ticker": "HIGHNY-24MAR27-T52",
            "count": 10,
            "created_time": "2024-03-27T12:57:08.300214Z",
            "yes_price": 1,
            "no_price": 99,
            "taker_side": "no"
        },
        {
            "trade_id": "a8118e94-62a8-43dd-85d5-db55ac8c7d3c",
            "ticker": "HIGHNY-24MAR27-T52",
            "count": 10,
            "created_time": "2024-03-27T12:57:08.294041Z",
            "yes_price": 1,
            "no_price": 99,
            "taker_side": "no"
        },
        {
            "trade_id": "e3aad7b9-56ab-4a86-8bdc-557f2da4ad84",
            "ticker": "HIGHNY-24MAR27-T52",
            "count": 2,
            "created_time": "2024-03-27T12:42:23.462777Z",
            "yes_price": 9,
            "no_price": 91,
            "taker_side": "yes"
        },
        {
            "trade_id": "b301d18a-d8a5-480b-bf01-380b7247c1cf",
            "ticker": "HIGHNY-24MAR27-T52",
            "count": 9,
            "created_time": "2024-03-27T12:42:23.462777Z",
            "yes_price": 8,
            "no_price": 92,
            "taker_side": "yes"
        },
        {
            "trade_id": "71d33f08-ec3b-490f-a4b9-1fd8a676e39e",
            "ticker": "HIGHNY-24MAR27-T52",
            "count": 9,
            "created_time": "2024-03-27T12:42:05.886159Z",
            "yes_price": 1,
            "no_price": 99,
            "taker_side": "no"
        },
        {
            "trade_id": "f6d7e6bd-0433-4dc3-85e5-cdb7f313bb08",
            "ticker": "HIGHNY-24MAR27-T52",
            "count": 32,
            "created_time": "2024-03-27T12:41:35.493563Z",
            "yes_price": 1,
            "no_price": 99,
            "taker_side": "no"
        },
        {
            "trade_id": "cfe37bfc-17fe-40d5-9cfa-9db3242c029a",
            "ticker": "HIGHNY-24MAR27-T52",
            "count": 50,
            "created_time": "2024-03-27T01:40:17.78689Z",
            "yes_price": 7,
            "no_price": 93,
            "taker_side": "no"
        },
        {
            "trade_id": "b66eb85f-38d7-40e4-a362-b54496b77903",
            "ticker": "HIGHNY-24MAR27-T52",
            "count": 10,
            "created_time": "2024-03-27T01:27:18.834074Z",
            "yes_price": 8,
            "no_price": 92,
            "taker_side": "no"
        },
        {
            "trade_id": "a6c365b3-c48b-4922-82a8-7c13203ba846",
            "ticker": "HIGHNY-24MAR27-T52",
            "count": 150,
            "created_time": "2024-03-26T23:00:44.797827Z",
            "yes_price": 7,
            "no_price": 93,
            "taker_side": "no"
        },
        {
            "trade_id": "66bf1cf1-5fcf-4931-9cba-0856204ebfe6",
            "ticker": "HIGHNY-24MAR27-T52",
            "count": 10,
            "created_time": "2024-03-26T21:40:13.728703Z",
            "yes_price": 8,
            "no_price": 92,
            "taker_side": "yes"
        },
        {
            "trade_id": "4a4f6d70-5f0a-4b01-a964-eb5658c16c6a",
            "ticker": "HIGHNY-24MAR27-T52",
            "count": 9,
            "created_time": "2024-03-26T21:40:13.728703Z",
            "yes_price": 8,
            "no_price": 92,
            "taker_side": "yes"
        },
        {
            "trade_id": "beab2ac6-9930-4b3e-a3c7-aae2328ac3f3",
            "ticker": "HIGHNY-24MAR27-T52",
            "count": 1,
            "created_time": "2024-03-26T18:57:06.308689Z",
            "yes_price": 8,
            "no_price": 92,
            "taker_side": "yes"
        }
    ],
    "HIGHNY-24MAR27-B52.5": [
        {
            "trade_id": "20a69dbb-f13c-4d5a-9de9-2dba83614035",
            "ticker": "HIGHNY-24MAR27-B52.5",
            "count": 10,
            "created_time": "2024-03-27T23:25:54.944963Z",
            "yes_price": 99,
            "no_price": 1,
            "taker_side": "yes"
        },
        {
            "trade_id": "519edc01-802c-4067-9456-aed4f0c12a9c",
            "ticker": "HIGHNY-24MAR27-B52.5",
            "count": 5,
            "created_time": "2024-03-27T23:19:15.415249Z",
            "yes_price": 67,
            "no_price": 33,
            "taker_side": "no"
        },
        {
            "trade_id": "2c3e3081-fc51-45f4-bff5-36c5651740ee",
            "ticker": "HIGHNY-24MAR27-B52.5",
            "count": 2,
            "created_time": "2024-03-27T23:19:15.415249Z",
            "yes_price": 56,
            "no_price": 44,
            "taker_side": "no"
        },
        {
            "trade_id": "05a8a59d-1c77-4e26-8603-b7017e457973",
            "ticker": "HIGHNY-24MAR27-B52.5",
            "count": 3,
            "created_time": "2024-03-27T23:19:15.415249Z",
            "yes_price": 70,
            "no_price": 30,
            "taker_side": "no"
        },
        {
            "trade_id": "fb8b72b2-9a5a-4b70-951b-4531c4ce38d8",
            "ticker": "HIGHNY-24MAR27-B52.5",
            "count": 10,
            "created_time": "2024-03-27T23:18:33.018024Z",
            "yes_price": 99,
            "no_price": 1,
            "taker_side": "yes"
        },
        {
            "trade_id": "7bc9df08-d9f1-4e27-adad-67631813f7da",
            "ticker": "HIGHNY-24MAR27-B52.5",
            "count": 5,
            "created_time": "2024-03-27T22:22:40.065614Z",
            "yes_price": 70,
            "no_price": 30,
            "taker_side": "no"
        },
        {
            "trade_id": "d5d56b48-e6f2-4833-ab15-bbb577f84598",
            "ticker": "HIGHNY-24MAR27-B52.5",
            "count": 24,
            "created_time": "2024-03-27T20:19:38.752896Z",
            "yes_price": 80,
            "no_price": 20,
            "taker_side": "yes"
        },
        {
            "trade_id": "b428a546-8716-424e-bfd0-cfabae14b322",
            "ticker": "HIGHNY-24MAR27-B52.5",
            "count": 1,
            "created_time": "2024-03-27T19:57:17.137023Z",
            "yes_price": 80,
            "no_price": 20,
            "taker_side": "yes"
        },
        {
            "trade_id": "a14963ec-3f79-4bc3-98b2-4d4488193fac",
            "ticker": "HIGHNY-24MAR27-B52.5",
            "count": 4,
            "created_time": "2024-03-27T19:13:51.463487Z",
            "yes_price": 50,
            "no_price": 50,
            "taker_side": "no"
        },
        {
            "trade_id": "b4591749-2533-4200-b863-4ff09013d56f",
            "ticker": "HIGHNY-24MAR27-B52.5",
            "count": 4,
            "created_time": "2024-03-27T19:08:50.727178Z",
            "yes_price": 31,
            "no_price": 69,
            "taker_side": "no"
        },
        {
            "trade_id": "d1706128-f26d-4373-9fde-9a44f192964a",
            "ticker": "HIGHNY-24MAR27-B52.5",
            "count": 25,
            "created_time": "2024-03-27T18:53:23.349128Z",
            "yes_price": 50,
            "no_price": 50,
            "taker_side": "yes"
        },
        {
            "trade_id": "a24072a6-c4e5-46fd-84c6-5c31289b8623",
            "ticker": "HIGHNY-24MAR27-B52.5",
            "count": 5,
            "created_time": "2024-03-27T18:24:56.79008Z",
            "yes_price": 27,
            "no_price": 73,
            "taker_side": "no"
        },
        {
            "trade_id": "19c9b0fa-d991-4e3e-99ce-82ef8ed2ed65",
            "ticker": "HIGHNY-24MAR27-B52.5",
            "count": 20,
            "created_time": "2024-03-27T18:15:14.075738Z",
            "yes_price": 30,
            "no_price": 70,
            "taker_side": "no"
        },
        {
            "trade_id": "90cc7f7a-1a2e-4a41-842d-9b9f49bea390",
            "ticker": "HIGHNY-24MAR27-B52.5",
            "count": 77,
            "created_time": "2024-03-27T17:53:29.842737Z",
            "yes_price": 33,
            "no_price": 67,
            "taker_side": "no"
        },
        {
            "trade_id": "e0275f96-6478-471e-bebf-1bd1acd4171e",
            "ticker": "HIGHNY-24MAR27-B52.5",
            "count": 25,
            "created_time": "2024-03-27T17:47:40.56672Z",
            "yes_price": 35,
            "no_price": 65,
            "taker_side": "no"
        },
        {
            "trade_id": "5a26d8a6-75b2-4afe-970a-f501cf83d11f",
            "ticker": "HIGHNY-24MAR27-B52.5",
            "count": 7,
            "created_time": "2024-03-27T15:07:18.684423Z",
            "yes_price": 37,
            "no_price": 63,
            "taker_side": "yes"
        },
        {
            "trade_id": "92b2e7f3-6783-4466-badc-2eeb77a2932c",
            "ticker": "HIGHNY-24MAR27-B52.5",
            "count": 45,
            "created_time": "2024-03-27T14:28:56.360088Z",
            "yes_price": 22,
            "no_price": 78,
            "taker_side": "no"
        },
        {
            "trade_id": "32b6f093-6f38-4557-a596-ac8c620de5e0",
            "ticker": "HIGHNY-24MAR27-B52.5",
            "count": 13,
            "created_time": "2024-03-27T14:28:56.360088Z",
            "yes_price": 24,
            "no_price": 76,
            "taker_side": "no"
        },
        {
            "trade_id": "11a11e6a-8ec2-4ec5-ad2d-13b8632e9a90",
            "ticker": "HIGHNY-24MAR27-B52.5",
            "count": 45,
            "created_time": "2024-03-27T14:28:37.446307Z",
            "yes_price": 26,
            "no_price": 74,
            "taker_side": "no"
        },
        {
            "trade_id": "0c87b7b2-c51d-411e-aee6-d8bb840df05a",
            "ticker": "HIGHNY-24MAR27-B52.5",
            "count": 45,
            "created_time": "2024-03-27T14:28:37.446307Z",
            "yes_price": 24,
            "no_price": 76,
            "taker_side": "no"
        },
        {
            "trade_id": "f7336770-527a-4552-bcaa-78e8d6386cf4",
            "ticker": "HIGHNY-24MAR27-B52.5",
            "count": 1,
            "created_time": "2024-03-27T14:00:46.843676Z",
            "yes_price": 31,
            "no_price": 69,
            "taker_side": "no"
        },
        {
            "trade_id": "43133f93-cf80-48f2-b865-4f6c3cef5b87",
            "ticker": "HIGHNY-24MAR27-B52.5",
            "count": 10,
            "created_time": "2024-03-27T12:57:08.29438Z",
            "yes_price": 25,
            "no_price": 75,
            "taker_side": "no"
        },
        {
            "trade_id": "eb6a17b9-c48c-4e64-bbae-4a1e16db1c52",
            "ticker": "HIGHNY-24MAR27-B52.5",
            "count": 10,
            "created_time": "2024-03-27T12:57:08.269335Z",
            "yes_price": 25,
            "no_price": 75,
            "taker_side": "no"
        },
        {
            "trade_id": "c0c47373-aee5-49b6-877f-f570f60019c3",
            "ticker": "HIGHNY-24MAR27-B52.5",
            "count": 9,
            "created_time": "2024-03-27T12:42:23.524447Z",
            "yes_price": 25,
            "no_price": 75,
            "taker_side": "no"
        },
        {
            "trade_id": "7ddc5605-7639-4ac6-ba69-12de67b68d34",
            "ticker": "HIGHNY-24MAR27-B52.5",
            "count": 9,
            "created_time": "2024-03-27T12:42:05.887695Z",
            "yes_price": 25,
            "no_price": 75,
            "taker_side": "no"
        },
        {
            "trade_id": "cf2bf6a4-0146-42ad-a77f-b706c54b5494",
            "ticker": "HIGHNY-24MAR27-B52.5",
            "count": 12,
            "created_time": "2024-03-27T12:41:35.414077Z",
            "yes_price": 33,
            "no_price": 67,
            "taker_side": "yes"
        },
        {
            "trade_id": "7dc51c00-2e64-4855-b24a-687eb1aafff2",
            "ticker": "HIGHNY-24MAR27-B52.5",
            "count": 32,
            "created_time": "2024-03-27T12:41:35.414077Z",
            "yes_price": 32,
            "no_price": 68,
            "taker_side": "yes"
        },
        {
            "trade_id": "3c17a82f-a771-4708-8688-e3e355c34445",
            "ticker": "HIGHNY-24MAR27-B52.5",
            "count": 13,
            "created_time": "2024-03-27T12:41:35.414077Z",
            "yes_price": 35,
            "no_price": 65,
            "taker_side": "yes"
        },
        {
            "trade_id": "b6299a20-cae7-456f-a0a9-19d8bd310f41",
            "ticker": "HIGHNY-24MAR27-B52.5",
            "count": 25,
            "created_time": "2024-03-27T12:25:53.577985Z",
            "yes_price": 25,
            "no_price": 75,
            "taker_side": "no"
        },
        {
            "trade_id": "6fe6de62-b632-47bc-b257-32564f3ed1f2",
            "ticker": "HIGHNY-24MAR27-B52.5",
            "count": 9,
            "created_time": "2024-03-27T12:25:53.577985Z",
            "yes_price": 23,
            "no_price": 77,
            "taker_side": "no"
        },
        {
            "trade_id": "90f304d5-1e93-4eae-a092-11644718d49e",
            "ticker": "HIGHNY-24MAR27-B52.5",
            "count": 18,
            "created_time": "2024-03-27T12:18:47.463933Z",
            "yes_price": 26,
            "no_price": 74,
            "taker_side": "no"
        },
        {
            "trade_id": "c368a174-026a-403f-8a04-f73ae342baf0",
            "ticker": "HIGHNY-24MAR27-B52.5",
            "count": 8,
            "created_time": "2024-03-27T12:17:15.399932Z",
            "yes_price": 28,
            "no_price": 72,
            "taker_side": "yes"
        },
        {
            "trade_id": "7657eb21-b862-43fd-8273-595249166197",
            "ticker": "HIGHNY-24MAR27-B52.5",
            "count": 2,
            "created_time": "2024-03-27T12:17:15.399932Z",
            "yes_price": 27,
            "no_price": 73,
            "taker_side": "yes"
        },
        {
            "trade_id": "7e9cc988-f6ea-4167-a6aa-dacf661a2c51",
            "ticker": "HIGHNY-24MAR27-B52.5",
            "count": 11,
            "created_time": "2024-03-27T12:07:02.56498Z",
            "yes_price": 27,
            "no_price": 73,
            "taker_side": "yes"
        },
        {
            "trade_id": "dbcd0e8c-6ecd-47b2-9ce1-89d97678084d",
            "ticker": "HIGHNY-24MAR27-B52.5",
            "count": 4,
            "created_time": "2024-03-27T12:06:57.126214Z",
            "yes_price": 27,
            "no_price": 73,
            "taker_side": "no"
        },
        {
            "trade_id": "60c8e9e6-3390-41d6-8a9f-0f5f182c8815",
            "ticker": "HIGHNY-24MAR27-B52.5",
            "count": 17,
            "created_time": "2024-03-27T12:06:46.904896Z",
            "yes_price": 27,
            "no_price": 73,
            "taker_side": "no"
        },
        {
            "trade_id": "9947f138-17a5-4f95-ba19-8015cb730e29",
            "ticker": "HIGHNY-24MAR27-B52.5",
            "count": 12,
            "created_time": "2024-03-27T12:06:46.390175Z",
            "yes_price": 28,
            "no_price": 72,
            "taker_side": "no"
        },
        {
            "trade_id": "7ae3c1b7-1e20-4227-88aa-bd55af507525",
            "ticker": "HIGHNY-24MAR27-B52.5",
            "count": 64,
            "created_time": "2024-03-27T12:01:29.805043Z",
            "yes_price": 32,
            "no_price": 68,
            "taker_side": "no"
        },
        {
            "trade_id": "79cc226e-c512-4d40-b4ba-5cb43b544806",
            "ticker": "HIGHNY-24MAR27-B52.5",
            "count": 25,
            "created_time": "2024-03-27T12:01:29.805043Z",
            "yes_price": 34,
            "no_price": 66,
            "taker_side": "no"
        },
        {
            "trade_id": "464ead7e-4160-48f3-8ce2-90af4c9e7c52",
            "ticker": "HIGHNY-24MAR27-B52.5",
            "count": 64,
            "created_time": "2024-03-27T12:01:29.805043Z",
            "yes_price": 30,
            "no_price": 70,
            "taker_side": "no"
        },
        {
            "trade_id": "fb30d1ed-39c8-4400-bd82-de44216be7c8",
            "ticker": "HIGHNY-24MAR27-B52.5",
            "count": 64,
            "created_time": "2024-03-27T12:01:20.792753Z",
            "yes_price": 34,
            "no_price": 66,
            "taker_side": "no"
        },
        {
            "trade_id": "861add71-c824-409e-a2b3-ec2398b2b7b9",
            "ticker": "HIGHNY-24MAR27-B52.5",
            "count": 64,
            "created_time": "2024-03-27T12:01:20.792753Z",
            "yes_price": 37,
            "no_price": 63,
            "taker_side": "no"
        },
        {
            "trade_id": "19c3f1f6-f829-4ab3-8c59-97e85b5ba79d",
            "ticker": "HIGHNY-24MAR27-B52.5",
            "count": 25,
            "created_time": "2024-03-27T12:01:20.792753Z",
            "yes_price": 39,
            "no_price": 61,
            "taker_side": "no"
        },
        {
            "trade_id": "758fe36b-a375-4567-bd2a-b8136845d214",
            "ticker": "HIGHNY-24MAR27-B52.5",
            "count": 23,
            "created_time": "2024-03-27T00:21:40.449772Z",
            "yes_price": 14,
            "no_price": 86,
            "taker_side": "yes"
        },
        {
            "trade_id": "4e0de88c-f741-43e5-a711-800d6838d9da",
            "ticker": "HIGHNY-24MAR27-B52.5",
            "count": 11,
            "created_time": "2024-03-27T00:21:40.449772Z",
            "yes_price": 13,
            "no_price": 87,
            "taker_side": "yes"
        },
        {
            "trade_id": "8a86dd52-4358-4f81-a656-913b2404adfe",
            "ticker": "HIGHNY-24MAR27-B52.5",
            "count": 150,
            "created_time": "2024-03-27T00:17:45.591732Z",
            "yes_price": 10,
            "no_price": 90,
            "taker_side": "no"
        },
        {
            "trade_id": "77f76e89-99db-4aaa-9537-cceca548d4fa",
            "ticker": "HIGHNY-24MAR27-B52.5",
            "count": 90,
            "created_time": "2024-03-27T00:17:45.591732Z",
            "yes_price": 11,
            "no_price": 89,
            "taker_side": "no"
        },
        {
            "trade_id": "5c841489-2880-4dba-b6f0-9bbc30849fab",
            "ticker": "HIGHNY-24MAR27-B52.5",
            "count": 10,
            "created_time": "2024-03-27T00:16:02.813766Z",
            "yes_price": 15,
            "no_price": 85,
            "taker_side": "yes"
        },
        {
            "trade_id": "b712de68-68b4-493c-9330-a53c4ddf3088",
            "ticker": "HIGHNY-24MAR27-B52.5",
            "count": 79,
            "created_time": "2024-03-26T23:54:35.763847Z",
            "yes_price": 14,
            "no_price": 86,
            "taker_side": "yes"
        },
        {
            "trade_id": "ec435bb0-9470-4e4d-b3d4-8a572694cdd0",
            "ticker": "HIGHNY-24MAR27-B52.5",
            "count": 44,
            "created_time": "2024-03-26T23:53:56.103145Z",
            "yes_price": 13,
            "no_price": 87,
            "taker_side": "yes"
        },
        {
            "trade_id": "b492f393-5d64-4e1a-be22-ad1477484393",
            "ticker": "HIGHNY-24MAR27-B52.5",
            "count": 10,
            "created_time": "2024-03-26T23:53:56.103145Z",
            "yes_price": 13,
            "no_price": 87,
            "taker_side": "yes"
        },
        {
            "trade_id": "cb6260db-412b-40be-af3c-1157827b34b7",
            "ticker": "HIGHNY-24MAR27-B52.5",
            "count": 10,
            "created_time": "2024-03-26T23:30:29.904125Z",
            "yes_price": 11,
            "no_price": 89,
            "taker_side": "no"
        },
        {
            "trade_id": "8fc8ac76-12d6-44c6-a3d1-3e06a3765e89",
            "ticker": "HIGHNY-24MAR27-B52.5",
            "count": 81,
            "created_time": "2024-03-26T21:40:54.466197Z",
            "yes_price": 15,
            "no_price": 85,
            "taker_side": "yes"
        },
        {
            "trade_id": "ba95ce1b-7390-44db-9589-e48d7861caab",
            "ticker": "HIGHNY-24MAR27-B52.5",
            "count": 90,
            "created_time": "2024-03-26T21:24:41.147629Z",
            "yes_price": 17,
            "no_price": 83,
            "taker_side": "yes"
        },
        {
            "trade_id": "b3b97707-3569-4e9c-a9c4-6a2564cc0c35",
            "ticker": "HIGHNY-24MAR27-B52.5",
            "count": 27,
            "created_time": "2024-03-26T21:24:41.147629Z",
            "yes_price": 14,
            "no_price": 86,
            "taker_side": "yes"
        },
        {
            "trade_id": "916c15d6-f4fb-4589-9586-c533a29566c9",
            "ticker": "HIGHNY-24MAR27-B52.5",
            "count": 90,
            "created_time": "2024-03-26T21:24:41.147629Z",
            "yes_price": 15,
            "no_price": 85,
            "taker_side": "yes"
        },
        {
            "trade_id": "95435a0c-0cf3-440f-a354-231c39dfb553",
            "ticker": "HIGHNY-24MAR27-B52.5",
            "count": 54,
            "created_time": "2024-03-26T21:24:12.470532Z",
            "yes_price": 16,
            "no_price": 84,
            "taker_side": "yes"
        },
        {
            "trade_id": "334c7a30-eedb-47bd-8194-19a2ffb40e16",
            "ticker": "HIGHNY-24MAR27-B52.5",
            "count": 90,
            "created_time": "2024-03-26T21:24:12.470532Z",
            "yes_price": 18,
            "no_price": 82,
            "taker_side": "yes"
        },
        {
            "trade_id": "2c655153-9aea-411b-bcfb-892ecbbaaf19",
            "ticker": "HIGHNY-24MAR27-B52.5",
            "count": 90,
            "created_time": "2024-03-26T21:24:12.470532Z",
            "yes_price": 19,
            "no_price": 81,
            "taker_side": "yes"
        },
        {
            "trade_id": "8d92e8f1-d4db-4c41-a671-f5d9587a7e5e",
            "ticker": "HIGHNY-24MAR27-B52.5",
            "count": 90,
            "created_time": "2024-03-26T21:24:04.22128Z",
            "yes_price": 14,
            "no_price": 86,
            "taker_side": "yes"
        },
        {
            "trade_id": "7c842fe0-6557-4f58-b361-d0d271693ac1",
            "ticker": "HIGHNY-24MAR27-B52.5",
            "count": 81,
            "created_time": "2024-03-26T21:24:04.22128Z",
            "yes_price": 13,
            "no_price": 87,
            "taker_side": "yes"
        },
        {
            "trade_id": "62681a17-53bc-4ef7-b764-0a71031735ed",
            "ticker": "HIGHNY-24MAR27-B52.5",
            "count": 90,
            "created_time": "2024-03-26T21:24:04.22128Z",
            "yes_price": 16,
            "no_price": 84,
            "taker_side": "yes"
        },
        {
            "trade_id": "fa2bbc02-02ff-49d3-bb18-cfee21c78268",
            "ticker": "HIGHNY-24MAR27-B52.5",
            "count": 10,
            "created_time": "2024-03-26T20:16:36.509345Z",
            "yes_price": 11,
            "no_price": 89,
            "taker_side": "yes"
        }
    ],
    "HIGHNY-24MAR27-B54.5": [
        {
            "trade_id": "edbbc2ba-4409-43b3-a9e1-0f48a61207d4",
            "ticker": "HIGHNY-24MAR27-B54.5",
            "count": 10,
            "created_time": "2024-03-27T22:43:04.239828Z",
            "yes_price": 1,
            "no_price": 99,
            "taker_side": "yes"
        },
        {
            "trade_id": "91b7f0a9-cb10-4b3d-96bb-4464fcb19742",
            "ticker": "HIGHNY-24MAR27-B54.5",
            "count": 100,
            "created_time": "2024-03-27T22:33:07.141591Z",
            "yes_price": 49,
            "no_price": 51,
            "taker_side": "yes"
        },
        {
            "trade_id": "c9b0b52c-c613-433a-8456-03ab70f7c159",
            "ticker": "HIGHNY-24MAR27-B54.5",
            "count": 5,
            "created_time": "2024-03-27T22:22:39.952899Z",
            "yes_price": 49,
            "no_price": 51,
            "taker_side": "yes"
        },
        {
            "trade_id": "00d99313-edea-407e-be0d-ff9567ff0e50",
            "ticker": "HIGHNY-24MAR27-B54.5",
            "count": 95,
            "created_time": "2024-03-27T22:22:39.952899Z",
            "yes_price": 49,
            "no_price": 51,
            "taker_side": "yes"
        },
        {
            "trade_id": "745d12f0-b1a0-4d0f-80ba-94ce78763fd3",
            "ticker": "HIGHNY-24MAR27-B54.5",
            "count": 1,
            "created_time": "2024-03-27T21:25:39.709888Z",
            "yes_price": 30,
            "no_price": 70,
            "taker_side": "no"
        },
        {
            "trade_id": "d4beed00-1a54-49e8-a5e9-233e28da5d62",
            "ticker": "HIGHNY-24MAR27-B54.5",
            "count": 100,
            "created_time": "2024-03-27T21:17:56.930415Z",
            "yes_price": 6,
            "no_price": 94,
            "taker_side": "no"
        },
        {
            "trade_id": "2b5a4a01-4c77-420e-ac7d-7581ef4f84cc",
            "ticker": "HIGHNY-24MAR27-B54.5",
            "count": 63,
            "created_time": "2024-03-27T20:49:51.701246Z",
            "yes_price": 7,
            "no_price": 93,
            "taker_side": "no"
        },
        {
            "trade_id": "ce3806be-1552-4945-a8bc-82e777790480",
            "ticker": "HIGHNY-24MAR27-B54.5",
            "count": 57,
            "created_time": "2024-03-27T20:28:31.40641Z",
            "yes_price": 7,
            "no_price": 93,
            "taker_side": "no"
        },
        {
            "trade_id": "f443deeb-cd06-470d-bc6b-caaa10348174",
            "ticker": "HIGHNY-24MAR27-B54.5",
            "count": 1,
            "created_time": "2024-03-27T19:47:22.898876Z",
            "yes_price": 7,
            "no_price": 93,
            "taker_side": "no"
        },
        {
            "trade_id": "80a7294a-5f74-4ea3-810d-b4194089d291",
            "ticker": "HIGHNY-24MAR27-B54.5",
            "count": 25,
            "created_time": "2024-03-27T19:04:42.544657Z",
            "yes_price": 15,
            "no_price": 85,
            "taker_side": "no"
        },
        {
            "trade_id": "084374a6-29c9-4047-a4b4-007ab907f96a",
            "ticker": "HIGHNY-24MAR27-B54.5",
            "count": 16,
            "created_time": "2024-03-27T19:04:42.544657Z",
            "yes_price": 1,
            "no_price": 99,
            "taker_side": "no"
        },
        {
            "trade_id": "19aa56d8-bc3c-4397-b34e-db961ae56b29",
            "ticker": "HIGHNY-24MAR27-B54.5",
            "count": 25,
            "created_time": "2024-03-27T18:59:23.330143Z",
            "yes_price": 30,
            "no_price": 70,
            "taker_side": "no"
        },
        {
            "trade_id": "1f173959-aba4-4c7d-9604-b7c062fd4247",
            "ticker": "HIGHNY-24MAR27-B54.5",
            "count": 35,
            "created_time": "2024-03-27T18:53:28.355288Z",
            "yes_price": 50,
            "no_price": 50,
            "taker_side": "no"
        },
        {
            "trade_id": "5f3287d2-d023-4c4a-9351-1d8c479eb8f9",
            "ticker": "HIGHNY-24MAR27-B54.5",
            "count": 10,
            "created_time": "2024-03-27T18:52:04.175917Z",
            "yes_price": 50,
            "no_price": 50,
            "taker_side": "no"
        },
        {
            "trade_id": "f6dd3f1c-3b6f-40a4-a928-53610cf70172",
            "ticker": "HIGHNY-24MAR27-B54.5",
            "count": 5,
            "created_time": "2024-03-27T18:24:56.793596Z",
            "yes_price": 50,
            "no_price": 50,
            "taker_side": "no"
        },
        {
            "trade_id": "cdcecf35-884f-4e0f-b9c4-59ad340de1e3",
            "ticker": "HIGHNY-24MAR27-B54.5",
            "count": 25,
            "created_time": "2024-03-27T18:15:13.976267Z",
            "yes_price": 80,
            "no_price": 20,
            "taker_side": "yes"
        },
        {
            "trade_id": "4f3f5e11-55ad-4f73-b8fa-fc893e7f743b",
            "ticker": "HIGHNY-24MAR27-B54.5",
            "count": 12,
            "created_time": "2024-03-27T18:15:13.976267Z",
            "yes_price": 99,
            "no_price": 1,
            "taker_side": "yes"
        },
        {
            "trade_id": "2c1f9193-516c-4b1c-854d-38c64185ec80",
            "ticker": "HIGHNY-24MAR27-B54.5",
            "count": 20,
            "created_time": "2024-03-27T18:15:13.976267Z",
            "yes_price": 79,
            "no_price": 21,
            "taker_side": "yes"
        },
        {
            "trade_id": "459da6e8-ddbd-43cf-93c2-c92eba73c9fb",
            "ticker": "HIGHNY-24MAR27-B54.5",
            "count": 1,
            "created_time": "2024-03-27T14:18:31.279099Z",
            "yes_price": 52,
            "no_price": 48,
            "taker_side": "yes"
        },
        {
            "trade_id": "ba31679b-ac24-478e-8917-7eeb6fe435c3",
            "ticker": "HIGHNY-24MAR27-B54.5",
            "count": 1,
            "created_time": "2024-03-27T14:00:46.786433Z",
            "yes_price": 51,
            "no_price": 49,
            "taker_side": "yes"
        },
        {
            "trade_id": "9a88125e-b1ee-4e1c-801f-d7f4cdc1e92b",
            "ticker": "HIGHNY-24MAR27-B54.5",
            "count": 8,
            "created_time": "2024-03-27T14:00:46.786433Z",
            "yes_price": 52,
            "no_price": 48,
            "taker_side": "yes"
        },
        {
            "trade_id": "f89e2f82-18dd-42c8-9071-224ea032072d",
            "ticker": "HIGHNY-24MAR27-B54.5",
            "count": 4,
            "created_time": "2024-03-27T13:00:46.75162Z",
            "yes_price": 46,
            "no_price": 54,
            "taker_side": "yes"
        },
        {
            "trade_id": "98517208-36ef-4381-8a86-7f28a9c79ad8",
            "ticker": "HIGHNY-24MAR27-B54.5",
            "count": 6,
            "created_time": "2024-03-27T12:57:08.287972Z",
            "yes_price": 46,
            "no_price": 54,
            "taker_side": "no"
        },
        {
            "trade_id": "849816f4-4f46-4e3a-9680-4d773e344583",
            "ticker": "HIGHNY-24MAR27-B54.5",
            "count": 10,
            "created_time": "2024-03-27T12:57:08.278837Z",
            "yes_price": 46,
            "no_price": 54,
            "taker_side": "no"
        },
        {
            "trade_id": "eac97241-d1ae-476b-ad7a-5ec0b1943f16",
            "ticker": "HIGHNY-24MAR27-B54.5",
            "count": 9,
            "created_time": "2024-03-27T12:42:23.53418Z",
            "yes_price": 46,
            "no_price": 54,
            "taker_side": "no"
        },
        {
            "trade_id": "35bb3680-36cd-4a53-8609-c9fbef83a57a",
            "ticker": "HIGHNY-24MAR27-B54.5",
            "count": 9,
            "created_time": "2024-03-27T12:42:05.822229Z",
            "yes_price": 51,
            "no_price": 49,
            "taker_side": "yes"
        },
        {
            "trade_id": "1b30dd8d-0d7c-4c89-94c3-054ab49ec42c",
            "ticker": "HIGHNY-24MAR27-B54.5",
            "count": 32,
            "created_time": "2024-03-27T12:41:35.485887Z",
            "yes_price": 47,
            "no_price": 53,
            "taker_side": "no"
        },
        {
            "trade_id": "d81d786b-9d7f-414a-8dea-4eaebffa33ba",
            "ticker": "HIGHNY-24MAR27-B54.5",
            "count": 18,
            "created_time": "2024-03-27T12:18:47.472388Z",
            "yes_price": 48,
            "no_price": 52,
            "taker_side": "no"
        },
        {
            "trade_id": "d87662f1-6d12-422f-8dca-8aa3f3e96ba3",
            "ticker": "HIGHNY-24MAR27-B54.5",
            "count": 2,
            "created_time": "2024-03-27T12:17:15.465242Z",
            "yes_price": 49,
            "no_price": 51,
            "taker_side": "no"
        },
        {
            "trade_id": "b02bd3fe-fdea-4c32-a7e7-020e9b9694c8",
            "ticker": "HIGHNY-24MAR27-B54.5",
            "count": 11,
            "created_time": "2024-03-27T12:07:02.619535Z",
            "yes_price": 49,
            "no_price": 51,
            "taker_side": "no"
        },
        {
            "trade_id": "e505f890-c25a-44f0-8961-daa8d4971a86",
            "ticker": "HIGHNY-24MAR27-B54.5",
            "count": 4,
            "created_time": "2024-03-27T12:06:57.115194Z",
            "yes_price": 48,
            "no_price": 52,
            "taker_side": "no"
        },
        {
            "trade_id": "91e61150-592b-437c-a89f-5c454dc790c0",
            "ticker": "HIGHNY-24MAR27-B54.5",
            "count": 17,
            "created_time": "2024-03-27T12:06:46.95416Z",
            "yes_price": 49,
            "no_price": 51,
            "taker_side": "no"
        },
        {
            "trade_id": "efc3df4a-6717-494f-acbf-06f7a715c2a8",
            "ticker": "HIGHNY-24MAR27-B54.5",
            "count": 4,
            "created_time": "2024-03-27T12:06:46.398452Z",
            "yes_price": 49,
            "no_price": 51,
            "taker_side": "no"
        },
        {
            "trade_id": "116b18f2-8505-49b7-a6b4-912a4ec28427",
            "ticker": "HIGHNY-24MAR27-B54.5",
            "count": 8,
            "created_time": "2024-03-27T12:06:46.398452Z",
            "yes_price": 52,
            "no_price": 48,
            "taker_side": "no"
        },
        {
            "trade_id": "18ced116-1ee2-4da1-8108-a5dd85941f9e",
            "ticker": "HIGHNY-24MAR27-B54.5",
            "count": 1,
            "created_time": "2024-03-27T12:01:41.334422Z",
            "yes_price": 49,
            "no_price": 51,
            "taker_side": "yes"
        },
        {
            "trade_id": "697d625e-1cb6-4a60-8cb3-f3684748eab3",
            "ticker": "HIGHNY-24MAR27-B54.5",
            "count": 19,
            "created_time": "2024-03-27T12:00:30.63907Z",
            "yes_price": 49,
            "no_price": 51,
            "taker_side": "yes"
        },
        {
            "trade_id": "d4a4d4e8-bff0-4a68-bf81-c40c0f3e4fbd",
            "ticker": "HIGHNY-24MAR27-B54.5",
            "count": 42,
            "created_time": "2024-03-27T01:41:54.266441Z",
            "yes_price": 43,
            "no_price": 57,
            "taker_side": "yes"
        },
        {
            "trade_id": "cfc04a06-b698-45dd-88cd-0b3921437f88",
            "ticker": "HIGHNY-24MAR27-B54.5",
            "count": 85,
            "created_time": "2024-03-27T01:41:54.266441Z",
            "yes_price": 45,
            "no_price": 55,
            "taker_side": "yes"
        },
        {
            "trade_id": "d108422a-1629-4074-b341-09f203c30c07",
            "ticker": "HIGHNY-24MAR27-B54.5",
            "count": 12,
            "created_time": "2024-03-27T00:31:48.565607Z",
            "yes_price": 37,
            "no_price": 63,
            "taker_side": "yes"
        },
        {
            "trade_id": "f6ddcb6c-10b8-460e-99ba-784f6a0e04f6",
            "ticker": "HIGHNY-24MAR27-B54.5",
            "count": 88,
            "created_time": "2024-03-27T00:17:52.444363Z",
            "yes_price": 38,
            "no_price": 62,
            "taker_side": "yes"
        },
        {
            "trade_id": "5082690b-c65b-48fb-b296-e35bd92f8a26",
            "ticker": "HIGHNY-24MAR27-B54.5",
            "count": 35,
            "created_time": "2024-03-27T00:17:52.444363Z",
            "yes_price": 34,
            "no_price": 66,
            "taker_side": "yes"
        },
        {
            "trade_id": "217a8dd7-4a37-4d05-85b1-6a1be5465bbf",
            "ticker": "HIGHNY-24MAR27-B54.5",
            "count": 88,
            "created_time": "2024-03-27T00:17:52.444363Z",
            "yes_price": 36,
            "no_price": 64,
            "taker_side": "yes"
        },
        {
            "trade_id": "ceeb811e-3d08-4ebe-9877-35f71a456c15",
            "ticker": "HIGHNY-24MAR27-B54.5",
            "count": 44,
            "created_time": "2024-03-26T23:53:16.056446Z",
            "yes_price": 30,
            "no_price": 70,
            "taker_side": "yes"
        },
        {
            "trade_id": "bc604285-03a7-4a51-ba2c-e4f291bca93b",
            "ticker": "HIGHNY-24MAR27-B54.5",
            "count": 88,
            "created_time": "2024-03-26T23:53:16.056446Z",
            "yes_price": 32,
            "no_price": 68,
            "taker_side": "yes"
        },
        {
            "trade_id": "ab07aadb-d2af-4a82-a3e2-a3b5b9017407",
            "ticker": "HIGHNY-24MAR27-B54.5",
            "count": 88,
            "created_time": "2024-03-26T23:53:16.056446Z",
            "yes_price": 34,
            "no_price": 66,
            "taker_side": "yes"
        },
        {
            "trade_id": "f54fb485-6f01-4d7e-9b79-eb551f4329c1",
            "ticker": "HIGHNY-24MAR27-B54.5",
            "count": 45,
            "created_time": "2024-03-26T21:25:14.33336Z",
            "yes_price": 37,
            "no_price": 63,
            "taker_side": "yes"
        },
        {
            "trade_id": "398b6d1c-e8af-4b88-8a71-4d21313366f1",
            "ticker": "HIGHNY-24MAR27-B54.5",
            "count": 45,
            "created_time": "2024-03-26T21:25:07.2409Z",
            "yes_price": 36,
            "no_price": 64,
            "taker_side": "yes"
        },
        {
            "trade_id": "d05f5623-a875-48f1-aa24-472c9b7b6d43",
            "ticker": "HIGHNY-24MAR27-B54.5",
            "count": 45,
            "created_time": "2024-03-26T21:24:58.787408Z",
            "yes_price": 35,
            "no_price": 65,
            "taker_side": "yes"
        },
        {
            "trade_id": "db4e95c6-62ff-4e34-9879-9f1da85c74db",
            "ticker": "HIGHNY-24MAR27-B54.5",
            "count": 25,
            "created_time": "2024-03-26T21:24:50.275234Z",
            "yes_price": 34,
            "no_price": 66,
            "taker_side": "yes"
        },
        {
            "trade_id": "face2b46-61a4-410e-a527-25b9bb7a7dd5",
            "ticker": "HIGHNY-24MAR27-B54.5",
            "count": 20,
            "created_time": "2024-03-26T21:24:43.869267Z",
            "yes_price": 34,
            "no_price": 66,
            "taker_side": "no"
        },
        {
            "trade_id": "fce5aa75-df39-48f5-abd2-a416e45d1f33",
            "ticker": "HIGHNY-24MAR27-B54.5",
            "count": 10,
            "created_time": "2024-03-26T18:32:33.765767Z",
            "yes_price": 26,
            "no_price": 74,
            "taker_side": "yes"
        },
        {
            "trade_id": "f71bd426-795e-4aaf-b70f-0f42e15cc34a",
            "ticker": "HIGHNY-24MAR27-B54.5",
            "count": 10,
            "created_time": "2024-03-26T14:35:34.31055Z",
            "yes_price": 14,
            "no_price": 86,
            "taker_side": "yes"
        }
    ],
    "HIGHNY-24MAR27-B56.5": [
        {
            "trade_id": "f966c67d-592f-4ef9-9d4f-be4f42e1b750",
            "ticker": "HIGHNY-24MAR27-B56.5",
            "count": 498,
            "created_time": "2024-03-27T21:52:03.598911Z",
            "yes_price": 19,
            "no_price": 81,
            "taker_side": "yes"
        },
        {
            "trade_id": "ae1d5ece-91ef-4f24-995a-aba27225158b",
            "ticker": "HIGHNY-24MAR27-B56.5",
            "count": 5,
            "created_time": "2024-03-27T19:02:02.213925Z",
            "yes_price": 6,
            "no_price": 94,
            "taker_side": "yes"
        },
        {
            "trade_id": "2558e6de-a244-409c-8ed3-7b101701bce1",
            "ticker": "HIGHNY-24MAR27-B56.5",
            "count": 5,
            "created_time": "2024-03-27T18:52:04.180812Z",
            "yes_price": 7,
            "no_price": 93,
            "taker_side": "no"
        },
        {
            "trade_id": "4e8ee308-ccb9-488e-bee2-6f6ef8ad1402",
            "ticker": "HIGHNY-24MAR27-B56.5",
            "count": 5,
            "created_time": "2024-03-27T18:24:56.730667Z",
            "yes_price": 41,
            "no_price": 59,
            "taker_side": "yes"
        },
        {
            "trade_id": "278be18b-1b46-4830-93d5-11d69a217c1b",
            "ticker": "HIGHNY-24MAR27-B56.5",
            "count": 20,
            "created_time": "2024-03-27T18:15:14.075037Z",
            "yes_price": 7,
            "no_price": 93,
            "taker_side": "no"
        },
        {
            "trade_id": "b04e87d2-6d8e-4374-8488-897617a6aa27",
            "ticker": "HIGHNY-24MAR27-B56.5",
            "count": 20,
            "created_time": "2024-03-27T17:30:05.84103Z",
            "yes_price": 3,
            "no_price": 97,
            "taker_side": "yes"
        },
        {
            "trade_id": "bed8d619-c0a0-4085-a390-10f3eddc3b9a",
            "ticker": "HIGHNY-24MAR27-B56.5",
            "count": 1,
            "created_time": "2024-03-27T14:00:46.844608Z",
            "yes_price": 15,
            "no_price": 85,
            "taker_side": "no"
        },
        {
            "trade_id": "3ee8e084-9c8e-461e-b2e8-e33750f6bf13",
            "ticker": "HIGHNY-24MAR27-B56.5",
            "count": 10,
            "created_time": "2024-03-27T12:57:46.160962Z",
            "yes_price": 34,
            "no_price": 66,
            "taker_side": "yes"
        },
        {
            "trade_id": "baca2b86-dcd9-47cd-97e4-00cd4c0218c9",
            "ticker": "HIGHNY-24MAR27-B56.5",
            "count": 10,
            "created_time": "2024-03-27T12:57:08.286846Z",
            "yes_price": 35,
            "no_price": 65,
            "taker_side": "no"
        },
        {
            "trade_id": "e89a8cb2-60ef-41ed-a7f3-27fe6aff6f35",
            "ticker": "HIGHNY-24MAR27-B56.5",
            "count": 9,
            "created_time": "2024-03-27T12:42:23.532953Z",
            "yes_price": 18,
            "no_price": 82,
            "taker_side": "no"
        },
        {
            "trade_id": "570ca9b9-a5e1-434c-a3a6-e48a7ec2ffc5",
            "ticker": "HIGHNY-24MAR27-B56.5",
            "count": 9,
            "created_time": "2024-03-27T12:42:05.883362Z",
            "yes_price": 18,
            "no_price": 82,
            "taker_side": "no"
        },
        {
            "trade_id": "9ed27848-2b5f-400d-8712-cbd151eba24b",
            "ticker": "HIGHNY-24MAR27-B56.5",
            "count": 32,
            "created_time": "2024-03-27T12:41:35.492807Z",
            "yes_price": 18,
            "no_price": 82,
            "taker_side": "no"
        },
        {
            "trade_id": "27acecb5-a777-479d-a158-1a8949db9c39",
            "ticker": "HIGHNY-24MAR27-B56.5",
            "count": 82,
            "created_time": "2024-03-27T12:24:39.436313Z",
            "yes_price": 21,
            "no_price": 79,
            "taker_side": "no"
        },
        {
            "trade_id": "97c1a73d-2bac-4dad-b2a4-b5393f36a417",
            "ticker": "HIGHNY-24MAR27-B56.5",
            "count": 18,
            "created_time": "2024-03-27T12:18:47.479678Z",
            "yes_price": 21,
            "no_price": 79,
            "taker_side": "no"
        },
        {
            "trade_id": "12b198bf-caa1-42b0-a723-789410ce7ce8",
            "ticker": "HIGHNY-24MAR27-B56.5",
            "count": 46,
            "created_time": "2024-03-27T12:17:52.474287Z",
            "yes_price": 21,
            "no_price": 79,
            "taker_side": "no"
        },
        {
            "trade_id": "e0aa6b9e-3a4d-4735-b7b2-25b0dbfba1c6",
            "ticker": "HIGHNY-24MAR27-B56.5",
            "count": 2,
            "created_time": "2024-03-27T12:17:15.473249Z",
            "yes_price": 21,
            "no_price": 79,
            "taker_side": "no"
        },
        {
            "trade_id": "4ceff361-58a1-4473-9ed1-ac062017a3a9",
            "ticker": "HIGHNY-24MAR27-B56.5",
            "count": 11,
            "created_time": "2024-03-27T12:07:02.628343Z",
            "yes_price": 21,
            "no_price": 79,
            "taker_side": "no"
        },
        {
            "trade_id": "2e3dfe2a-9460-4ad5-b6db-cd87bb7c8f4a",
            "ticker": "HIGHNY-24MAR27-B56.5",
            "count": 4,
            "created_time": "2024-03-27T12:06:57.12529Z",
            "yes_price": 21,
            "no_price": 79,
            "taker_side": "no"
        },
        {
            "trade_id": "7cee5b81-df7e-4870-bafd-7ee9ade986d2",
            "ticker": "HIGHNY-24MAR27-B56.5",
            "count": 17,
            "created_time": "2024-03-27T12:06:46.948139Z",
            "yes_price": 21,
            "no_price": 79,
            "taker_side": "no"
        },
        {
            "trade_id": "01793864-5d49-4f22-a78c-056712100f88",
            "ticker": "HIGHNY-24MAR27-B56.5",
            "count": 8,
            "created_time": "2024-03-27T12:06:46.404367Z",
            "yes_price": 21,
            "no_price": 79,
            "taker_side": "no"
        },
        {
            "trade_id": "81bf4fa7-8d1d-4b4a-a2e1-b543d3cc5c53",
            "ticker": "HIGHNY-24MAR27-B56.5",
            "count": 12,
            "created_time": "2024-03-27T12:06:46.389323Z",
            "yes_price": 21,
            "no_price": 79,
            "taker_side": "no"
        },
        {
            "trade_id": "fe745cfc-c941-46d6-b888-10528995018c",
            "ticker": "HIGHNY-24MAR27-B56.5",
            "count": 17,
            "created_time": "2024-03-27T01:41:25.977122Z",
            "yes_price": 34,
            "no_price": 66,
            "taker_side": "no"
        },
        {
            "trade_id": "890fcf95-4452-4221-858d-b65619ca32eb",
            "ticker": "HIGHNY-24MAR27-B56.5",
            "count": 86,
            "created_time": "2024-03-27T01:41:25.977122Z",
            "yes_price": 32,
            "no_price": 68,
            "taker_side": "no"
        },
        {
            "trade_id": "4e1c9272-0515-49be-869e-b26d8bade89f",
            "ticker": "HIGHNY-24MAR27-B56.5",
            "count": 10,
            "created_time": "2024-03-27T01:41:25.977122Z",
            "yes_price": 37,
            "no_price": 63,
            "taker_side": "no"
        },
        {
            "trade_id": "2cd6805b-20a9-4c6d-b63d-9ffb38ec9b22",
            "ticker": "HIGHNY-24MAR27-B56.5",
            "count": 86,
            "created_time": "2024-03-27T01:41:25.977122Z",
            "yes_price": 30,
            "no_price": 70,
            "taker_side": "no"
        },
        {
            "trade_id": "e5b2a6b2-e7f5-4326-98cf-38f1554e8e60",
            "ticker": "HIGHNY-24MAR27-B56.5",
            "count": 4,
            "created_time": "2024-03-27T01:26:48.01831Z",
            "yes_price": 41,
            "no_price": 59,
            "taker_side": "yes"
        },
        {
            "trade_id": "d914dea4-9fc3-4805-b855-cbb55972ee11",
            "ticker": "HIGHNY-24MAR27-B56.5",
            "count": 11,
            "created_time": "2024-03-27T00:25:07.89913Z",
            "yes_price": 39,
            "no_price": 61,
            "taker_side": "yes"
        },
        {
            "trade_id": "4ee69b55-daf0-480a-8d1c-293b2dfe7f33",
            "ticker": "HIGHNY-24MAR27-B56.5",
            "count": 23,
            "created_time": "2024-03-27T00:25:07.89913Z",
            "yes_price": 41,
            "no_price": 59,
            "taker_side": "yes"
        },
        {
            "trade_id": "f2643338-6b0b-4704-8b8b-0af8962d27b9",
            "ticker": "HIGHNY-24MAR27-B56.5",
            "count": 29,
            "created_time": "2024-03-27T00:20:35.544424Z",
            "yes_price": 38,
            "no_price": 62,
            "taker_side": "yes"
        },
        {
            "trade_id": "ca7e232d-67cc-40a8-b6e9-1376538a92c3",
            "ticker": "HIGHNY-24MAR27-B56.5",
            "count": 29,
            "created_time": "2024-03-27T00:20:35.544424Z",
            "yes_price": 40,
            "no_price": 60,
            "taker_side": "yes"
        },
        {
            "trade_id": "a7b58879-d89a-4deb-9b5f-37f13f94d541",
            "ticker": "HIGHNY-24MAR27-B56.5",
            "count": 8,
            "created_time": "2024-03-27T00:19:42.980465Z",
            "yes_price": 35,
            "no_price": 65,
            "taker_side": "yes"
        },
        {
            "trade_id": "974d2223-c73f-49a8-883c-75ee106c97e9",
            "ticker": "HIGHNY-24MAR27-B56.5",
            "count": 36,
            "created_time": "2024-03-26T21:43:14.764704Z",
            "yes_price": 32,
            "no_price": 68,
            "taker_side": "no"
        },
        {
            "trade_id": "e191a084-7f59-403c-b6b5-27f00891619f",
            "ticker": "HIGHNY-24MAR27-B56.5",
            "count": 9,
            "created_time": "2024-03-26T21:43:10.323309Z",
            "yes_price": 32,
            "no_price": 68,
            "taker_side": "yes"
        },
        {
            "trade_id": "eaa8fde7-8fac-478f-9a0f-e21ffb124a0f",
            "ticker": "HIGHNY-24MAR27-B56.5",
            "count": 36,
            "created_time": "2024-03-26T21:43:07.594507Z",
            "yes_price": 32,
            "no_price": 68,
            "taker_side": "yes"
        },
        {
            "trade_id": "7cb36c12-ffed-4323-92af-a5b0ebf212d7",
            "ticker": "HIGHNY-24MAR27-B56.5",
            "count": 45,
            "created_time": "2024-03-26T21:41:09.460105Z",
            "yes_price": 33,
            "no_price": 67,
            "taker_side": "no"
        },
        {
            "trade_id": "e3755e17-fa2e-4470-824e-5bb8a23f9d42",
            "ticker": "HIGHNY-24MAR27-B56.5",
            "count": 18,
            "created_time": "2024-03-26T18:35:34.914212Z",
            "yes_price": 37,
            "no_price": 63,
            "taker_side": "no"
        },
        {
            "trade_id": "4e5bb693-e07a-4e50-81ef-82116d3928b1",
            "ticker": "HIGHNY-24MAR27-B56.5",
            "count": 90,
            "created_time": "2024-03-26T18:35:34.914212Z",
            "yes_price": 35,
            "no_price": 65,
            "taker_side": "no"
        },
        {
            "trade_id": "68efdf1e-54d6-4452-8369-4b90bba21e6e",
            "ticker": "HIGHNY-24MAR27-B56.5",
            "count": 90,
            "created_time": "2024-03-26T18:24:29.722421Z",
            "yes_price": 35,
            "no_price": 65,
            "taker_side": "no"
        },
        {
            "trade_id": "583b80f4-483b-4bc2-bc81-5aca4ccc7689",
            "ticker": "HIGHNY-24MAR27-B56.5",
            "count": 90,
            "created_time": "2024-03-26T18:24:29.722421Z",
            "yes_price": 37,
            "no_price": 63,
            "taker_side": "no"
        },
        {
            "trade_id": "2dd14ad9-09bf-4d5b-b184-062835321366",
            "ticker": "HIGHNY-24MAR27-B56.5",
            "count": 35,
            "created_time": "2024-03-26T18:24:29.722421Z",
            "yes_price": 39,
            "no_price": 61,
            "taker_side": "no"
        },
        {
            "trade_id": "74fca011-69e2-4477-b62e-21eb39a57983",
            "ticker": "HIGHNY-24MAR27-B56.5",
            "count": 10,
            "created_time": "2024-03-26T17:30:19.095201Z",
            "yes_price": 39,
            "no_price": 61,
            "taker_side": "no"
        }
    ],
    "HIGHNY-24MAR27-B58.5": [
        {
            "trade_id": "25c6664b-7bbc-42c3-833b-c03440f2e1be",
            "ticker": "HIGHNY-24MAR27-B58.5",
            "count": 67,
            "created_time": "2024-03-28T03:08:18.752859Z",
            "yes_price": 14,
            "no_price": 86,
            "taker_side": "yes"
        },
        {
            "trade_id": "33aef039-c010-49f9-83d5-327644d6f745",
            "ticker": "HIGHNY-24MAR27-B58.5",
            "count": 118,
            "created_time": "2024-03-27T16:53:41.95875Z",
            "yes_price": 1,
            "no_price": 99,
            "taker_side": "no"
        },
        {
            "trade_id": "fcd75e8f-69f0-4aff-a9a9-23d7d30ddb72",
            "ticker": "HIGHNY-24MAR27-B58.5",
            "count": 300,
            "created_time": "2024-03-27T14:54:00.129823Z",
            "yes_price": 3,
            "no_price": 97,
            "taker_side": "no"
        },
        {
            "trade_id": "39a1941d-e72a-4227-ad0f-e14ebc7bfcc9",
            "ticker": "HIGHNY-24MAR27-B58.5",
            "count": 1,
            "created_time": "2024-03-27T14:00:46.85517Z",
            "yes_price": 3,
            "no_price": 97,
            "taker_side": "no"
        },
        {
            "trade_id": "f4fb5040-1c28-4f3d-bff4-4c492b61ab5e",
            "ticker": "HIGHNY-24MAR27-B58.5",
            "count": 13,
            "created_time": "2024-03-27T13:27:03.782389Z",
            "yes_price": 6,
            "no_price": 94,
            "taker_side": "no"
        },
        {
            "trade_id": "86d6b7ea-3328-4580-9327-fb41e6f7baa7",
            "ticker": "HIGHNY-24MAR27-B58.5",
            "count": 105,
            "created_time": "2024-03-27T13:26:52.346945Z",
            "yes_price": 6,
            "no_price": 94,
            "taker_side": "no"
        },
        {
            "trade_id": "86c9bf0a-85ff-43ab-b6df-01995182e6f6",
            "ticker": "HIGHNY-24MAR27-B58.5",
            "count": 10,
            "created_time": "2024-03-27T12:57:08.300775Z",
            "yes_price": 6,
            "no_price": 94,
            "taker_side": "no"
        },
        {
            "trade_id": "7e2fd5fa-abf5-40e8-bb41-6c41fc11c508",
            "ticker": "HIGHNY-24MAR27-B58.5",
            "count": 10,
            "created_time": "2024-03-27T12:57:08.278232Z",
            "yes_price": 7,
            "no_price": 93,
            "taker_side": "no"
        },
        {
            "trade_id": "13e452db-6f19-4536-b0df-9f0776539a99",
            "ticker": "HIGHNY-24MAR27-B58.5",
            "count": 9,
            "created_time": "2024-03-27T12:42:23.533524Z",
            "yes_price": 6,
            "no_price": 94,
            "taker_side": "no"
        },
        {
            "trade_id": "28f33b47-23e9-4309-bfb5-356b6f472af5",
            "ticker": "HIGHNY-24MAR27-B58.5",
            "count": 9,
            "created_time": "2024-03-27T12:42:05.882301Z",
            "yes_price": 6,
            "no_price": 94,
            "taker_side": "no"
        },
        {
            "trade_id": "cbe2b0d5-7875-49d9-8b28-1ddacbf9c9e4",
            "ticker": "HIGHNY-24MAR27-B58.5",
            "count": 32,
            "created_time": "2024-03-27T12:41:35.494507Z",
            "yes_price": 6,
            "no_price": 94,
            "taker_side": "no"
        },
        {
            "trade_id": "67894ebe-9dc3-42ab-9fd0-1ab432390796",
            "ticker": "HIGHNY-24MAR27-B58.5",
            "count": 18,
            "created_time": "2024-03-27T12:18:47.462616Z",
            "yes_price": 6,
            "no_price": 94,
            "taker_side": "no"
        },
        {
            "trade_id": "690c51e9-f078-4ae3-a27e-b88b96cc46f2",
            "ticker": "HIGHNY-24MAR27-B58.5",
            "count": 2,
            "created_time": "2024-03-27T12:17:15.474672Z",
            "yes_price": 6,
            "no_price": 94,
            "taker_side": "no"
        },
        {
            "trade_id": "0f194bfa-c18b-426c-818b-ffc9548905e8",
            "ticker": "HIGHNY-24MAR27-B58.5",
            "count": 11,
            "created_time": "2024-03-27T12:07:02.626069Z",
            "yes_price": 6,
            "no_price": 94,
            "taker_side": "no"
        },
        {
            "trade_id": "6be1303b-a852-49d9-aef9-61f920c9d03c",
            "ticker": "HIGHNY-24MAR27-B58.5",
            "count": 4,
            "created_time": "2024-03-27T12:06:57.124224Z",
            "yes_price": 6,
            "no_price": 94,
            "taker_side": "no"
        },
        {
            "trade_id": "6b545f2b-a36c-4eee-9d58-a6984257c17c",
            "ticker": "HIGHNY-24MAR27-B58.5",
            "count": 17,
            "created_time": "2024-03-27T12:06:46.948975Z",
            "yes_price": 6,
            "no_price": 94,
            "taker_side": "no"
        },
        {
            "trade_id": "a324d1df-2d8a-4277-8765-cd39781f204a",
            "ticker": "HIGHNY-24MAR27-B58.5",
            "count": 8,
            "created_time": "2024-03-27T12:06:46.405223Z",
            "yes_price": 6,
            "no_price": 94,
            "taker_side": "no"
        },
        {
            "trade_id": "98e1ced0-90e2-4a10-a122-4b9a4c774bbc",
            "ticker": "HIGHNY-24MAR27-B58.5",
            "count": 12,
            "created_time": "2024-03-27T12:06:46.397782Z",
            "yes_price": 6,
            "no_price": 94,
            "taker_side": "no"
        },
        {
            "trade_id": "fcd95899-6669-4080-bfd4-afd5fdd1f664",
            "ticker": "HIGHNY-24MAR27-B58.5",
            "count": 70,
            "created_time": "2024-03-27T00:18:10.42929Z",
            "yes_price": 13,
            "no_price": 87,
            "taker_side": "no"
        },
        {
            "trade_id": "64271dce-a48f-47f8-a593-3e06da5b7299",
            "ticker": "HIGHNY-24MAR27-B58.5",
            "count": 87,
            "created_time": "2024-03-27T00:18:10.42929Z",
            "yes_price": 11,
            "no_price": 89,
            "taker_side": "no"
        },
        {
            "trade_id": "8beab6f5-89af-4b23-8ed4-e5728a587818",
            "ticker": "HIGHNY-24MAR27-B58.5",
            "count": 18,
            "created_time": "2024-03-26T23:52:48.128173Z",
            "yes_price": 18,
            "no_price": 82,
            "taker_side": "no"
        },
        {
            "trade_id": "6d3e5b15-cd62-427e-a8ec-2d6a98ed90e2",
            "ticker": "HIGHNY-24MAR27-B58.5",
            "count": 90,
            "created_time": "2024-03-26T23:52:48.128173Z",
            "yes_price": 16,
            "no_price": 84,
            "taker_side": "no"
        },
        {
            "trade_id": "c860306a-fa39-43a3-acd7-1d985d588645",
            "ticker": "HIGHNY-24MAR27-B58.5",
            "count": 19,
            "created_time": "2024-03-26T21:43:04.347773Z",
            "yes_price": 12,
            "no_price": 88,
            "taker_side": "no"
        },
        {
            "trade_id": "95006be1-ca8b-4fc2-bda9-6ab6f2e933b3",
            "ticker": "HIGHNY-24MAR27-B58.5",
            "count": 90,
            "created_time": "2024-03-26T21:43:04.347773Z",
            "yes_price": 12,
            "no_price": 88,
            "taker_side": "no"
        },
        {
            "trade_id": "7e6aa20d-6c76-4ced-870c-cae922cf6b7e",
            "ticker": "HIGHNY-24MAR27-B58.5",
            "count": 18,
            "created_time": "2024-03-26T21:41:27.991167Z",
            "yes_price": 13,
            "no_price": 87,
            "taker_side": "no"
        },
        {
            "trade_id": "18c857b5-ef58-4a03-aa60-3380cffd10eb",
            "ticker": "HIGHNY-24MAR27-B58.5",
            "count": 36,
            "created_time": "2024-03-26T21:41:17.128819Z",
            "yes_price": 13,
            "no_price": 87,
            "taker_side": "no"
        },
        {
            "trade_id": "d7baad52-c4d5-4c2a-81bb-2ece4a9159f5",
            "ticker": "HIGHNY-24MAR27-B58.5",
            "count": 63,
            "created_time": "2024-03-26T18:24:48.323168Z",
            "yes_price": 22,
            "no_price": 78,
            "taker_side": "no"
        },
        {
            "trade_id": "c639d128-b84f-40f1-8d09-35a1ce0382cc",
            "ticker": "HIGHNY-24MAR27-B58.5",
            "count": 90,
            "created_time": "2024-03-26T18:24:48.323168Z",
            "yes_price": 19,
            "no_price": 81,
            "taker_side": "no"
        },
        {
            "trade_id": "5922d0ef-906f-416c-8e37-5e7238769ab6",
            "ticker": "HIGHNY-24MAR27-B58.5",
            "count": 90,
            "created_time": "2024-03-26T18:24:48.323168Z",
            "yes_price": 20,
            "no_price": 80,
            "taker_side": "no"
        },
        {
            "trade_id": "0fdb953e-663d-4227-8b0a-9d6cc36dbb1e",
            "ticker": "HIGHNY-24MAR27-B58.5",
            "count": 8,
            "created_time": "2024-03-26T17:30:19.833468Z",
            "yes_price": 23,
            "no_price": 77,
            "taker_side": "no"
        },
        {
            "trade_id": "773e275c-a865-45a8-b70d-9db1760e4c26",
            "ticker": "HIGHNY-24MAR27-B58.5",
            "count": 10,
            "created_time": "2024-03-26T16:58:12.008214Z",
            "yes_price": 23,
            "no_price": 77,
            "taker_side": "no"
        }
    ],
    "HIGHNY-24MAR27-T59": [
        {
            "trade_id": "a80e9055-1c6c-4616-ba75-9def4b77e775",
            "ticker": "HIGHNY-24MAR27-T59",
            "count": 1,
            "created_time": "2024-03-27T14:00:46.852997Z",
            "yes_price": 1,
            "no_price": 99,
            "taker_side": "no"
        },
        {
            "trade_id": "468d2596-f512-4643-b6ef-009d4f08f9ff",
            "ticker": "HIGHNY-24MAR27-T59",
            "count": 10,
            "created_time": "2024-03-27T12:57:08.286117Z",
            "yes_price": 1,
            "no_price": 99,
            "taker_side": "no"
        },
        {
            "trade_id": "3bd69250-ff59-4820-be49-0467261e2f28",
            "ticker": "HIGHNY-24MAR27-T59",
            "count": 10,
            "created_time": "2024-03-27T12:57:08.285135Z",
            "yes_price": 1,
            "no_price": 99,
            "taker_side": "no"
        },
        {
            "trade_id": "e35356d0-4e52-40c5-a7d1-ea1247acf904",
            "ticker": "HIGHNY-24MAR27-T59",
            "count": 9,
            "created_time": "2024-03-27T12:42:23.532201Z",
            "yes_price": 1,
            "no_price": 99,
            "taker_side": "no"
        },
        {
            "trade_id": "3a2335e6-3989-49dd-adb4-640490a4ad9e",
            "ticker": "HIGHNY-24MAR27-T59",
            "count": 9,
            "created_time": "2024-03-27T12:42:05.886471Z",
            "yes_price": 1,
            "no_price": 99,
            "taker_side": "no"
        },
        {
            "trade_id": "02de0fc4-9929-4780-858e-5e78000ea704",
            "ticker": "HIGHNY-24MAR27-T59",
            "count": 32,
            "created_time": "2024-03-27T12:41:35.493809Z",
            "yes_price": 1,
            "no_price": 99,
            "taker_side": "no"
        },
        {
            "trade_id": "4d7b05ad-6470-482b-bf78-f5856567400f",
            "ticker": "HIGHNY-24MAR27-T59",
            "count": 18,
            "created_time": "2024-03-27T12:18:47.478787Z",
            "yes_price": 1,
            "no_price": 99,
            "taker_side": "no"
        },
        {
            "trade_id": "81ce2e21-db46-4ac1-8d3b-395fced16096",
            "ticker": "HIGHNY-24MAR27-T59",
            "count": 2,
            "created_time": "2024-03-27T12:17:15.474009Z",
            "yes_price": 1,
            "no_price": 99,
            "taker_side": "no"
        }
    ]
}