{
    "KXHIGHNY-24NOV23-T46": [
        {
            "trade_id": "9922bf03-a6b5-4949-b32d-e847cf7304ef",
            "ticker": "KXHIGHNY-24NOV23-T46",
            "count": 1,
            "created_time": "2024-11-24T00:39:21.970808Z",
            "yes_price": 1,
            "no_price": 99,
            "taker_side": "yes"
        },
        {
            "trade_id": "04a45452-2915-478c-b943-3533ce861a96",
            "ticker": "KXHIGHNY-24NOV23-T46",
            "count": 1402,
            "created_time": "2024-11-24T00:01:03.933343Z",
            "yes_price": 1,
            "no_price": 99,
            "taker_side": "yes"
        },
        {
            "trade_id": "cb94acbe-4aeb-4b1e-b219-13812c7dc17b",
            "ticker": "KXHIGHNY-24NOV23-T46",
            "count": 9,
            "created_time": "2024-11-23T22:53:26.484485Z",
            "yes_price": 1,
            "no_price": 99,
            "taker_side": "yes"
        },
        {
            "trade_id": "ad999249-2b6a-4926-b27f-c39198c0b470",
            "ticker": "KXHIGHNY-24NOV23-T46",
            "count": 935,
            "created_time": "2024-11-23T22:01:58.606802Z",
            "yes_price": 1,
            "no_price": 99,
            "taker_side": "yes"
        },
        {
            "trade_id": "79697fc4-e6af-451e-a29e-5026bde48018",
            "ticker": "KXHIGHNY-24NOV23-T46",
            "count": 1,
            "created_time": "2024-11-23T21:34:26.195369Z",
            "yes_price": 1,
            "no_price": 99,
            "taker_side": "yes"
        },
        {
            "trade_id": "d4df2ad9-8588-44f9-9ecc-455a448188ab",
            "ticker": "KXHIGHNY-24NOV23-T46",
            "count": 93,
            "created_time": "2024-11-23T21:27:14.640285Z",
            "yes_price": 1,
            "no_price": 99,
            "taker_side": "yes"
        },
        {
            "trade_id": "2ef7ef1e-2910-49f3-8a8c-98bf00e05c5d",
            "ticker": "KXHIGHNY-24NOV23-T46",
            "count": 100,
            "created_time": "2024-11-23T18:26:15.003777Z",
            "yes_price": 1,
            "no_price": 99,
            "taker_side": "yes"
        },
        {
            "trade_id": "66167ab8-080c-4b56-a432-a38890a0fb78",
            "ticker": "KXHIGHNY-24NOV23-T46",
            "count": 119,
            "created_time": "2024-11-23T17:28:27.858375Z",
            "yes_price": 1,
            "no_price": 99,
            "taker_side": "yes"
        },
        {
            "trade_id": "f2ff61d5-8875-4575-ad93-95035821dd21",
            "ticker": "KXHIGHNY-24NOV23-T46",
            "count": 252,
            "created_time": "2024-11-23T15:53:24.559397Z",
            "yes_price": 1,
            "no_price": 99,
            "taker_side": "yes"
        },
        {
            "trade_id": "de3a4d7b-53fb-4224-b81f-0d6eacd25402",
            "ticker": "KXHIGHNY-24NOV23-T46",
            "count": 50,
            "created_time": "2024-11-23T15:53:24.559397Z",
            "yes_price": 1,
            "no_price": 99,
            "taker_side": "yes"
        },
        {
            "trade_id": "92e0e02b-324c-48c8-a412-a9e0fa331bef",
            "ticker": "KXHIGHNY-24NOV23-T46",
            "count": 114,
            "created_time": "2024-11-23T15:53:24.559397Z",
            "yes_price": 1,
            "no_price": 99,
            "taker_side": "yes"
        },
        {
            "trade_id": "2a40f8f8-034d-4bdb-a943-7895ce615ff0",
            "ticker": "KXHIGHNY-24NOV23-T46",
            "count": 50,
            "created_time": "2024-11-23T15:53:24.559397Z",
            "yes_price": 1,
            "no_price": 99,
            "taker_side": "yes"
        },
        {
            "trade_id": "d8fc29fd-5114-48a8-bccd-07f2c5a9952f",
            "ticker": "KXHIGHNY-24NOV23-T46",
            "count": 25,
            "created_time": "2024-11-23T14:56:22.79457Z",
            "yes_price": 1,
            "no_price": 99,
            "taker_side": "yes"
        },
        {
            "trade_id": "c91be3dd-524d-4585-a837-6b455946206e",
            "ticker": "KXHIGHNY-24NOV23-T46",
            "count": 353,
            "created_time": "2024-11-23T14:56:22.79457Z",
            "yes_price": 1,
            "no_price": 99,
            "taker_side": "yes"
        },
        {
            "trade_id": "74d6dd91-741e-4a60-94a9-a71e1bb63991",
            "ticker": "KXHIGHNY-24NOV23-T46",
            "count": 21,
            "created_time": "2024-11-23T14:56:22.79457Z",
            "yes_price": 1,
            "no_price": 99,
            "taker_side": "yes"
        },
        {
            "trade_id": "d77e8e68-4cd6-4958-9b13-d5c529c28aa3",
            "ticker": "KXHIGHNY-24NOV23-T46",
            "count": 50,
            "created_time": "2024-11-23T13:55:34.156272Z",
            "yes_price": 3,
            "no_price": 97,
            "taker_side": "yes"
        },
        {
            "trade_id": "a4795198-5d55-4d71-b648-24adf6189e74",
            "ticker": "KXHIGHNY-24NOV23-T46",
            "count": 79,
            "created_time": "2024-11-23T13:55:34.156272Z",
            "yes_price": 7,
            "no_price": 93,
            "taker_side": "yes"
        },
        {
            "trade_id": "92e0f8da-eaa1-4748-ab55-abfa9a6f9878",
            "ticker": "KXHIGHNY-24NOV23-T46",
            "count": 21,
            "created_time": "2024-11-23T13:55:34.156272Z",
            "yes_price": 2,
            "no_price": 98,
            "taker_side": "yes"
        },
        {
            "trade_id": "8e6c845e-b9bd-481b-98ac-a0b1ad49921f",
            "ticker": "KXHIGHNY-24NOV23-T46",
            "count": 1,
            "created_time": "2024-11-23T13:55:34.156272Z",
            "yes_price": 3,
            "no_price": 97,
            "taker_side": "yes"
        },
        {
            "trade_id": "d543c6ab-783f-406d-b070-da578e17af0a",
            "ticker": "KXHIGHNY-24NOV23-T46",
            "count": 4,
            "created_time": "2024-11-23T13:48:10.561444Z",
            "yes_price": 2,
            "no_price": 98,
            "taker_side": "yes"
        },
        {
            "trade_id": "cfa78f76-9350-4c1b-acd8-0eabdbf0e6d8",
            "ticker": "KXHIGHNY-24NOV23-T46",
            "count": 2,
            "created_time": "2024-11-23T13:48:10.561444Z",
            "yes_price": 2,
            "no_price": 98,
            "taker_side": "yes"
        },
        {
            "trade_id": "5c6b58cc-c81b-42a0-b451-4eda15368b19",
            "ticker": "KXHIGHNY-24NOV23-T46",
            "count": 49,
            "created_time": "2024-11-23T13:25:04.789046Z",
            "yes_price": 2,
            "no_price": 98,
            "taker_side": "no"
        },
        {
            "trade_id": "f72cc1e0-78d3-464c-978e-66e1dd4630db",
            "ticker": "KXHIGHNY-24NOV23-T46",
            "count": 1,
            "created_time": "2024-11-23T13:22:06.609812Z",
            "yes_price": 2,
            "no_price": 98,
            "taker_side": "yes"
        },
        {
            "trade_id": "f0e0f91b-a7ee-4ded-9c4c-94ce5817246c",
            "ticker": "KXHIGHNY-24NOV23-T46",
            "count": 36,
            "created_time": "2024-11-23T13:05:23.674951Z",
            "yes_price": 1,
            "no_price": 99,
            "taker_side": "no"
        },
        {
            "trade_id": "f005c892-a36c-4c71-aeee-69e140ee3566",
            "ticker": "KXHIGHNY-24NOV23-T46",
            "count": 30,
            "created_time": "2024-11-23T13:02:55.686189Z",
            "yes_price": 4,
            "no_price": 96,
            "taker_side": "yes"
        },
        {
            "trade_id": "e5d405e5-6c0e-40fb-9157-d937ae588c37",
            "ticker": "KXHIGHNY-24NOV23-T46",
            "count": 50,
            "created_time": "2024-11-23T13:02:55.686189Z",
            "yes_price": 8,
            "no_price": 92,
            "taker_side": "yes"
        },
        {
            "trade_id": "4001abb0-39bb-4b59-8653-f3093b811d02",
            "ticker": "KXHIGHNY-24NOV23-T46",
            "count": 325,
            "created_time": "2024-11-23T13:02:55.686189Z",
            "yes_price": 4,
            "no_price": 96,
            "taker_side": "yes"
        },
        {
            "trade_id": "11397c9e-9ddf-4bf3-aa3b-4a231f07acc8",
            "ticker": "KXHIGHNY-24NOV23-T46",
            "count": 105,
            "created_time": "2024-11-23T13:02:55.686189Z",
            "yes_price": 9,
            "no_price": 91,
            "taker_side": "yes"
        },
        {
            "trade_id": "01c65365-317c-4b8e-b1c9-0b22edfc7cce",
            "ticker": "KXHIGHNY-24NOV23-T46",
            "count": 240,
            "created_time": "2024-11-23T13:02:55.686189Z",
            "yes_price": 8,
            "no_price": 92,
            "taker_side": "yes"
        },
        {
            "trade_id": "6fe3e58d-ac29-4b73-94e5-b5675d37e325",
            "ticker": "KXHIGHNY-24NOV23-T46",
            "count": 36,
            "created_time": "2024-11-23T07:36:17.808051Z",
            "yes_price": 1,
            "no_price": 99,
            "taker_side": "no"
        },
        {
            "trade_id": "fb91e6a7-38b2-4dbf-9600-306d213d0fd7",
            "ticker": "KXHIGHNY-24NOV23-T46",
            "count": 36,
            "created_time": "2024-11-23T07:32:11.885264Z",
            "yes_price": 4,
            "no_price": 96,
            "taker_side": "yes"
        },
        {
            "trade_id": "55dfb95c-753d-447b-bb08-27c643e443b7",
            "ticker": "KXHIGHNY-24NOV23-T46",
            "count": 264,
            "created_time": "2024-11-23T07:32:11.885264Z",
            "yes_price": 3,
            "no_price": 97,
            "taker_side": "yes"
        },
        {
            "trade_id": "e907f898-6efa-42c3-8ca4-c53ccc3b8e4e",
            "ticker": "KXHIGHNY-24NOV23-T46",
            "count": 97,
            "created_time": "2024-11-23T07:31:06.727677Z",
            "yes_price": 3,
            "no_price": 97,
            "taker_side": "yes"
        },
        {
            "trade_id": "48a9c8de-9a26-4754-bf3e-cb9c83a3205a",
            "ticker": "KXHIGHNY-24NOV23-T46",
            "count": 1,
            "created_time": "2024-11-23T07:31:06.727677Z",
            "yes_price": 3,
            "no_price": 97,
            "taker_side": "yes"
        },
        {
            "trade_id": "e87261fc-3af5-4968-a9c2-f6e6cafc8b30",
            "ticker": "KXHIGHNY-24NOV23-T46",
            "count": 1,
            "created_time": "2024-11-23T07:11:34.545871Z",
            "yes_price": 2,
            "no_price": 98,
            "taker_side": "yes"
        },
        {
            "trade_id": "665daeb2-59e6-4181-b52c-d80107b45a5c",
            "ticker": "KXHIGHNY-24NOV23-T46",
            "count": 1,
            "created_time": "2024-11-23T06:58:17.21056Z",
            "yes_price": 1,
            "no_price": 99,
            "taker_side": "yes"
        },
        {
            "trade_id": "5858afcd-f83c-45d5-a6d1-2a7097878581",
            "ticker": "KXHIGHNY-24NOV23-T46",
            "count": 467,
            "created_time": "2024-11-23T06:16:50.472892Z",
            "yes_price": 1,
            "no_price": 99,
            "taker_side": "yes"
        },
        {
            "trade_id": "d2b3cf21-4e20-4e99-88cf-a47e5e70a1be",
            "ticker": "KXHIGHNY-24NOV23-T46",
            "count": 100,
            "created_time": "2024-11-23T05:54:52.772657Z",
            "yes_price": 1,
            "no_price": 99,
            "taker_side": "yes"
        },
        {
            "trade_id": "fc5761ed-3dd0-4d13-acee-4278e5b340d3",
            "ticker": "KXHIGHNY-24NOV23-T46",
            "count": 300,
            "created_time": "2024-11-23T05:19:38.008345Z",
            "yes_price": 1,
            "no_price": 99,
            "taker_side": "no"
        },
        {
            "trade_id": "b433b33a-6d95-4297-811a-6e92cca58eae",
            "ticker": "KXHIGHNY-24NOV23-T46",
            "count": 24,
            "created_time": "2024-11-23T05:19:38.008345Z",
            "yes_price": 1,
            "no_price": 99,
            "taker_side": "no"
        },
        {
            "trade_id": "87a46cd0-1b3d-4439-82c1-61817c6978ba",
            "ticker": "KXHIGHNY-24NOV23-T46",
            "count": 92,
            "created_time": "2024-11-23T05:19:38.008345Z",
            "yes_price": 1,
            "no_price": 99,
            "taker_side": "no"
        },
        {
            "trade_id": "2dfba8fc-c3b0-4d01-9f0b-fc54e5c6df19",
            "ticker": "KXHIGHNY-24NOV23-T46",
            "count": 312,
            "created_time": "2024-11-23T04:37:00.302735Z",
            "yes_price": 3,
            "no_price": 97,
            "taker_side": "yes"
        },
        {
            "trade_id": "9ac46f27-0455-4c37-a685-f0e8fc97792a",
            "ticker": "KXHIGHNY-24NOV23-T46",
            "count": 1,
            "created_time": "2024-11-23T04:13:09.387141Z",
            "yes_price": 1,
            "no_price": 99,
            "taker_side": "no"
        },
        {
            "trade_id": "2a01e813-8a50-4d18-a325-b906008723e6",
            "ticker": "KXHIGHNY-24NOV23-T46",
            "count": 62,
            "created_time": "2024-11-23T03:47:57.305331Z",
            "yes_price": 3,
            "no_price": 97,
            "taker_side": "yes"
        },
        {
            "trade_id": "33eb5279-8a32-4b72-a56f-9276cfa0278c",
            "ticker": "KXHIGHNY-24NOV23-T46",
            "count": 7,
            "created_time": "2024-11-23T03:38:40.186916Z",
            "yes_price": 1,
            "no_price": 99,
            "taker_side": "no"
        },
        {
            "trade_id": "91bb9208-64b8-4ba4-afab-576d6b8265ed",
            "ticker": "KXHIGHNY-24NOV23-T46",
            "count": 10,
            "created_time": "2024-11-23T03:37:51.714356Z",
            "yes_price": 2,
            "no_price": 98,
            "taker_side": "no"
        },
        {
            "trade_id": "a8a3e41c-f294-456f-b0d3-84b289aca660",
            "ticker": "KXHIGHNY-24NOV23-T46",
            "count": 50,
            "created_time": "2024-11-23T03:24:08.52Z",
            "yes_price": 3,
            "no_price": 97,
            "taker_side": "yes"
        },
        {
            "trade_id": "042d5814-a76e-4e5f-92f4-38008b739707",
            "ticker": "KXHIGHNY-24NOV23-T46",
            "count": 312,
            "created_time": "2024-11-23T03:13:23.551903Z",
            "yes_price": 3,
            "no_price": 97,
            "taker_side": "yes"
        },
        {
            "trade_id": "0920f958-5ede-4039-a57a-74d1e14680f7",
            "ticker": "KXHIGHNY-24NOV23-T46",
            "count": 156,
            "created_time": "2024-11-23T02:39:12.003185Z",
            "yes_price": 3,
            "no_price": 97,
            "taker_side": "yes"
        },
        {
            "trade_id": "d272528c-c5cb-4851-b19b-4eaa5164ed9f",
            "ticker": "KXHIGHNY-24NOV23-T46",
            "count": 312,
            "created_time": "2024-11-23T02:37:36.523678Z",
            "yes_price": 3,
            "no_price": 97,
            "taker_side": "yes"
        },
        {
            "trade_id": "d1dacff3-db1c-49f8-9250-25de6f3cef38",
            "ticker": "KXHIGHNY-24NOV23-T46",
            "count": 221,
            "created_time": "2024-11-23T02:35:42.644793Z",
            "yes_price": 2,
            "no_price": 98,
            "taker_side": "no"
        },
        {
            "trade_id": "8fa8282a-cd27-467f-b82e-1b6f379e1aa2",
            "ticker": "KXHIGHNY-24NOV23-T46",
            "count": 835,
            "created_time": "2024-11-23T02:35:42.644793Z",
            "yes_price": 2,
            "no_price": 98,
            "taker_side": "no"
        },
        {
            "trade_id": "4dd100e3-3519-4933-a654-5decb681e63a",
            "ticker": "KXHIGHNY-24NOV23-T46",
            "count": 611,
            "created_time": "2024-11-23T02:35:42.644793Z",
            "yes_price": 2,
            "no_price": 98,
            "taker_side": "no"
        },
        {
            "trade_id": "39bcd333-7079-4404-b3a8-65224dada6d7",
            "ticker": "KXHIGHNY-24NOV23-T46",
            "count": 704,
            "created_time": "2024-11-23T02:35:42.644793Z",
            "yes_price": 2,
            "no_price": 98,
            "taker_side": "no"
        },
        {
            "trade_id": "7172d819-99dc-443a-9e4f-7ec032c0330f",
            "ticker": "KXHIGHNY-24NOV23-T46",
            "count": 20,
            "created_time": "2024-11-23T02:34:46.088455Z",
            "yes_price": 2,
            "no_price": 98,
            "taker_side": "no"
        },
        {
            "trade_id": "20199e51-a84e-45dc-b774-01fd9cff5fc8",
            "ticker": "KXHIGHNY-24NOV23-T46",
            "count": 10,
            "created_time": "2024-11-23T02:28:46.038689Z",
            "yes_price": 2,
            "no_price": 98,
            "taker_side": "no"
        },
        {
            "trade_id": "ccc56b7e-e850-4ba7-9735-9a448e8b80de",
            "ticker": "KXHIGHNY-24NOV23-T46",
            "count": 5,
            "created_time": "2024-11-23T02:28:42.555904Z",
            "yes_price": 6,
            "no_price": 94,
            "taker_side": "yes"
        },
        {
            "trade_id": "4429a7dd-dd84-4cbc-9faa-eb74841c89d8",
            "ticker": "KXHIGHNY-24NOV23-T46",
            "count": 62,
            "created_time": "2024-11-23T02:28:42.555904Z",
            "yes_price": 7,
            "no_price": 93,
            "taker_side": "yes"
        },
        {
            "trade_id": "d4ce17dc-d59b-407d-88ad-9a95edc1e781",
            "ticker": "KXHIGHNY-24NOV23-T46",
            "count": 70,
            "created_time": "2024-11-23T02:25:44.692163Z",
            "yes_price": 4,
            "no_price": 96,
            "taker_side": "yes"
        },
        {
            "trade_id": "695197e4-817e-4c3e-ba03-3e23f352884f",
            "ticker": "KXHIGHNY-24NOV23-T46",
            "count": 131,
            "created_time": "2024-11-23T02:25:44.692163Z",
            "yes_price": 5,
            "no_price": 95,
            "taker_side": "yes"
        },
        {
            "trade_id": "8a0ce5b4-aae1-46d7-b553-e82a5d5acfcd",
            "ticker": "KXHIGHNY-24NOV23-T46",
            "count": 30,
            "created_time": "2024-11-23T02:11:26.069604Z",
            "yes_price": 4,
            "no_price": 96,
            "taker_side": "yes"
        },
        {
            "trade_id": "e8dd217a-7e0d-4013-a8e2-d35a08982412",
            "ticker": "KXHIGHNY-24NOV23-T46",
            "count": 93,
            "created_time": "2024-11-23T02:00:24.240325Z",
            "yes_price": 5,
            "no_price": 95,
            "taker_side": "yes"
        },
        {
            "trade_id": "fd0ee045-291b-42d5-b7f9-e8c43df5ed5c",
            "ticker": "KXHIGHNY-24NOV23-T46",
            "count": 360,
            "created_time": "2024-11-23T01:58:38.927304Z",
            "yes_price": 2,
            "no_price": 98,
            "taker_side": "no"
        },
        {
            "trade_id": "d33cec09-3d55-4dc9-8335-b2b5649d6012",
            "ticker": "KXHIGHNY-24NOV23-T46",
            "count": 251,
            "created_time": "2024-11-23T01:45:31.427758Z",
            "yes_price": 5,
            "no_price": 95,
            "taker_side": "no"
        },
        {
            "trade_id": "c1ad5b6c-7e1c-4460-bda9-794027f0d88a",
            "ticker": "KXHIGHNY-24NOV23-T46",
            "count": 20,
            "created_time": "2024-11-23T01:41:50.735623Z",
            "yes_price": 5,
            "no_price": 95,
            "taker_side": "no"
        },
        {
            "trade_id": "77400f07-a0cc-4ce5-8b0f-02e4ee9d3e2d",
            "ticker": "KXHIGHNY-24NOV23-T46",
            "count": 28,
            "created_time": "2024-11-23T01:24:46.523767Z",
            "yes_price": 5,
            "no_price": 95,
            "taker_side": "no"
        },
        {
            "trade_id": "a71c833d-980a-4b43-bb1c-40d75ee52917",
            "ticker": "KXHIGHNY-24NOV23-T46",
            "count": 5,
            "created_time": "2024-11-23T01:20:05.863805Z",
            "yes_price": 5,
            "no_price": 95,
            "taker_side": "no"
        },
        {
            "trade_id": "2cce7c21-f3b5-4367-bdf2-857f8eff7bb2",
            "ticker": "KXHIGHNY-24NOV23-T46",
            "count": 5,
            "created_time": "2024-11-23T01:19:33.860216Z",
            "yes_price": 5,
            "no_price": 95,
            "taker_side": "no"
        },
        {
            "trade_id": "37267dc1-7068-4c8c-8248-f410fb952514",
            "ticker": "KXHIGHNY-24NOV23-T46",
            "count": 1,
            "created_time": "2024-11-23T01:13:42.962697Z",
            "yes_price": 5,
            "no_price": 95,
            "taker_side": "no"
        },
        {
            "trade_id": "2e729551-ba3b-4432-98e6-7ca161fb28ee",
            "ticker": "KXHIGHNY-24NOV23-T46",
            "count": 3,
            "created_time": "2024-11-23T01:12:18.998405Z",
            "yes_price": 5,
            "no_price": 95,
            "taker_side": "no"
        },
        {
            "trade_id": "b756d297-6b4a-4549-8e96-04f5740c4a1a",
            "ticker": "KXHIGHNY-24NOV23-T46",
            "count": 2,
            "created_time": "2024-11-23T01:11:52.935643Z",
            "yes_price": 5,
            "no_price": 95,
            "taker_side": "no"
        },
        {
            "trade_id": "56bb9c58-f7f9-4b3c-9718-f5dd568f89a4",
            "ticker": "KXHIGHNY-24NOV23-T46",
            "count": 13,
            "created_time": "2024-11-23T00:54:28.393477Z",
            "yes_price": 6,
            "no_price": 94,
            "taker_side": "no"
        },
        {
            "trade_id": "1d6c64b9-cde4-4670-bbe1-6dc8e8968a94",
            "ticker": "KXHIGHNY-24NOV23-T46",
            "count": 1,
            "created_time": "2024-11-23T00:50:49.481888Z",
            "yes_price": 5,
            "no_price": 95,
            "taker_side": "no"
        },
        {
            "trade_id": "6ad7b1cc-6269-4024-bd33-189867e2e2f2",
            "ticker": "KXHIGHNY-24NOV23-T46",
            "count": 3,
            "created_time": "2024-11-23T00:50:10.168287Z",
            "yes_price": 6,
            "no_price": 94,
            "taker_side": "no"
        },
        {
            "trade_id": "a2d89b12-0111-46e8-aeb5-d2af93827898",
            "ticker": "KXHIGHNY-24NOV23-T46",
            "count": 13,
            "created_time": "2024-11-23T00:39:38.706875Z",
            "yes_price": 5,
            "no_price": 95,
            "taker_side": "no"
        },
        {
            "trade_id": "0d55acaf-df9e-47b9-a7a3-fda44218ec1a",
            "ticker": "KXHIGHNY-24NOV23-T46",
            "count": 100,
            "created_time": "2024-11-23T00:39:38.589546Z",
            "yes_price": 5,
            "no_price": 95,
            "taker_side": "no"
        },
        {
            "trade_id": "91904661-4a66-4911-bd3f-59cb8446e4b5",
            "ticker": "KXHIGHNY-24NOV23-T46",
            "count": 71,
            "created_time": "2024-11-23T00:37:28.607766Z",
            "yes_price": 5,
            "no_price": 95,
            "taker_side": "no"
        },
        {
            "trade_id": "4d748558-f31f-4784-bde2-03e789f4f84e",
            "ticker": "KXHIGHNY-24NOV23-T46",
            "count": 43,
            "created_time": "2024-11-23T00:36:25.073259Z",
            "yes_price": 6,
            "no_price": 94,
            "taker_side": "no"
        },
        {
            "trade_id": "e61eb26f-0eb7-4907-948a-c2ae4ae495a1",
            "ticker": "KXHIGHNY-24NOV23-T46",
            "count": 43,
            "created_time": "2024-11-23T00:36:25.00966Z",
            "yes_price": 6,
            "no_price": 94,
            "taker_side": "no"
        },
        {
            "trade_id": "8d298520-f96f-4173-b03c-c5d48e1a8f8e",
            "ticker": "KXHIGHNY-24NOV23-T46",
            "count": 10,
            "created_time": "2024-11-23T00:11:06.225102Z",
            "yes_price": 6,
            "no_price": 94,
            "taker_side": "no"
        },
        {
            "trade_id": "b7ace5b2-abf1-4b96-8265-d0f26bb9f93f",
            "ticker": "KXHIGHNY-24NOV23-T46",
            "count": 10,
            "created_time": "2024-11-23T00:08:59.849565Z",
            "yes_price": 8,
            "no_price": 92,
            "taker_side": "no"
        },
        {
            "trade_id": "c34176c7-b7d1-4863-a79b-efb655631592",
            "ticker": "KXHIGHNY-24NOV23-T46",
            "count": 100,
            "created_time": "2024-11-23T00:08:49.588418Z",
            "yes_price": 8,
            "no_price": 92,
            "taker_side": "yes"
        },
        {
            "trade_id": "b0d9675e-9eb4-40f4-8f79-18d81706f5c5",
            "ticker": "KXHIGHNY-24NOV23-T46",
            "count": 100,
            "created_time": "2024-11-23T00:08:49.588418Z",
            "yes_price": 9,
            "no_price": 91,
            "taker_side": "yes"
        },
        {
            "trade_id": "244bacd5-f3f4-4f92-9a22-f98f150428ff",
            "ticker": "KXHIGHNY-24NOV23-T46",
            "count": 19,
            "created_time": "2024-11-23T00:08:49.588418Z",
            "yes_price": 9,
            "no_price": 91,
            "taker_side": "yes"
        },
        {
            "trade_id": "734f0233-eb8f-4b2d-b9e2-a68cc637c7bf",
            "ticker": "KXHIGHNY-24NOV23-T46",
            "count": 50,
            "created_time": "2024-11-23T00:02:37.804626Z",
            "yes_price": 6,
            "no_price": 94,
            "taker_side": "yes"
        },
        {
            "trade_id": "296b3c3d-766b-464b-9a0f-73563fc74c13",
            "ticker": "KXHIGHNY-24NOV23-T46",
            "count": 10,
            "created_time": "2024-11-22T23:38:06.285265Z",
            "yes_price": 5,
            "no_price": 95,
            "taker_side": "no"
        },
        {
            "trade_id": "894f73e1-ddfe-472a-ad87-d5d7db0afaf0",
            "ticker": "KXHIGHNY-24NOV23-T46",
            "count": 50,
            "created_time": "2024-11-22T23:19:53.7046Z",
            "yes_price": 6,
            "no_price": 94,
            "taker_side": "yes"
        },
        {
            "trade_id": "bd690bff-7c7d-49b1-9611-d2f2ab43dea5",
            "ticker": "KXHIGHNY-24NOV23-T46",
            "count": 100,
            "created_time": "2024-11-22T22:03:29.185924Z",
            "yes_price": 7,
            "no_price": 93,
            "taker_side": "yes"
        },
        {
            "trade_id": "935fb811-b052-421f-830e-f010a5f62399",
            "ticker": "KXHIGHNY-24NOV23-T46",
            "count": 50,
            "created_time": "2024-11-22T22:03:29.185924Z",
            "yes_price": 8,
            "no_price": 92,
            "taker_side": "yes"
        },
        {
            "trade_id": "69d063a0-b30a-4e96-aae9-01240c20a31f",
            "ticker": "KXHIGHNY-24NOV23-T46",
            "count": 200,
            "created_time": "2024-11-22T22:03:29.185924Z",
            "yes_price": 9,
            "no_price": 91,
            "taker_side": "yes"
        },
        {
            "trade_id": "51def056-f3bb-4d55-a328-3dea2dab6c31",
            "ticker": "KXHIGHNY-24NOV23-T46",
            "count": 40,
            "created_time": "2024-11-22T22:03:29.185924Z",
            "yes_price": 9,
            "no_price": 91,
            "taker_side": "yes"
        },
        {
            "trade_id": "1f9ce32c-1cb9-4852-9a05-f5dad0d1b88c",
            "ticker": "KXHIGHNY-24NOV23-T46",
            "count": 10,
            "created_time": "2024-11-22T22:03:29.185924Z",
            "yes_price": 6,
            "no_price": 94,
            "taker_side": "yes"
        },
        {
            "trade_id": "14ff6c8b-754b-4c70-bbf5-e1b5033aef2c",
            "ticker": "KXHIGHNY-24NOV23-T46",
            "count": 153,
            "created_time": "2024-11-22T22:03:29.185924Z",
            "yes_price": 9,
            "no_price": 91,
            "taker_side": "yes"
        },
        {
            "trade_id": "9907d13f-d9f0-4696-acc0-39fec968612e",
            "ticker": "KXHIGHNY-24NOV23-T46",
            "count": 100,
            "created_time": "2024-11-22T20:28:01.438553Z",
            "yes_price": 7,
            "no_price": 93,
            "taker_side": "yes"
        },
        {
            "trade_id": "8a087eb1-3175-44a9-8de6-7f617f66c4ae",
            "ticker": "KXHIGHNY-24NOV23-T46",
            "count": 300,
            "created_time": "2024-11-22T20:28:01.438553Z",
            "yes_price": 7,
            "no_price": 93,
            "taker_side": "yes"
        },
        {
            "trade_id": "35abd182-8a06-46ed-b5f6-c226af1e9468",
            "ticker": "KXHIGHNY-24NOV23-T46",
            "count": 100,
            "created_time": "2024-11-22T20:28:01.438553Z",
            "yes_price": 7,
            "no_price": 93,
            "taker_side": "yes"
        },
        {
            "trade_id": "9a0250da-abe5-41ff-84d8-077ebf8dec85",
            "ticker": "KXHIGHNY-24NOV23-T46",
            "count": 1,
            "created_time": "2024-11-22T17:30:19.468541Z",
            "yes_price": 7,
            "no_price": 93,
            "taker_side": "yes"
        },
        {
            "trade_id": "8c44ba51-5819-4ff7-94bd-28ddcf6e136d",
            "ticker": "KXHIGHNY-24NOV23-T46",
            "count": 10,
            "created_time": "2024-11-22T17:22:36.828788Z",
            "yes_price": 5,
            "no_price": 95,
            "taker_side": "no"
        },
        {
            "trade_id": "bcf3b3fd-2dfe-412a-8c0a-62fac15aac14",
            "ticker": "KXHIGHNY-24NOV23-T46",
            "count": 50,
            "created_time": "2024-11-22T16:57:21.508255Z",
            "yes_price": 5,
            "no_price": 95,
            "taker_side": "no"
        },
        {
            "trade_id": "9627819b-15ba-4a63-aaaa-a2c7cc9a0582",
            "ticker": "KXHIGHNY-24NOV23-T46",
            "count": 40,
            "created_time": "2024-11-22T15:27:00.560817Z",
            "yes_price": 7,
            "no_price": 93,
            "taker_side": "yes"
        },
        {
            "trade_id": "445165a2-ef3f-4e6f-ab9f-47dda135ced6",
            "ticker": "KXHIGHNY-24NOV23-T46",
            "count": 120,
            "created_time": "2024-11-22T15:10:12.457213Z",
            "yes_price": 1,
            "no_price": 99,
            "taker_side": "no"
        }
    ],
    "KXHIGHNY-24NOV23-B46.5": [
        {
            "trade_id": "57d4e17e-d224-4b28-8081-0ee6984e3319",
            "ticker": "KXHIGHNY-24NOV23-B46.5",
            "count": 467,
            "created_time": "2024-11-24T02:33:37.824766Z",
            "yes_price": 1,
            "no_price": 99,
            "taker_side": "yes"
        },
        {
            "trade_id": "a57fd590-ecc6-4192-a406-2426281353b0",
            "ticker": "KXHIGHNY-24NOV23-B46.5",
            "count": 1,
            "created_time": "2024-11-24T00:39:30.25392Z",
            "yes_price": 1,
            "no_price": 99,
            "taker_side": "yes"
        },
        {
            "trade_id": "801a3dc2-fd25-4cb1-a42b-03d695e0658c",
            "ticker": "KXHIGHNY-24NOV23-B46.5",
            "count": 544,
            "created_time": "2024-11-23T23:58:56.919615Z",
            "yes_price": 1,
            "no_price": 99,
            "taker_side": "yes"
        },
        {
            "trade_id": "4e09764a-0370-4dae-a3f5-aaba695e5240",
            "ticker": "KXHIGHNY-24NOV23-B46.5",
            "count": 1793,
            "created_time": "2024-11-23T23:58:56.919615Z",
            "yes_price": 1,
            "no_price": 99,
            "taker_side": "yes"
        },
        {
            "trade_id": "fbd80c13-e887-4437-9598-fb5690a24c6d",
            "ticker": "KXHIGHNY-24NOV23-B46.5",
            "count": 9,
            "created_time": "2024-11-23T22:53:35.082339Z",
            "yes_price": 1,
            "no_price": 99,
            "taker_side": "yes"
        },
        {
            "trade_id": "75b79b3c-f518-4801-bc51-217b8337949c",
            "ticker": "KXHIGHNY-24NOV23-B46.5",
            "count": 37,
            "created_time": "2024-11-23T22:05:44.752243Z",
            "yes_price": 1,
            "no_price": 99,
            "taker_side": "yes"
        },
        {
            "trade_id": "c5c31c7c-2509-471f-ab35-e0a4482477bd",
            "ticker": "KXHIGHNY-24NOV23-B46.5",
            "count": 93,
            "created_time": "2024-11-23T21:27:44.026093Z",
            "yes_price": 1,
            "no_price": 99,
            "taker_side": "yes"
        },
        {
            "trade_id": "a46ed786-42d3-442f-a251-d3bd0d6fb308",
            "ticker": "KXHIGHNY-24NOV23-B46.5",
            "count": 16,
            "created_time": "2024-11-23T20:47:31.243247Z",
            "yes_price": 1,
            "no_price": 99,
            "taker_side": "yes"
        },
        {
            "trade_id": "8a2097ba-c76b-4ed3-b30c-fca2429fb478",
            "ticker": "KXHIGHNY-24NOV23-B46.5",
            "count": 4,
            "created_time": "2024-11-23T20:13:30.415393Z",
            "yes_price": 1,
            "no_price": 99,
            "taker_side": "yes"
        },
        {
            "trade_id": "fb168edf-5740-4f0b-be52-f5ac590f9b9d",
            "ticker": "KXHIGHNY-24NOV23-B46.5",
            "count": 100,
            "created_time": "2024-11-23T20:09:25.940208Z",
            "yes_price": 1,
            "no_price": 99,
            "taker_side": "yes"
        },
        {
            "trade_id": "b2e11986-c098-4e4d-ae0b-468989f51587",
            "ticker": "KXHIGHNY-24NOV23-B46.5",
            "count": 100,
            "created_time": "2024-11-23T19:58:54.242755Z",
            "yes_price": 1,
            "no_price": 99,
            "taker_side": "yes"
        },
        {
            "trade_id": "80fa9afb-9ba4-4388-8758-d63d8727febb",
            "ticker": "KXHIGHNY-24NOV23-B46.5",
            "count": 100,
            "created_time": "2024-11-23T19:51:47.287486Z",
            "yes_price": 1,
            "no_price": 99,
            "taker_side": "yes"
        },
        {
            "trade_id": "77eff9d3-cd9b-447b-845a-567d5fdc2e67",
            "ticker": "KXHIGHNY-24NOV23-B46.5",
            "count": 22,
            "created_time": "2024-11-23T19:08:15.778601Z",
            "yes_price": 1,
            "no_price": 99,
            "taker_side": "yes"
        },
        {
            "trade_id": "3b2cf9fb-98e4-4d12-83b6-46b1a027454d",
            "ticker": "KXHIGHNY-24NOV23-B46.5",
            "count": 997,
            "created_time": "2024-11-23T19:08:15.778601Z",
            "yes_price": 1,
            "no_price": 99,
            "taker_side": "yes"
        },
        {
            "trade_id": "0505f5d7-9e77-499d-9ac1-6aa15de2e919",
            "ticker": "KXHIGHNY-24NOV23-B46.5",
            "count": 93,
            "created_time": "2024-11-23T19:05:48.047504Z",
            "yes_price": 1,
            "no_price": 99,
            "taker_side": "yes"
        },
        {
            "trade_id": "34ea53a2-668c-4bf3-ac53-a9b6fbd47d39",
            "ticker": "KXHIGHNY-24NOV23-B46.5",
            "count": 3000,
            "created_time": "2024-11-23T18:58:35.531386Z",
            "yes_price": 1,
            "no_price": 99,
            "taker_side": "yes"
        },
        {
            "trade_id": "65d66bb0-8a7f-40fb-abfd-b3816e4adf57",
            "ticker": "KXHIGHNY-24NOV23-B46.5",
            "count": 187,
            "created_time": "2024-11-23T18:55:42.207439Z",
            "yes_price": 1,
            "no_price": 99,
            "taker_side": "yes"
        },
        {
            "trade_id": "4cf818f1-430e-4fda-92c9-bfa999fce58f",
            "ticker": "KXHIGHNY-24NOV23-B46.5",
            "count": 1000,
            "created_time": "2024-11-23T18:53:53.931968Z",
            "yes_price": 1,
            "no_price": 99,
            "taker_side": "yes"
        },
        {
            "trade_id": "b821e71c-0931-445d-90c3-c2f40869c888",
            "ticker": "KXHIGHNY-24NOV23-B46.5",
            "count": 748,
            "created_time": "2024-11-23T18:50:42.824613Z",
            "yes_price": 1,
            "no_price": 99,
            "taker_side": "yes"
        },
        {
            "trade_id": "efcefed0-fecf-4bd5-9aab-87e8b826f8d4",
            "ticker": "KXHIGHNY-24NOV23-B46.5",
            "count": 1000,
            "created_time": "2024-11-23T18:50:09.606991Z",
            "yes_price": 1,
            "no_price": 99,
            "taker_side": "yes"
        },
        {
            "trade_id": "b59cdcc2-a7af-46cf-a8cf-d808aec2987d",
            "ticker": "KXHIGHNY-24NOV23-B46.5",
            "count": 100,
            "created_time": "2024-11-23T18:49:04.195438Z",
            "yes_price": 1,
            "no_price": 99,
            "taker_side": "yes"
        },
        {
            "trade_id": "ad2e1d39-e7af-46b9-9656-e24c659334a2",
            "ticker": "KXHIGHNY-24NOV23-B46.5",
            "count": 2000,
            "created_time": "2024-11-23T18:46:52.071223Z",
            "yes_price": 1,
            "no_price": 99,
            "taker_side": "yes"
        },
        {
            "trade_id": "0b916346-5c94-4a7b-ac95-77f45617a671",
            "ticker": "KXHIGHNY-24NOV23-B46.5",
            "count": 1000,
            "created_time": "2024-11-23T18:43:39.701068Z",
            "yes_price": 1,
            "no_price": 99,
            "taker_side": "yes"
        },
        {
            "trade_id": "51766360-2d15-45e6-8b09-cbc3822733e4",
            "ticker": "KXHIGHNY-24NOV23-B46.5",
            "count": 50,
            "created_time": "2024-11-23T18:36:21.418711Z",
            "yes_price": 1,
            "no_price": 99,
            "taker_side": "yes"
        },
        {
            "trade_id": "0327837b-897f-469b-9d54-cd92131a5082",
            "ticker": "KXHIGHNY-24NOV23-B46.5",
            "count": 100,
            "created_time": "2024-11-23T18:33:26.630006Z",
            "yes_price": 1,
            "no_price": 99,
            "taker_side": "yes"
        },
        {
            "trade_id": "843357b0-2f54-4989-b6e7-391cc98bfb0e",
            "ticker": "KXHIGHNY-24NOV23-B46.5",
            "count": 700,
            "created_time": "2024-11-23T18:31:27.335572Z",
            "yes_price": 1,
            "no_price": 99,
            "taker_side": "yes"
        },
        {
            "trade_id": "69205680-13c2-4b92-998b-0995cc4f693a",
            "ticker": "KXHIGHNY-24NOV23-B46.5",
            "count": 300,
            "created_time": "2024-11-23T18:31:27.335572Z",
            "yes_price": 1,
            "no_price": 99,
            "taker_side": "yes"
        },
        {
            "trade_id": "19c89928-7a19-4114-9db5-0bc458e7ba3d",
            "ticker": "KXHIGHNY-24NOV23-B46.5",
            "count": 300,
            "created_time": "2024-11-23T18:29:17.398912Z",
            "yes_price": 1,
            "no_price": 99,
            "taker_side": "yes"
        },
        {
            "trade_id": "d67a1098-7353-4a52-8ecb-b1b3a12b43c8",
            "ticker": "KXHIGHNY-24NOV23-B46.5",
            "count": 300,
            "created_time": "2024-11-23T18:28:48.400769Z",
            "yes_price": 1,
            "no_price": 99,
            "taker_side": "yes"
        },
        {
            "trade_id": "6e8ed17b-e2c9-4c49-9c2e-7d0d9cb7c16b",
            "ticker": "KXHIGHNY-24NOV23-B46.5",
            "count": 300,
            "created_time": "2024-11-23T18:28:05.883391Z",
            "yes_price": 1,
            "no_price": 99,
            "taker_side": "yes"
        },
        {
            "trade_id": "a9c9d36c-7015-46e9-bc9f-2603425ed527",
            "ticker": "KXHIGHNY-24NOV23-B46.5",
            "count": 19,
            "created_time": "2024-11-23T18:27:38.435054Z",
            "yes_price": 1,
            "no_price": 99,
            "taker_side": "yes"
        },
        {
            "trade_id": "9ede20ed-9e4c-4f06-a131-435fab955d99",
            "ticker": "KXHIGHNY-24NOV23-B46.5",
            "count": 300,
            "created_time": "2024-11-23T18:27:38.435054Z",
            "yes_price": 1,
            "no_price": 99,
            "taker_side": "yes"
        },
        {
            "trade_id": "31cb8972-439c-4e8d-a421-5a498506e908",
            "ticker": "KXHIGHNY-24NOV23-B46.5",
            "count": 19,
            "created_time": "2024-11-23T18:27:20.728594Z",
            "yes_price": 1,
            "no_price": 99,
            "taker_side": "no"
        },
        {
            "trade_id": "7dc64e82-ce50-468b-9521-e8add654c3bd",
            "ticker": "KXHIGHNY-24NOV23-B46.5",
            "count": 1,
            "created_time": "2024-11-23T18:27:15.137582Z",
            "yes_price": 1,
            "no_price": 99,
            "taker_side": "no"
        },
        {
            "trade_id": "31667c97-be53-421a-9444-9ff8b4965a0c",
            "ticker": "KXHIGHNY-24NOV23-B46.5",
            "count": 280,
            "created_time": "2024-11-23T18:27:06.730517Z",
            "yes_price": 1,
            "no_price": 99,
            "taker_side": "yes"
        },
        {
            "trade_id": "4789552e-83a5-4df9-8bed-ae593fc566a8",
            "ticker": "KXHIGHNY-24NOV23-B46.5",
            "count": 20,
            "created_time": "2024-11-23T18:27:06.574152Z",
            "yes_price": 1,
            "no_price": 99,
            "taker_side": "yes"
        },
        {
            "trade_id": "178e0765-70d4-4b47-b0bf-d0d6d56dadd1",
            "ticker": "KXHIGHNY-24NOV23-B46.5",
            "count": 38,
            "created_time": "2024-11-23T18:26:14.750828Z",
            "yes_price": 1,
            "no_price": 99,
            "taker_side": "no"
        },
        {
            "trade_id": "09a1300a-80a6-4414-b534-081bbde152c2",
            "ticker": "KXHIGHNY-24NOV23-B46.5",
            "count": 93,
            "created_time": "2024-11-23T18:26:14.750828Z",
            "yes_price": 1,
            "no_price": 99,
            "taker_side": "no"
        },
        {
            "trade_id": "799b8296-f796-41ca-9af1-7bc91a1dc8f8",
            "ticker": "KXHIGHNY-24NOV23-B46.5",
            "count": 132,
            "created_time": "2024-11-23T18:26:10.842665Z",
            "yes_price": 1,
            "no_price": 99,
            "taker_side": "no"
        },
        {
            "trade_id": "ef532685-8dfe-4b92-8626-3ce5fc57e55e",
            "ticker": "KXHIGHNY-24NOV23-B46.5",
            "count": 215,
            "created_time": "2024-11-23T18:26:00.929815Z",
            "yes_price": 1,
            "no_price": 99,
            "taker_side": "no"
        },
        {
            "trade_id": "971dd498-ff31-487a-813e-f40bede35823",
            "ticker": "KXHIGHNY-24NOV23-B46.5",
            "count": 215,
            "created_time": "2024-11-23T18:26:00.912594Z",
            "yes_price": 1,
            "no_price": 99,
            "taker_side": "no"
        },
        {
            "trade_id": "faff497d-ad87-49b7-89f8-e8ab7a75a293",
            "ticker": "KXHIGHNY-24NOV23-B46.5",
            "count": 13,
            "created_time": "2024-11-23T18:25:14.210996Z",
            "yes_price": 1,
            "no_price": 99,
            "taker_side": "no"
        },
        {
            "trade_id": "bc6d1199-cf63-465f-aefc-9f78301f6054",
            "ticker": "KXHIGHNY-24NOV23-B46.5",
            "count": 38,
            "created_time": "2024-11-23T18:25:03.665459Z",
            "yes_price": 1,
            "no_price": 99,
            "taker_side": "yes"
        },
        {
            "trade_id": "604d1379-d988-4c22-8888-f3c9c42c813b",
            "ticker": "KXHIGHNY-24NOV23-B46.5",
            "count": 300,
            "created_time": "2024-11-23T18:25:03.665459Z",
            "yes_price": 1,
            "no_price": 99,
            "taker_side": "yes"
        },
        {
            "trade_id": "8c20e361-aba8-4a8e-9d9a-1da485440721",
            "ticker": "KXHIGHNY-24NOV23-B46.5",
            "count": 144,
            "created_time": "2024-11-23T18:21:36.486109Z",
            "yes_price": 1,
            "no_price": 99,
            "taker_side": "no"
        },
        {
            "trade_id": "4b055aeb-f595-4384-8fd5-daed83dcece8",
            "ticker": "KXHIGHNY-24NOV23-B46.5",
            "count": 182,
            "created_time": "2024-11-23T18:21:36.44775Z",
            "yes_price": 1,
            "no_price": 99,
            "taker_side": "no"
        },
        {
            "trade_id": "eb3a005b-9fab-46e0-9748-72a0461bb8f7",
            "ticker": "KXHIGHNY-24NOV23-B46.5",
            "count": 150,
            "created_time": "2024-11-23T18:21:16.489387Z",
            "yes_price": 1,
            "no_price": 99,
            "taker_side": "no"
        },
        {
            "trade_id": "d80e26d5-1108-43e2-8981-117cbfb24332",
            "ticker": "KXHIGHNY-24NOV23-B46.5",
            "count": 1,
            "created_time": "2024-11-23T18:21:10.376239Z",
            "yes_price": 1,
            "no_price": 99,
            "taker_side": "no"
        },
        {
            "trade_id": "a4ab6c23-db77-48eb-a93e-51b9e5ead3c3",
            "ticker": "KXHIGHNY-24NOV23-B46.5",
            "count": 11,
            "created_time": "2024-11-23T18:20:03.15207Z",
            "yes_price": 1,
            "no_price": 99,
            "taker_side": "no"
        },
        {
            "trade_id": "6951792a-55cd-4b11-9ea2-bf297be2cd34",
            "ticker": "KXHIGHNY-24NOV23-B46.5",
            "count": 548,
            "created_time": "2024-11-23T18:19:46.729799Z",
            "yes_price": 1,
            "no_price": 99,
            "taker_side": "no"
        },
        {
            "trade_id": "f8e3e0d9-9bb7-4fa1-8bec-f460c49e7369",
            "ticker": "KXHIGHNY-24NOV23-B46.5",
            "count": 80,
            "created_time": "2024-11-23T18:19:46.512232Z",
            "yes_price": 2,
            "no_price": 98,
            "taker_side": "yes"
        },
        {
            "trade_id": "0de820c1-91eb-4996-8ab5-98f92029c113",
            "ticker": "KXHIGHNY-24NOV23-B46.5",
            "count": 40,
            "created_time": "2024-11-23T18:19:07.708971Z",
            "yes_price": 1,
            "no_price": 99,
            "taker_side": "no"
        },
        {
            "trade_id": "3cece066-82e9-43d1-9736-a7b566d18353",
            "ticker": "KXHIGHNY-24NOV23-B46.5",
            "count": 147,
            "created_time": "2024-11-23T18:16:42.492898Z",
            "yes_price": 1,
            "no_price": 99,
            "taker_side": "no"
        },
        {
            "trade_id": "7102c88d-2863-403a-868b-de9fb1d87f02",
            "ticker": "KXHIGHNY-24NOV23-B46.5",
            "count": 3,
            "created_time": "2024-11-23T18:16:21.492682Z",
            "yes_price": 1,
            "no_price": 99,
            "taker_side": "no"
        },
        {
            "trade_id": "12e4397e-adcf-49a5-9b5e-b6d7d5b94a10",
            "ticker": "KXHIGHNY-24NOV23-B46.5",
            "count": 100,
            "created_time": "2024-11-23T18:16:19.885416Z",
            "yes_price": 1,
            "no_price": 99,
            "taker_side": "no"
        },
        {
            "trade_id": "0dadb945-3804-4595-82df-bc23afa32eb0",
            "ticker": "KXHIGHNY-24NOV23-B46.5",
            "count": 200,
            "created_time": "2024-11-23T18:16:10.302954Z",
            "yes_price": 2,
            "no_price": 98,
            "taker_side": "yes"
        },
        {
            "trade_id": "23dd90ef-59cf-4df9-a085-2c56f4766ec2",
            "ticker": "KXHIGHNY-24NOV23-B46.5",
            "count": 25,
            "created_time": "2024-11-23T18:16:01.40874Z",
            "yes_price": 1,
            "no_price": 99,
            "taker_side": "no"
        },
        {
            "trade_id": "aa3e20d6-c6ed-4c88-9de2-455dde06f70c",
            "ticker": "KXHIGHNY-24NOV23-B46.5",
            "count": 24,
            "created_time": "2024-11-23T18:15:44.904584Z",
            "yes_price": 1,
            "no_price": 99,
            "taker_side": "no"
        },
        {
            "trade_id": "afb5476b-a7f1-44ef-89e8-19e13f88f295",
            "ticker": "KXHIGHNY-24NOV23-B46.5",
            "count": 500,
            "created_time": "2024-11-23T18:15:16.512049Z",
            "yes_price": 2,
            "no_price": 98,
            "taker_side": "yes"
        },
        {
            "trade_id": "692a021b-503b-4cde-af80-67b1ce1818ac",
            "ticker": "KXHIGHNY-24NOV23-B46.5",
            "count": 120,
            "created_time": "2024-11-23T18:14:28.991236Z",
            "yes_price": 1,
            "no_price": 99,
            "taker_side": "no"
        },
        {
            "trade_id": "c9ab9c26-177e-493c-aa4b-d5ba6149ec37",
            "ticker": "KXHIGHNY-24NOV23-B46.5",
            "count": 4,
            "created_time": "2024-11-23T18:14:15.23355Z",
            "yes_price": 2,
            "no_price": 98,
            "taker_side": "yes"
        },
        {
            "trade_id": "1f994eec-b211-41b7-bb34-f4eb95a17963",
            "ticker": "KXHIGHNY-24NOV23-B46.5",
            "count": 1000,
            "created_time": "2024-11-23T18:13:50.777846Z",
            "yes_price": 1,
            "no_price": 99,
            "taker_side": "no"
        },
        {
            "trade_id": "4649ead8-b0bf-47e6-a4f8-86b9ab2ff923",
            "ticker": "KXHIGHNY-24NOV23-B46.5",
            "count": 1000,
            "created_time": "2024-11-23T18:13:48.648611Z",
            "yes_price": 1,
            "no_price": 99,
            "taker_side": "no"
        },
        {
            "trade_id": "ef1af3d8-d8ab-4186-aa9b-56fd6c435dbd",
            "ticker": "KXHIGHNY-24NOV23-B46.5",
            "count": 1,
            "created_time": "2024-11-23T18:13:33.71275Z",
            "yes_price": 1,
            "no_price": 99,
            "taker_side": "no"
        },
        {
            "trade_id": "d809cf07-dc56-4527-becb-d58902967c4c",
            "ticker": "KXHIGHNY-24NOV23-B46.5",
            "count": 18,
            "created_time": "2024-11-23T18:13:33.335505Z",
            "yes_price": 1,
            "no_price": 99,
            "taker_side": "no"
        },
        {
            "trade_id": "ef614a86-6439-4ae2-8277-27c02fe88a3a",
            "ticker": "KXHIGHNY-24NOV23-B46.5",
            "count": 300,
            "created_time": "2024-11-23T18:13:05.157701Z",
            "yes_price": 2,
            "no_price": 98,
            "taker_side": "yes"
        },
        {
            "trade_id": "a69f0384-ba4a-4bdb-bba1-71d8f39f1279",
            "ticker": "KXHIGHNY-24NOV23-B46.5",
            "count": 167,
            "created_time": "2024-11-23T18:13:05.157701Z",
            "yes_price": 2,
            "no_price": 98,
            "taker_side": "yes"
        },
        {
            "trade_id": "82475ed0-1078-4d63-acc0-d8adbe75d1ec",
            "ticker": "KXHIGHNY-24NOV23-B46.5",
            "count": 7,
            "created_time": "2024-11-23T18:12:53.144394Z",
            "yes_price": 1,
            "no_price": 99,
            "taker_side": "no"
        },
        {
            "trade_id": "8ebc3c07-99ef-41f4-b6c0-6da26fe78823",
            "ticker": "KXHIGHNY-24NOV23-B46.5",
            "count": 200,
            "created_time": "2024-11-23T18:12:47.494776Z",
            "yes_price": 1,
            "no_price": 99,
            "taker_side": "no"
        },
        {
            "trade_id": "65071e0b-4d4d-4411-bd6d-5e4e09a0f301",
            "ticker": "KXHIGHNY-24NOV23-B46.5",
            "count": 89,
            "created_time": "2024-11-23T18:12:47.47888Z",
            "yes_price": 1,
            "no_price": 99,
            "taker_side": "no"
        },
        {
            "trade_id": "e49ec2c9-7119-4e59-acf8-6cdea4a10b3f",
            "ticker": "KXHIGHNY-24NOV23-B46.5",
            "count": 5,
            "created_time": "2024-11-23T18:12:47.227317Z",
            "yes_price": 1,
            "no_price": 99,
            "taker_side": "no"
        },
        {
            "trade_id": "7a910abf-dc6a-47be-814d-ad92de3e9f07",
            "ticker": "KXHIGHNY-24NOV23-B46.5",
            "count": 5,
            "created_time": "2024-11-23T18:12:47.183962Z",
            "yes_price": 1,
            "no_price": 99,
            "taker_side": "no"
        },
        {
            "trade_id": "8f3939b0-192c-4160-83e0-73316b4cab3d",
            "ticker": "KXHIGHNY-24NOV23-B46.5",
            "count": 1485,
            "created_time": "2024-11-23T18:10:36.874222Z",
            "yes_price": 3,
            "no_price": 97,
            "taker_side": "yes"
        },
        {
            "trade_id": "482dea21-217d-4b04-ab7b-e4b2ead2838c",
            "ticker": "KXHIGHNY-24NOV23-B46.5",
            "count": 50,
            "created_time": "2024-11-23T18:10:36.874222Z",
            "yes_price": 2,
            "no_price": 98,
            "taker_side": "yes"
        },
        {
            "trade_id": "463e00b9-b1c0-4354-aa92-3c38f3edc501",
            "ticker": "KXHIGHNY-24NOV23-B46.5",
            "count": 300,
            "created_time": "2024-11-23T18:10:36.874222Z",
            "yes_price": 2,
            "no_price": 98,
            "taker_side": "yes"
        },
        {
            "trade_id": "434f5105-5dd7-4b27-8afa-1d5bd9e111c8",
            "ticker": "KXHIGHNY-24NOV23-B46.5",
            "count": 688,
            "created_time": "2024-11-23T18:10:36.874222Z",
            "yes_price": 3,
            "no_price": 97,
            "taker_side": "yes"
        },
        {
            "trade_id": "1fa523d4-9546-4b90-91ec-7f9ddd6fc51b",
            "ticker": "KXHIGHNY-24NOV23-B46.5",
            "count": 1066,
            "created_time": "2024-11-23T18:10:36.874222Z",
            "yes_price": 2,
            "no_price": 98,
            "taker_side": "yes"
        },
        {
            "trade_id": "6cd749f7-7b14-4b68-82c7-149695208b0f",
            "ticker": "KXHIGHNY-24NOV23-B46.5",
            "count": 218,
            "created_time": "2024-11-23T18:10:24.655081Z",
            "yes_price": 1,
            "no_price": 99,
            "taker_side": "no"
        },
        {
            "trade_id": "318792c1-dad0-473d-83a0-5839843b68ae",
            "ticker": "KXHIGHNY-24NOV23-B46.5",
            "count": 918,
            "created_time": "2024-11-23T18:10:23.802117Z",
            "yes_price": 1,
            "no_price": 99,
            "taker_side": "no"
        },
        {
            "trade_id": "27eba34d-0c82-409a-9725-809f5c6c4ae3",
            "ticker": "KXHIGHNY-24NOV23-B46.5",
            "count": 82,
            "created_time": "2024-11-23T18:10:23.802117Z",
            "yes_price": 1,
            "no_price": 99,
            "taker_side": "no"
        },
        {
            "trade_id": "abbc59da-0356-4604-a019-a190574e68ff",
            "ticker": "KXHIGHNY-24NOV23-B46.5",
            "count": 1000,
            "created_time": "2024-11-23T18:10:23.4852Z",
            "yes_price": 1,
            "no_price": 99,
            "taker_side": "no"
        },
        {
            "trade_id": "f743c10e-26ab-40d6-92da-85aeab32fd9e",
            "ticker": "KXHIGHNY-24NOV23-B46.5",
            "count": 467,
            "created_time": "2024-11-23T18:10:15.403458Z",
            "yes_price": 2,
            "no_price": 98,
            "taker_side": "yes"
        },
        {
            "trade_id": "88a59717-8b97-491b-841f-b7b6511970de",
            "ticker": "KXHIGHNY-24NOV23-B46.5",
            "count": 82,
            "created_time": "2024-11-23T18:09:51.205329Z",
            "yes_price": 1,
            "no_price": 99,
            "taker_side": "no"
        },
        {
            "trade_id": "e843b575-0d6c-4be0-a551-962a492035a0",
            "ticker": "KXHIGHNY-24NOV23-B46.5",
            "count": 467,
            "created_time": "2024-11-23T18:08:38.480395Z",
            "yes_price": 2,
            "no_price": 98,
            "taker_side": "yes"
        },
        {
            "trade_id": "47956f48-bf1d-45b2-82a5-35c51b8d4e8d",
            "ticker": "KXHIGHNY-24NOV23-B46.5",
            "count": 4240,
            "created_time": "2024-11-23T18:07:52.141171Z",
            "yes_price": 1,
            "no_price": 99,
            "taker_side": "yes"
        },
        {
            "trade_id": "da8d8c75-b0f8-4442-910d-510d498b2b7b",
            "ticker": "KXHIGHNY-24NOV23-B46.5",
            "count": 679,
            "created_time": "2024-11-23T18:07:28.107596Z",
            "yes_price": 1,
            "no_price": 99,
            "taker_side": "no"
        },
        {
            "trade_id": "69d4b4e2-e978-4134-8974-629eea110177",
            "ticker": "KXHIGHNY-24NOV23-B46.5",
            "count": 312,
            "created_time": "2024-11-23T18:07:21.572496Z",
            "yes_price": 3,
            "no_price": 97,
            "taker_side": "yes"
        },
        {
            "trade_id": "47fa8390-9ed4-4c05-8ae3-1ba06b8182fc",
            "ticker": "KXHIGHNY-24NOV23-B46.5",
            "count": 301,
            "created_time": "2024-11-23T18:07:11.729481Z",
            "yes_price": 1,
            "no_price": 99,
            "taker_side": "no"
        },
        {
            "trade_id": "6b694d05-7398-4a9b-a133-76379bd23d3a",
            "ticker": "KXHIGHNY-24NOV23-B46.5",
            "count": 75,
            "created_time": "2024-11-23T18:06:55.4162Z",
            "yes_price": 4,
            "no_price": 96,
            "taker_side": "yes"
        },
        {
            "trade_id": "2d4fdf5d-4938-4b34-bf3c-47691b4caccb",
            "ticker": "KXHIGHNY-24NOV23-B46.5",
            "count": 159,
            "created_time": "2024-11-23T18:06:55.4162Z",
            "yes_price": 4,
            "no_price": 96,
            "taker_side": "yes"
        },
        {
            "trade_id": "5b667a89-0a1b-4162-a239-05109598293a",
            "ticker": "KXHIGHNY-24NOV23-B46.5",
            "count": 20,
            "created_time": "2024-11-23T18:06:42.29384Z",
            "yes_price": 1,
            "no_price": 99,
            "taker_side": "no"
        },
        {
            "trade_id": "6ce5e0c9-cbf1-436c-a6c6-0ecd04eb983b",
            "ticker": "KXHIGHNY-24NOV23-B46.5",
            "count": 81,
            "created_time": "2024-11-23T18:05:46.328345Z",
            "yes_price": 2,
            "no_price": 98,
            "taker_side": "no"
        },
        {
            "trade_id": "31699cc8-4336-4d47-9c31-1cd63d0e32b1",
            "ticker": "KXHIGHNY-24NOV23-B46.5",
            "count": 1000,
            "created_time": "2024-11-23T18:05:46.328345Z",
            "yes_price": 2,
            "no_price": 98,
            "taker_side": "no"
        },
        {
            "trade_id": "909d71b3-c24e-47fa-8d2c-05760b4fc2e9",
            "ticker": "KXHIGHNY-24NOV23-B46.5",
            "count": 100,
            "created_time": "2024-11-23T18:03:31.3472Z",
            "yes_price": 3,
            "no_price": 97,
            "taker_side": "no"
        },
        {
            "trade_id": "54655040-b0af-4809-b491-1e2f105ffc68",
            "ticker": "KXHIGHNY-24NOV23-B46.5",
            "count": 919,
            "created_time": "2024-11-23T18:03:31.3472Z",
            "yes_price": 2,
            "no_price": 98,
            "taker_side": "no"
        },
        {
            "trade_id": "7782ebe7-b7b3-42b5-b908-ff6f8cba0b44",
            "ticker": "KXHIGHNY-24NOV23-B46.5",
            "count": 374,
            "created_time": "2024-11-23T17:59:18.661237Z",
            "yes_price": 2,
            "no_price": 98,
            "taker_side": "yes"
        },
        {
            "trade_id": "f4a9540e-2f61-4b26-b2ba-926eea452aa9",
            "ticker": "KXHIGHNY-24NOV23-B46.5",
            "count": 50,
            "created_time": "2024-11-23T17:59:16.722203Z",
            "yes_price": 3,
            "no_price": 97,
            "taker_side": "no"
        },
        {
            "trade_id": "e9c45f4c-5033-4d11-a35a-42f395698d27",
            "ticker": "KXHIGHNY-24NOV23-B46.5",
            "count": 100,
            "created_time": "2024-11-23T17:59:16.722203Z",
            "yes_price": 2,
            "no_price": 98,
            "taker_side": "no"
        },
        {
            "trade_id": "b96378e1-1729-429f-b6da-418dd1506a1f",
            "ticker": "KXHIGHNY-24NOV23-B46.5",
            "count": 363,
            "created_time": "2024-11-23T17:59:16.722203Z",
            "yes_price": 2,
            "no_price": 98,
            "taker_side": "no"
        },
        {
            "trade_id": "a73e63bd-966d-4174-ae55-ece7c2f32c7a",
            "ticker": "KXHIGHNY-24NOV23-B46.5",
            "count": 500,
            "created_time": "2024-11-23T17:59:16.722203Z",
            "yes_price": 4,
            "no_price": 96,
            "taker_side": "no"
        },
        {
            "trade_id": "1b301d65-d2b2-4b2d-a327-2f5b7c05cd41",
            "ticker": "KXHIGHNY-24NOV23-B46.5",
            "count": 50,
            "created_time": "2024-11-23T17:57:24.635862Z",
            "yes_price": 3,
            "no_price": 97,
            "taker_side": "no"
        },
        {
            "trade_id": "65af5961-821d-403f-ab1e-18fd08867f8a",
            "ticker": "KXHIGHNY-24NOV23-B46.5",
            "count": 5,
            "created_time": "2024-11-23T17:57:04.525411Z",
            "yes_price": 3,
            "no_price": 97,
            "taker_side": "no"
        },
        {
            "trade_id": "f2ef2582-8314-4346-8594-95ac1498d2c1",
            "ticker": "KXHIGHNY-24NOV23-B46.5",
            "count": 25,
            "created_time": "2024-11-23T17:55:45.690348Z",
            "yes_price": 4,
            "no_price": 96,
            "taker_side": "no"
        },
        {
            "trade_id": "fc9d5b29-a46c-4b94-84c5-49cd07ea764f",
            "ticker": "KXHIGHNY-24NOV23-B46.5",
            "count": 1000,
            "created_time": "2024-11-23T17:55:43.208892Z",
            "yes_price": 7,
            "no_price": 93,
            "taker_side": "yes"
        },
        {
            "trade_id": "c137d045-ba8a-42e5-843c-68f559222445",
            "ticker": "KXHIGHNY-24NOV23-B46.5",
            "count": 1000,
            "created_time": "2024-11-23T17:55:43.208892Z",
            "yes_price": 6,
            "no_price": 94,
            "taker_side": "yes"
        },
        {
            "trade_id": "38da9e66-db8d-4149-ab97-e8c70d736ca6",
            "ticker": "KXHIGHNY-24NOV23-B46.5",
            "count": 100,
            "created_time": "2024-11-23T17:55:43.208892Z",
            "yes_price": 7,
            "no_price": 93,
            "taker_side": "yes"
        },
        {
            "trade_id": "e93a1feb-797a-4765-b9b5-2ffc21ff8f7f",
            "ticker": "KXHIGHNY-24NOV23-B46.5",
            "count": 1000,
            "created_time": "2024-11-23T17:55:36.629979Z",
            "yes_price": 4,
            "no_price": 96,
            "taker_side": "yes"
        },
        {
            "trade_id": "963c06f4-f434-41a7-bc06-b465ebd50e0d",
            "ticker": "KXHIGHNY-24NOV23-B46.5",
            "count": 1000,
            "created_time": "2024-11-23T17:55:36.629979Z",
            "yes_price": 5,
            "no_price": 95,
            "taker_side": "yes"
        },
        {
            "trade_id": "9d3a08f6-28c5-4d96-962a-2d46e6fe8eb5",
            "ticker": "KXHIGHNY-24NOV23-B46.5",
            "count": 25,
            "created_time": "2024-11-23T17:55:35.813671Z",
            "yes_price": 2,
            "no_price": 98,
            "taker_side": "no"
        },
        {
            "trade_id": "9f2339d9-ac2d-4d87-a683-a47e5ba49268",
            "ticker": "KXHIGHNY-24NOV23-B46.5",
            "count": 25,
            "created_time": "2024-11-23T17:55:33.564929Z",
            "yes_price": 2,
            "no_price": 98,
            "taker_side": "yes"
        },
        {
            "trade_id": "9fcdd5a3-0876-40a1-a3b8-a6692ff503b2",
            "ticker": "KXHIGHNY-24NOV23-B46.5",
            "count": 60,
            "created_time": "2024-11-23T17:55:29.947755Z",
            "yes_price": 1,
            "no_price": 99,
            "taker_side": "no"
        },
        {
            "trade_id": "628f1ae3-b42c-4c91-8e3f-3b37190d098e",
            "ticker": "KXHIGHNY-24NOV23-B46.5",
            "count": 25,
            "created_time": "2024-11-23T17:55:25.347161Z",
            "yes_price": 1,
            "no_price": 99,
            "taker_side": "no"
        },
        {
            "trade_id": "43aff15f-622d-4a93-8826-475968047bd3",
            "ticker": "KXHIGHNY-24NOV23-B46.5",
            "count": 25,
            "created_time": "2024-11-23T17:55:25.315192Z",
            "yes_price": 2,
            "no_price": 98,
            "taker_side": "no"
        },
        {
            "trade_id": "60b045b4-c7cd-4f1a-a50e-e81ce789e163",
            "ticker": "KXHIGHNY-24NOV23-B46.5",
            "count": 25,
            "created_time": "2024-11-23T17:55:18.908324Z",
            "yes_price": 2,
            "no_price": 98,
            "taker_side": "no"
        },
        {
            "trade_id": "f07f8923-9b96-47ae-af9a-32611f18aea3",
            "ticker": "KXHIGHNY-24NOV23-B46.5",
            "count": 25,
            "created_time": "2024-11-23T17:55:10.587775Z",
            "yes_price": 2,
            "no_price": 98,
            "taker_side": "no"
        },
        {
            "trade_id": "0542ed0e-c173-461f-a2c7-326f454234f9",
            "ticker": "KXHIGHNY-24NOV23-B46.5",
            "count": 1000,
            "created_time": "2024-11-23T17:51:05.119083Z",
            "yes_price": 4,
            "no_price": 96,
            "taker_side": "yes"
        },
        {
            "trade_id": "fc80fa99-44da-4a0a-a858-26b31afb6ec0",
            "ticker": "KXHIGHNY-24NOV23-B46.5",
            "count": 420,
            "created_time": "2024-11-23T17:49:30.390681Z",
            "yes_price": 3,
            "no_price": 97,
            "taker_side": "yes"
        },
        {
            "trade_id": "6ed8359a-621e-4cc4-8d00-ea32c153fbd5",
            "ticker": "KXHIGHNY-24NOV23-B46.5",
            "count": 312,
            "created_time": "2024-11-23T17:49:28.949209Z",
            "yes_price": 3,
            "no_price": 97,
            "taker_side": "yes"
        },
        {
            "trade_id": "4a02cbd9-ae9a-4cb5-8905-4e3d73229af2",
            "ticker": "KXHIGHNY-24NOV23-B46.5",
            "count": 268,
            "created_time": "2024-11-23T17:47:57.651294Z",
            "yes_price": 3,
            "no_price": 97,
            "taker_side": "yes"
        },
        {
            "trade_id": "3975b876-7d04-4a82-abf7-efc8b184625c",
            "ticker": "KXHIGHNY-24NOV23-B46.5",
            "count": 533,
            "created_time": "2024-11-23T17:47:57.651294Z",
            "yes_price": 2,
            "no_price": 98,
            "taker_side": "yes"
        },
        {
            "trade_id": "bff753ed-82de-4727-a5f1-e74a738b84fe",
            "ticker": "KXHIGHNY-24NOV23-B46.5",
            "count": 467,
            "created_time": "2024-11-23T17:47:36.303954Z",
            "yes_price": 2,
            "no_price": 98,
            "taker_side": "yes"
        },
        {
            "trade_id": "79ae2b3c-5d8e-4e26-8b21-ba56496d7e52",
            "ticker": "KXHIGHNY-24NOV23-B46.5",
            "count": 17,
            "created_time": "2024-11-23T17:46:53.688794Z",
            "yes_price": 1,
            "no_price": 99,
            "taker_side": "no"
        },
        {
            "trade_id": "5b4e5b35-fc95-433d-bb74-0247469fddf1",
            "ticker": "KXHIGHNY-24NOV23-B46.5",
            "count": 20,
            "created_time": "2024-11-23T17:44:53.932474Z",
            "yes_price": 1,
            "no_price": 99,
            "taker_side": "no"
        },
        {
            "trade_id": "14d5c990-c140-4a76-b4af-809126b23b4d",
            "ticker": "KXHIGHNY-24NOV23-B46.5",
            "count": 205,
            "created_time": "2024-11-23T17:43:21.232439Z",
            "yes_price": 2,
            "no_price": 98,
            "taker_side": "no"
        },
        {
            "trade_id": "9be135ec-9649-49fb-9841-b5ce3c23325b",
            "ticker": "KXHIGHNY-24NOV23-B46.5",
            "count": 295,
            "created_time": "2024-11-23T17:43:03.817707Z",
            "yes_price": 2,
            "no_price": 98,
            "taker_side": "no"
        },
        {
            "trade_id": "8f23c2c1-8b91-4919-a3e3-c9a5a698fe54",
            "ticker": "KXHIGHNY-24NOV23-B46.5",
            "count": 265,
            "created_time": "2024-11-23T17:43:03.817707Z",
            "yes_price": 2,
            "no_price": 98,
            "taker_side": "no"
        },
        {
            "trade_id": "ba1e1dfb-cec9-451a-bb1d-1a9ae2640583",
            "ticker": "KXHIGHNY-24NOV23-B46.5",
            "count": 390,
            "created_time": "2024-11-23T17:41:24.329433Z",
            "yes_price": 2,
            "no_price": 98,
            "taker_side": "no"
        },
        {
            "trade_id": "acc13a7e-e252-499d-acbc-88f2d38830ed",
            "ticker": "KXHIGHNY-24NOV23-B46.5",
            "count": 2000,
            "created_time": "2024-11-23T17:40:38.12041Z",
            "yes_price": 3,
            "no_price": 97,
            "taker_side": "no"
        },
        {
            "trade_id": "0d096074-9d72-4fa4-9b5b-c2c8e6f68256",
            "ticker": "KXHIGHNY-24NOV23-B46.5",
            "count": 1,
            "created_time": "2024-11-23T17:37:15.692785Z",
            "yes_price": 2,
            "no_price": 98,
            "taker_side": "no"
        },
        {
            "trade_id": "b75092a4-82c0-4d4d-a28d-131b95224e85",
            "ticker": "KXHIGHNY-24NOV23-B46.5",
            "count": 54,
            "created_time": "2024-11-23T17:36:12.365018Z",
            "yes_price": 2,
            "no_price": 98,
            "taker_side": "no"
        },
        {
            "trade_id": "dd5eeef6-743a-46e5-8a40-755b4dcf75dd",
            "ticker": "KXHIGHNY-24NOV23-B46.5",
            "count": 55,
            "created_time": "2024-11-23T17:35:55.66231Z",
            "yes_price": 2,
            "no_price": 98,
            "taker_side": "no"
        },
        {
            "trade_id": "01061edb-9193-4f80-940a-f65580e88785",
            "ticker": "KXHIGHNY-24NOV23-B46.5",
            "count": 1,
            "created_time": "2024-11-23T17:28:52.857809Z",
            "yes_price": 2,
            "no_price": 98,
            "taker_side": "no"
        },
        {
            "trade_id": "498ecec5-ba7d-4a3c-84c8-9666c3f04dda",
            "ticker": "KXHIGHNY-24NOV23-B46.5",
            "count": 151,
            "created_time": "2024-11-23T17:12:20.806824Z",
            "yes_price": 2,
            "no_price": 98,
            "taker_side": "no"
        },
        {
            "trade_id": "506741ef-7750-47b3-a2da-7460b78a2de2",
            "ticker": "KXHIGHNY-24NOV23-B46.5",
            "count": 151,
            "created_time": "2024-11-23T17:12:04.311772Z",
            "yes_price": 2,
            "no_price": 98,
            "taker_side": "no"
        },
        {
            "trade_id": "84ed1d01-453e-480f-88ae-82d1e9e93b6b",
            "ticker": "KXHIGHNY-24NOV23-B46.5",
            "count": 151,
            "created_time": "2024-11-23T17:11:56.333148Z",
            "yes_price": 2,
            "no_price": 98,
            "taker_side": "no"
        },
        {
            "trade_id": "c33da2f7-91ab-4a6d-a4a3-912fca73614b",
            "ticker": "KXHIGHNY-24NOV23-B46.5",
            "count": 152,
            "created_time": "2024-11-23T17:11:47.529313Z",
            "yes_price": 2,
            "no_price": 98,
            "taker_side": "no"
        },
        {
            "trade_id": "9539975e-68c9-4f7a-b01b-1e2c18e64b7f",
            "ticker": "KXHIGHNY-24NOV23-B46.5",
            "count": 305,
            "created_time": "2024-11-23T17:11:47.529313Z",
            "yes_price": 2,
            "no_price": 98,
            "taker_side": "no"
        },
        {
            "trade_id": "48789026-df8e-4913-9e98-cb0b1830e8ea",
            "ticker": "KXHIGHNY-24NOV23-B46.5",
            "count": 500,
            "created_time": "2024-11-23T17:11:47.529313Z",
            "yes_price": 2,
            "no_price": 98,
            "taker_side": "no"
        },
        {
            "trade_id": "337b0f4b-34de-4b76-8f20-20fcaa57ceb2",
            "ticker": "KXHIGHNY-24NOV23-B46.5",
            "count": 15,
            "created_time": "2024-11-23T17:09:08.255132Z",
            "yes_price": 2,
            "no_price": 98,
            "taker_side": "no"
        },
        {
            "trade_id": "f20969ec-d2d6-4178-b31c-161bd46643b1",
            "ticker": "KXHIGHNY-24NOV23-B46.5",
            "count": 8,
            "created_time": "2024-11-23T17:09:01.208011Z",
            "yes_price": 2,
            "no_price": 98,
            "taker_side": "no"
        },
        {
            "trade_id": "53ea9960-54b0-49fb-a333-6cac57b16c54",
            "ticker": "KXHIGHNY-24NOV23-B46.5",
            "count": 180,
            "created_time": "2024-11-23T17:09:01.208011Z",
            "yes_price": 2,
            "no_price": 98,
            "taker_side": "no"
        },
        {
            "trade_id": "349e2034-9567-4c2d-81c1-d76805eb6ce4",
            "ticker": "KXHIGHNY-24NOV23-B46.5",
            "count": 15,
            "created_time": "2024-11-23T17:05:56.721349Z",
            "yes_price": 6,
            "no_price": 94,
            "taker_side": "yes"
        },
        {
            "trade_id": "009af39c-de5b-450d-8b88-2bfa072d1f86",
            "ticker": "KXHIGHNY-24NOV23-B46.5",
            "count": 93,
            "created_time": "2024-11-23T16:59:29.457571Z",
            "yes_price": 3,
            "no_price": 97,
            "taker_side": "no"
        },
        {
            "trade_id": "eb9d719e-34bd-4b39-abb2-930a521b2f3f",
            "ticker": "KXHIGHNY-24NOV23-B46.5",
            "count": 10,
            "created_time": "2024-11-23T16:59:20.340809Z",
            "yes_price": 4,
            "no_price": 96,
            "taker_side": "yes"
        },
        {
            "trade_id": "12f6dd33-ba31-46b1-bf3d-c3248a675002",
            "ticker": "KXHIGHNY-24NOV23-B46.5",
            "count": 47,
            "created_time": "2024-11-23T16:59:20.340809Z",
            "yes_price": 9,
            "no_price": 91,
            "taker_side": "yes"
        },
        {
            "trade_id": "888ed853-1e43-45f8-be0c-160f253c944f",
            "ticker": "KXHIGHNY-24NOV23-B46.5",
            "count": 20,
            "created_time": "2024-11-23T16:57:24.674741Z",
            "yes_price": 3,
            "no_price": 97,
            "taker_side": "no"
        },
        {
            "trade_id": "24466f4a-1f98-4a56-b6b8-46ac2beadfbd",
            "ticker": "KXHIGHNY-24NOV23-B46.5",
            "count": 500,
            "created_time": "2024-11-23T16:57:03.845389Z",
            "yes_price": 3,
            "no_price": 97,
            "taker_side": "no"
        },
        {
            "trade_id": "ce943df9-bc97-4058-bfdf-e775db2ca262",
            "ticker": "KXHIGHNY-24NOV23-B46.5",
            "count": 100,
            "created_time": "2024-11-23T16:57:03.841612Z",
            "yes_price": 4,
            "no_price": 96,
            "taker_side": "no"
        },
        {
            "trade_id": "6766004f-27b3-4675-9e64-37fd5d8c16b0",
            "ticker": "KXHIGHNY-24NOV23-B46.5",
            "count": 75,
            "created_time": "2024-11-23T16:56:30.223097Z",
            "yes_price": 3,
            "no_price": 97,
            "taker_side": "no"
        },
        {
            "trade_id": "a664f012-1a32-463c-9ffe-9257d95df613",
            "ticker": "KXHIGHNY-24NOV23-B46.5",
            "count": 73,
            "created_time": "2024-11-23T16:56:06.877028Z",
            "yes_price": 6,
            "no_price": 94,
            "taker_side": "no"
        },
        {
            "trade_id": "e0596b7b-2211-484e-8a2b-5ea9d8a25443",
            "ticker": "KXHIGHNY-24NOV23-B46.5",
            "count": 10,
            "created_time": "2024-11-23T16:55:18.463058Z",
            "yes_price": 10,
            "no_price": 90,
            "taker_side": "yes"
        },
        {
            "trade_id": "b9cb1841-5544-4722-90c0-8ee643c6fabf",
            "ticker": "KXHIGHNY-24NOV23-B46.5",
            "count": 100,
            "created_time": "2024-11-23T16:55:18.463058Z",
            "yes_price": 9,
            "no_price": 91,
            "taker_side": "yes"
        },
        {
            "trade_id": "b6596a63-0592-475b-931b-a57b1b554f4f",
            "ticker": "KXHIGHNY-24NOV23-B46.5",
            "count": 1,
            "created_time": "2024-11-23T16:55:18.463058Z",
            "yes_price": 7,
            "no_price": 93,
            "taker_side": "yes"
        },
        {
            "trade_id": "9fd149d8-edb3-4702-812b-26611bc83825",
            "ticker": "KXHIGHNY-24NOV23-B46.5",
            "count": 100,
            "created_time": "2024-11-23T16:55:18.463058Z",
            "yes_price": 14,
            "no_price": 86,
            "taker_side": "yes"
        },
        {
            "trade_id": "9d4419a7-dabb-49d0-9ab9-6191313585ab",
            "ticker": "KXHIGHNY-24NOV23-B46.5",
            "count": 35,
            "created_time": "2024-11-23T16:55:18.463058Z",
            "yes_price": 15,
            "no_price": 85,
            "taker_side": "yes"
        },
        {
            "trade_id": "83ec4822-d877-4a38-a76e-9f84673d246b",
            "ticker": "KXHIGHNY-24NOV23-B46.5",
            "count": 50,
            "created_time": "2024-11-23T16:55:18.463058Z",
            "yes_price": 10,
            "no_price": 90,
            "taker_side": "yes"
        },
        {
            "trade_id": "67c75438-e091-4721-824f-99aa64f85dcd",
            "ticker": "KXHIGHNY-24NOV23-B46.5",
            "count": 250,
            "created_time": "2024-11-23T16:55:18.463058Z",
            "yes_price": 7,
            "no_price": 93,
            "taker_side": "yes"
        },
        {
            "trade_id": "4cb2c8bd-7164-46b9-8e1b-701befe3d728",
            "ticker": "KXHIGHNY-24NOV23-B46.5",
            "count": 100,
            "created_time": "2024-11-23T16:55:18.463058Z",
            "yes_price": 10,
            "no_price": 90,
            "taker_side": "yes"
        },
        {
            "trade_id": "3b247494-3ef1-4e43-a751-47c265ca60d3",
            "ticker": "KXHIGHNY-24NOV23-B46.5",
            "count": 153,
            "created_time": "2024-11-23T16:55:18.463058Z",
            "yes_price": 7,
            "no_price": 93,
            "taker_side": "yes"
        },
        {
            "trade_id": "3a21b32f-9ab5-417d-9d1d-0942b31d3a8b",
            "ticker": "KXHIGHNY-24NOV23-B46.5",
            "count": 12,
            "created_time": "2024-11-23T16:55:18.463058Z",
            "yes_price": 12,
            "no_price": 88,
            "taker_side": "yes"
        },
        {
            "trade_id": "01af9eff-5b4b-48a3-bdec-cee886135500",
            "ticker": "KXHIGHNY-24NOV23-B46.5",
            "count": 9,
            "created_time": "2024-11-23T16:55:18.463058Z",
            "yes_price": 13,
            "no_price": 87,
            "taker_side": "yes"
        },
        {
            "trade_id": "0df49e23-0973-412a-8ffa-9b31e8b8c143",
            "ticker": "KXHIGHNY-24NOV23-B46.5",
            "count": 27,
            "created_time": "2024-11-23T16:55:01.546838Z",
            "yes_price": 6,
            "no_price": 94,
            "taker_side": "no"
        },
        {
            "trade_id": "e70cc366-80e3-428e-85a5-40a375828647",
            "ticker": "KXHIGHNY-24NOV23-B46.5",
            "count": 500,
            "created_time": "2024-11-23T16:53:32.523882Z",
            "yes_price": 5,
            "no_price": 95,
            "taker_side": "yes"
        },
        {
            "trade_id": "132c5ad6-72f7-47f8-8b56-c5e841887df2",
            "ticker": "KXHIGHNY-24NOV23-B46.5",
            "count": 151,
            "created_time": "2024-11-23T16:53:32.523882Z",
            "yes_price": 5,
            "no_price": 95,
            "taker_side": "yes"
        },
        {
            "trade_id": "63730218-168b-4915-8549-584b5582d056",
            "ticker": "KXHIGHNY-24NOV23-B46.5",
            "count": 33,
            "created_time": "2024-11-23T16:52:04.875805Z",
            "yes_price": 2,
            "no_price": 98,
            "taker_side": "no"
        },
        {
            "trade_id": "70370d4f-44be-4951-b93a-9376a2dcce78",
            "ticker": "KXHIGHNY-24NOV23-B46.5",
            "count": 150,
            "created_time": "2024-11-23T16:52:00.547701Z",
            "yes_price": 2,
            "no_price": 98,
            "taker_side": "no"
        },
        {
            "trade_id": "a16d4472-7fe6-4bf2-b5f6-fd4cd0c3afae",
            "ticker": "KXHIGHNY-24NOV23-B46.5",
            "count": 2,
            "created_time": "2024-11-23T16:50:04.094666Z",
            "yes_price": 1,
            "no_price": 99,
            "taker_side": "no"
        },
        {
            "trade_id": "fce7510a-9ba0-4905-92c8-4ae3e00b5631",
            "ticker": "KXHIGHNY-24NOV23-B46.5",
            "count": 102,
            "created_time": "2024-11-23T16:49:07.490965Z",
            "yes_price": 8,
            "no_price": 92,
            "taker_side": "yes"
        },
        {
            "trade_id": "06c1ffbc-854b-46d4-9ad9-b5292b578d70",
            "ticker": "KXHIGHNY-24NOV23-B46.5",
            "count": 5,
            "created_time": "2024-11-23T16:49:07.490965Z",
            "yes_price": 5,
            "no_price": 95,
            "taker_side": "yes"
        },
        {
            "trade_id": "72c26ff2-e862-44e2-b561-d0bf6ccc0a6e",
            "ticker": "KXHIGHNY-24NOV23-B46.5",
            "count": 105,
            "created_time": "2024-11-23T16:47:12.186663Z",
            "yes_price": 1,
            "no_price": 99,
            "taker_side": "yes"
        },
        {
            "trade_id": "6907aa78-d245-4c9d-b8cd-c52bf68697aa",
            "ticker": "KXHIGHNY-24NOV23-B46.5",
            "count": 935,
            "created_time": "2024-11-23T16:41:06.272256Z",
            "yes_price": 1,
            "no_price": 99,
            "taker_side": "yes"
        },
        {
            "trade_id": "d83622e2-5240-4695-b30a-13c1fcd64f3b",
            "ticker": "KXHIGHNY-24NOV23-B46.5",
            "count": 935,
            "created_time": "2024-11-23T16:40:56.218123Z",
            "yes_price": 1,
            "no_price": 99,
            "taker_side": "yes"
        },
        {
            "trade_id": "0b6b7403-f734-4ce4-a0b3-6447cc76f169",
            "ticker": "KXHIGHNY-24NOV23-B46.5",
            "count": 935,
            "created_time": "2024-11-23T16:40:44.819376Z",
            "yes_price": 1,
            "no_price": 99,
            "taker_side": "yes"
        },
        {
            "trade_id": "4ee9cb1e-7bc1-4495-919c-3d163cb4b8c4",
            "ticker": "KXHIGHNY-24NOV23-B46.5",
            "count": 1000,
            "created_time": "2024-11-23T16:38:25.47333Z",
            "yes_price": 1,
            "no_price": 99,
            "taker_side": "no"
        },
        {
            "trade_id": "23a80403-14f8-4153-a86c-6d8f69d12d25",
            "ticker": "KXHIGHNY-24NOV23-B46.5",
            "count": 1000,
            "created_time": "2024-11-23T16:38:25.47333Z",
            "yes_price": 1,
            "no_price": 99,
            "taker_side": "no"
        },
        {
            "trade_id": "029242f9-d1e5-42f9-9e2e-685cc19d4ff9",
            "ticker": "KXHIGHNY-24NOV23-B46.5",
            "count": 90,
            "created_time": "2024-11-23T16:38:21.524295Z",
            "yes_price": 2,
            "no_price": 98,
            "taker_side": "no"
        },
        {
            "trade_id": "61c8be9f-c491-43f9-873e-def807829098",
            "ticker": "KXHIGHNY-24NOV23-B46.5",
            "count": 400,
            "created_time": "2024-11-23T16:37:20.209806Z",
            "yes_price": 2,
            "no_price": 98,
            "taker_side": "no"
        },
        {
            "trade_id": "bf260408-a9f5-4a1e-a225-25ce64422068",
            "ticker": "KXHIGHNY-24NOV23-B46.5",
            "count": 10,
            "created_time": "2024-11-23T16:36:55.337087Z",
            "yes_price": 2,
            "no_price": 98,
            "taker_side": "no"
        },
        {
            "trade_id": "fc292341-f4ed-4cec-98d2-a516f41f5446",
            "ticker": "KXHIGHNY-24NOV23-B46.5",
            "count": 100,
            "created_time": "2024-11-23T16:34:41.720948Z",
            "yes_price": 6,
            "no_price": 94,
            "taker_side": "yes"
        },
        {
            "trade_id": "ecc18d14-4b5b-4520-8e99-4948de480ad8",
            "ticker": "KXHIGHNY-24NOV23-B46.5",
            "count": 144,
            "created_time": "2024-11-23T16:34:41.720948Z",
            "yes_price": 6,
            "no_price": 94,
            "taker_side": "yes"
        },
        {
            "trade_id": "2a080d8f-721c-46f1-a999-3e4f14b2fab8",
            "ticker": "KXHIGHNY-24NOV23-B46.5",
            "count": 151,
            "created_time": "2024-11-23T16:34:41.720948Z",
            "yes_price": 5,
            "no_price": 95,
            "taker_side": "yes"
        },
        {
            "trade_id": "10cc6d8f-6573-4c0b-955e-70539d3130fa",
            "ticker": "KXHIGHNY-24NOV23-B46.5",
            "count": 5,
            "created_time": "2024-11-23T16:34:41.720948Z",
            "yes_price": 5,
            "no_price": 95,
            "taker_side": "yes"
        },
        {
            "trade_id": "bc08824f-da49-42bd-b494-2f12ceb3a47d",
            "ticker": "KXHIGHNY-24NOV23-B46.5",
            "count": 20,
            "created_time": "2024-11-23T16:33:35.994269Z",
            "yes_price": 3,
            "no_price": 97,
            "taker_side": "yes"
        },
        {
            "trade_id": "43c4c1de-8b9e-4d44-84fa-414981dd35a8",
            "ticker": "KXHIGHNY-24NOV23-B46.5",
            "count": 81,
            "created_time": "2024-11-23T16:33:35.994269Z",
            "yes_price": 5,
            "no_price": 95,
            "taker_side": "yes"
        },
        {
            "trade_id": "ac7c3f21-2598-4d31-8fca-8c3880899142",
            "ticker": "KXHIGHNY-24NOV23-B46.5",
            "count": 2000,
            "created_time": "2024-11-23T16:29:35.796064Z",
            "yes_price": 1,
            "no_price": 99,
            "taker_side": "yes"
        },
        {
            "trade_id": "49845bf4-10b4-48e3-8849-8426d92abcc7",
            "ticker": "KXHIGHNY-24NOV23-B46.5",
            "count": 2445,
            "created_time": "2024-11-23T16:29:35.796064Z",
            "yes_price": 1,
            "no_price": 99,
            "taker_side": "yes"
        },
        {
            "trade_id": "13cdca29-a278-46ce-9422-0aaf03ccbf70",
            "ticker": "KXHIGHNY-24NOV23-B46.5",
            "count": 935,
            "created_time": "2024-11-23T16:26:30.237763Z",
            "yes_price": 1,
            "no_price": 99,
            "taker_side": "yes"
        },
        {
            "trade_id": "b215362c-2062-4f5f-af22-2ed183ed3d91",
            "ticker": "KXHIGHNY-24NOV23-B46.5",
            "count": 150,
            "created_time": "2024-11-23T16:25:54.551469Z",
            "yes_price": 1,
            "no_price": 99,
            "taker_side": "yes"
        },
        {
            "trade_id": "cb721538-4c4d-4636-bd87-1a78a977bafe",
            "ticker": "KXHIGHNY-24NOV23-B46.5",
            "count": 31,
            "created_time": "2024-11-23T16:25:29.335079Z",
            "yes_price": 1,
            "no_price": 99,
            "taker_side": "no"
        },
        {
            "trade_id": "c69790ff-9c1b-4c3f-97c0-10258ff6da18",
            "ticker": "KXHIGHNY-24NOV23-B46.5",
            "count": 39,
            "created_time": "2024-11-23T16:25:29.335079Z",
            "yes_price": 1,
            "no_price": 99,
            "taker_side": "no"
        },
        {
            "trade_id": "bab99a71-d8ee-4728-b479-da2bbef9c045",
            "ticker": "KXHIGHNY-24NOV23-B46.5",
            "count": 1000,
            "created_time": "2024-11-23T16:25:23.806126Z",
            "yes_price": 2,
            "no_price": 98,
            "taker_side": "no"
        },
        {
            "trade_id": "732e1b00-066c-4225-80ee-24d100467f6b",
            "ticker": "KXHIGHNY-24NOV23-B46.5",
            "count": 400,
            "created_time": "2024-11-23T16:25:17.269396Z",
            "yes_price": 3,
            "no_price": 97,
            "taker_side": "no"
        },
        {
            "trade_id": "0fd3103a-0692-479c-9c4a-837e4c73309a",
            "ticker": "KXHIGHNY-24NOV23-B46.5",
            "count": 187,
            "created_time": "2024-11-23T16:18:54.540295Z",
            "yes_price": 5,
            "no_price": 95,
            "taker_side": "yes"
        },
        {
            "trade_id": "d56184b6-5d33-410c-a04d-b8198df2048c",
            "ticker": "KXHIGHNY-24NOV23-B46.5",
            "count": 294,
            "created_time": "2024-11-23T16:18:40.94143Z",
            "yes_price": 5,
            "no_price": 95,
            "taker_side": "yes"
        },
        {
            "trade_id": "807c4414-71dd-4cf1-b779-07adfc316cc4",
            "ticker": "KXHIGHNY-24NOV23-B46.5",
            "count": 100,
            "created_time": "2024-11-23T16:18:40.94143Z",
            "yes_price": 4,
            "no_price": 96,
            "taker_side": "yes"
        },
        {
            "trade_id": "ffb820c7-56db-4255-a310-d0575b708821",
            "ticker": "KXHIGHNY-24NOV23-B46.5",
            "count": 1,
            "created_time": "2024-11-23T16:11:43.639397Z",
            "yes_price": 1,
            "no_price": 99,
            "taker_side": "no"
        },
        {
            "trade_id": "97cd7f15-aded-4849-b836-687348a3095f",
            "ticker": "KXHIGHNY-24NOV23-B46.5",
            "count": 2,
            "created_time": "2024-11-23T16:11:43.639397Z",
            "yes_price": 1,
            "no_price": 99,
            "taker_side": "no"
        },
        {
            "trade_id": "835b5a5f-0a92-49be-ba7d-473152b6ad09",
            "ticker": "KXHIGHNY-24NOV23-B46.5",
            "count": 683,
            "created_time": "2024-11-23T16:11:43.639397Z",
            "yes_price": 1,
            "no_price": 99,
            "taker_side": "no"
        },
        {
            "trade_id": "2e87a7a5-fd3b-4231-98c5-e8ada2ac0cc4",
            "ticker": "KXHIGHNY-24NOV23-B46.5",
            "count": 150,
            "created_time": "2024-11-23T16:11:43.639397Z",
            "yes_price": 1,
            "no_price": 99,
            "taker_side": "no"
        },
        {
            "trade_id": "1c99c538-9d69-4701-9772-850d4c672694",
            "ticker": "KXHIGHNY-24NOV23-B46.5",
            "count": 51,
            "created_time": "2024-11-23T16:11:43.639397Z",
            "yes_price": 1,
            "no_price": 99,
            "taker_side": "no"
        },
        {
            "trade_id": "050a0928-283e-42d6-adb8-0667320ec672",
            "ticker": "KXHIGHNY-24NOV23-B46.5",
            "count": 1000,
            "created_time": "2024-11-23T16:11:43.639397Z",
            "yes_price": 1,
            "no_price": 99,
            "taker_side": "no"
        },
        {
            "trade_id": "d0e672e6-bea0-45ee-a0e7-f3938b7f5200",
            "ticker": "KXHIGHNY-24NOV23-B46.5",
            "count": 937,
            "created_time": "2024-11-23T16:07:36.408708Z",
            "yes_price": 5,
            "no_price": 95,
            "taker_side": "yes"
        },
        {
            "trade_id": "9ba34b4b-5469-4c50-bd87-491a5259755e",
            "ticker": "KXHIGHNY-24NOV23-B46.5",
            "count": 90,
            "created_time": "2024-11-23T16:07:07.261839Z",
            "yes_price": 5,
            "no_price": 95,
            "taker_side": "yes"
        },
        {
            "trade_id": "7b98d286-4d63-49bb-a2b2-91b890058485",
            "ticker": "KXHIGHNY-24NOV23-B46.5",
            "count": 10,
            "created_time": "2024-11-23T16:07:07.261839Z",
            "yes_price": 5,
            "no_price": 95,
            "taker_side": "yes"
        },
        {
            "trade_id": "f30ca5ab-e2c4-40dc-b4ad-02cde6b8c30b",
            "ticker": "KXHIGHNY-24NOV23-B46.5",
            "count": 7,
            "created_time": "2024-11-23T16:04:24.071336Z",
            "yes_price": 5,
            "no_price": 95,
            "taker_side": "yes"
        },
        {
            "trade_id": "d48f20ae-23f8-4ece-bb60-0ae1b21df261",
            "ticker": "KXHIGHNY-24NOV23-B46.5",
            "count": 10,
            "created_time": "2024-11-23T16:02:25.029905Z",
            "yes_price": 5,
            "no_price": 95,
            "taker_side": "yes"
        },
        {
            "trade_id": "61741fda-b0db-4fc5-9f08-e27ca6f3fe6e",
            "ticker": "KXHIGHNY-24NOV23-B46.5",
            "count": 83,
            "created_time": "2024-11-23T16:02:25.029905Z",
            "yes_price": 5,
            "no_price": 95,
            "taker_side": "yes"
        },
        {
            "trade_id": "bfc059f1-aee6-4acf-8708-8496017d506d",
            "ticker": "KXHIGHNY-24NOV23-B46.5",
            "count": 20,
            "created_time": "2024-11-23T16:00:22.243454Z",
            "yes_price": 4,
            "no_price": 96,
            "taker_side": "no"
        },
        {
            "trade_id": "799d0b41-537f-45c3-bdc4-d405a80230b0",
            "ticker": "KXHIGHNY-24NOV23-B46.5",
            "count": 7,
            "created_time": "2024-11-23T15:58:18.270636Z",
            "yes_price": 5,
            "no_price": 95,
            "taker_side": "yes"
        },
        {
            "trade_id": "2757024d-6c5b-434f-a88a-e89e42fccf7f",
            "ticker": "KXHIGHNY-24NOV23-B46.5",
            "count": 9,
            "created_time": "2024-11-23T15:57:13.153801Z",
            "yes_price": 3,
            "no_price": 97,
            "taker_side": "no"
        },
        {
            "trade_id": "4b8d2bfb-4960-4a7a-95dd-41f78cc9641e",
            "ticker": "KXHIGHNY-24NOV23-B46.5",
            "count": 1436,
            "created_time": "2024-11-23T15:56:51.410312Z",
            "yes_price": 3,
            "no_price": 97,
            "taker_side": "no"
        },
        {
            "trade_id": "401ff1f3-257d-4c72-9745-d6a7642910be",
            "ticker": "KXHIGHNY-24NOV23-B46.5",
            "count": 93,
            "created_time": "2024-11-23T15:56:34.638408Z",
            "yes_price": 5,
            "no_price": 95,
            "taker_side": "yes"
        },
        {
            "trade_id": "258ce28f-bb0e-4767-be99-b10b92f5a883",
            "ticker": "KXHIGHNY-24NOV23-B46.5",
            "count": 7,
            "created_time": "2024-11-23T15:53:45.705778Z",
            "yes_price": 3,
            "no_price": 97,
            "taker_side": "no"
        },
        {
            "trade_id": "7b61fd88-6e50-4682-9bae-00ca0d274224",
            "ticker": "KXHIGHNY-24NOV23-B46.5",
            "count": 152,
            "created_time": "2024-11-23T15:48:05.417419Z",
            "yes_price": 5,
            "no_price": 95,
            "taker_side": "yes"
        },
        {
            "trade_id": "5263e77e-166b-42ef-b1ee-c9110c208124",
            "ticker": "KXHIGHNY-24NOV23-B46.5",
            "count": 75,
            "created_time": "2024-11-23T15:48:05.417419Z",
            "yes_price": 5,
            "no_price": 95,
            "taker_side": "yes"
        },
        {
            "trade_id": "f26f8131-9f66-45b4-8881-028a339c9598",
            "ticker": "KXHIGHNY-24NOV23-B46.5",
            "count": 73,
            "created_time": "2024-11-23T15:44:06.661358Z",
            "yes_price": 4,
            "no_price": 96,
            "taker_side": "yes"
        },
        {
            "trade_id": "a3730e7e-b22a-4e73-8ca3-6fa9ec4ff96b",
            "ticker": "KXHIGHNY-24NOV23-B46.5",
            "count": 25,
            "created_time": "2024-11-23T15:44:06.661358Z",
            "yes_price": 5,
            "no_price": 95,
            "taker_side": "yes"
        },
        {
            "trade_id": "76eeef9f-6c2c-4afe-a82a-e55d1f025bbf",
            "ticker": "KXHIGHNY-24NOV23-B46.5",
            "count": 10,
            "created_time": "2024-11-23T15:44:06.661358Z",
            "yes_price": 5,
            "no_price": 95,
            "taker_side": "yes"
        },
        {
            "trade_id": "acea9524-974e-4bce-9c51-ddc5532f1861",
            "ticker": "KXHIGHNY-24NOV23-B46.5",
            "count": 27,
            "created_time": "2024-11-23T15:43:15.542391Z",
            "yes_price": 4,
            "no_price": 96,
            "taker_side": "yes"
        },
        {
            "trade_id": "9c84177e-e781-4666-97e8-10c1d1405313",
            "ticker": "KXHIGHNY-24NOV23-B46.5",
            "count": 142,
            "created_time": "2024-11-23T15:41:45.660172Z",
            "yes_price": 3,
            "no_price": 97,
            "taker_side": "no"
        },
        {
            "trade_id": "112991f3-9188-48d8-a705-86c435de5c3a",
            "ticker": "KXHIGHNY-24NOV23-B46.5",
            "count": 86,
            "created_time": "2024-11-23T15:41:45.660172Z",
            "yes_price": 3,
            "no_price": 97,
            "taker_side": "no"
        },
        {
            "trade_id": "62e737ad-47da-419f-bb79-eceaabce128c",
            "ticker": "KXHIGHNY-24NOV23-B46.5",
            "count": 300,
            "created_time": "2024-11-23T15:33:48.173641Z",
            "yes_price": 8,
            "no_price": 92,
            "taker_side": "yes"
        },
        {
            "trade_id": "4af988b6-eeea-4f05-8b2c-2edc9062ef71",
            "ticker": "KXHIGHNY-24NOV23-B46.5",
            "count": 150,
            "created_time": "2024-11-23T15:33:48.173641Z",
            "yes_price": 9,
            "no_price": 91,
            "taker_side": "yes"
        },
        {
            "trade_id": "47d82c58-7dbb-4d40-a130-36350293424c",
            "ticker": "KXHIGHNY-24NOV23-B46.5",
            "count": 86,
            "created_time": "2024-11-23T15:33:48.173641Z",
            "yes_price": 11,
            "no_price": 89,
            "taker_side": "yes"
        },
        {
            "trade_id": "6d93034b-5c81-4475-a4a8-da6baa5b3334",
            "ticker": "KXHIGHNY-24NOV23-B46.5",
            "count": 9,
            "created_time": "2024-11-23T15:33:33.800132Z",
            "yes_price": 2,
            "no_price": 98,
            "taker_side": "no"
        },
        {
            "trade_id": "4f76cd5f-4dc4-458d-a93b-4b29c4371af2",
            "ticker": "KXHIGHNY-24NOV23-B46.5",
            "count": 500,
            "created_time": "2024-11-23T15:31:23.256078Z",
            "yes_price": 2,
            "no_price": 98,
            "taker_side": "no"
        },
        {
            "trade_id": "30eb1a82-ccb9-49e7-8fe0-a81052a36e17",
            "ticker": "KXHIGHNY-24NOV23-B46.5",
            "count": 25,
            "created_time": "2024-11-23T15:31:23.256078Z",
            "yes_price": 2,
            "no_price": 98,
            "taker_side": "no"
        },
        {
            "trade_id": "9e32abf1-0c1c-4f77-bbb6-1842faa2d75f",
            "ticker": "KXHIGHNY-24NOV23-B46.5",
