{
    "HIGHNY-24OCT01-T66": [
        {
            "trade_id": "67c123f7-fef5-4257-9dbc-15d416928da8",
            "ticker": "HIGHNY-24OCT01-T66",
            "count": 3,
            "created_time": "2024-10-01T13:54:17.67441Z",
            "yes_price": 1,
            "no_price": 99,
            "taker_side": "no"
        },
        {
            "trade_id": "2605ebc8-21b9-41a5-b450-7aa8a18598f8",
            "ticker": "HIGHNY-24OCT01-T66",
            "count": 32,
            "created_time": "2024-10-01T13:54:17.67441Z",
            "yes_price": 1,
            "no_price": 99,
            "taker_side": "no"
        },
        {
            "trade_id": "d6fe9b1a-6424-4b7d-a563-c8f75d2f8ba1",
            "ticker": "HIGHNY-24OCT01-T66",
            "count": 10,
            "created_time": "2024-10-01T13:35:06.750341Z",
            "yes_price": 1,
            "no_price": 99,
            "taker_side": "no"
        },
        {
            "trade_id": "78217e89-aa0b-4dde-b7cf-fc7b885d6117",
            "ticker": "HIGHNY-24OCT01-T66",
            "count": 8,
            "created_time": "2024-10-01T12:24:34.215608Z",
            "yes_price": 1,
            "no_price": 99,
            "taker_side": "no"
        },
        {
            "trade_id": "d14bc051-70cf-446c-8321-0b792e3475fc",
            "ticker": "HIGHNY-24OCT01-T66",
            "count": 20,
            "created_time": "2024-10-01T03:14:06.54119Z",
            "yes_price": 3,
            "no_price": 97,
            "taker_side": "no"
        },
        {
            "trade_id": "22993de2-9423-479b-9a33-9278e474b548",
            "ticker": "HIGHNY-24OCT01-T66",
            "count": 100,
            "created_time": "2024-10-01T01:49:59.591738Z",
            "yes_price": 3,
            "no_price": 97,
            "taker_side": "no"
        },
        {
            "trade_id": "9938e63e-188d-4dfd-9048-1eec2d6e133f",
            "ticker": "HIGHNY-24OCT01-T66",
            "count": 50,
            "created_time": "2024-10-01T01:49:47.749486Z",
            "yes_price": 3,
            "no_price": 97,
            "taker_side": "no"
        },
        {
            "trade_id": "dcf27448-e334-41e3-8b56-56b2f9e8283d",
            "ticker": "HIGHNY-24OCT01-T66",
            "count": 3,
            "created_time": "2024-09-30T19:16:59.017766Z",
            "yes_price": 3,
            "no_price": 97,
            "taker_side": "no"
        },
        {
            "trade_id": "bf2a0dab-ebb4-4643-8017-0a4c96850cf8",
            "ticker": "HIGHNY-24OCT01-T66",
            "count": 50,
            "created_time": "2024-09-30T14:57:33.554321Z",
            "yes_price": 3,
            "no_price": 97,
            "taker_side": "no"
        }
    ],
    "HIGHNY-24OCT01-B66.5": [
        {
            "trade_id": "983689ec-58eb-413e-a448-d92ab8835962",
            "ticker": "HIGHNY-24OCT01-B66.5",
            "count": 3,
            "created_time": "2024-10-01T17:52:52.559845Z",
            "yes_price": 3,
            "no_price": 97,
            "taker_side": "no"
        },
        {
            "trade_id": "cccbbd9f-da43-4e62-a53d-4da1c366bf3f",
            "ticker": "HIGHNY-24OCT01-B66.5",
            "count": 1,
            "created_time": "2024-10-01T17:03:37.307382Z",
            "yes_price": 4,
            "no_price": 96,
            "taker_side": "no"
        },
        {
            "trade_id": "bdb4f8a0-9052-4eaa-ab2b-23db86467980",
            "ticker": "HIGHNY-24OCT01-B66.5",
            "count": 9,
            "created_time": "2024-10-01T17:03:37.307382Z",
            "yes_price": 3,
            "no_price": 97,
            "taker_side": "no"
        },
        {
            "trade_id": "a4341287-4a4d-4ed4-87f3-ec406ac500c2",
            "ticker": "HIGHNY-24OCT01-B66.5",
            "count": 1,
            "created_time": "2024-10-01T16:54:11.49982Z",
            "yes_price": 11,
            "no_price": 89,
            "taker_side": "yes"
        },
        {
            "trade_id": "ceb53237-74a2-4352-803e-caade3a072d7",
            "ticker": "HIGHNY-24OCT01-B66.5",
            "count": 198,
            "created_time": "2024-10-01T16:52:23.082506Z",
            "yes_price": 8,
            "no_price": 92,
            "taker_side": "yes"
        },
        {
            "trade_id": "8000cc18-5690-4991-ab86-9dc2a2fb0c4d",
            "ticker": "HIGHNY-24OCT01-B66.5",
            "count": 10,
            "created_time": "2024-10-01T16:52:23.082506Z",
            "yes_price": 5,
            "no_price": 95,
            "taker_side": "yes"
        },
        {
            "trade_id": "c22dc560-4f4a-4252-83e7-d11b73d77a33",
            "ticker": "HIGHNY-24OCT01-B66.5",
            "count": 50,
            "created_time": "2024-10-01T15:01:46.596129Z",
            "yes_price": 1,
            "no_price": 99,
            "taker_side": "no"
        },
        {
            "trade_id": "2b57a604-bb91-47cc-b745-04778e526941",
            "ticker": "HIGHNY-24OCT01-B66.5",
            "count": 8,
            "created_time": "2024-10-01T12:24:34.20661Z",
            "yes_price": 11,
            "no_price": 89,
            "taker_side": "no"
        },
        {
            "trade_id": "2dff818a-e6c2-4f40-81ff-ed99c6dfbf39",
            "ticker": "HIGHNY-24OCT01-B66.5",
            "count": 20,
            "created_time": "2024-10-01T03:14:06.539245Z",
            "yes_price": 10,
            "no_price": 90,
            "taker_side": "no"
        },
        {
            "trade_id": "3795b462-2517-4314-8ace-4bc4b85cb20a",
            "ticker": "HIGHNY-24OCT01-B66.5",
            "count": 100,
            "created_time": "2024-10-01T02:04:54.443019Z",
            "yes_price": 10,
            "no_price": 90,
            "taker_side": "no"
        },
        {
            "trade_id": "98b8932f-e282-4511-86f1-8058bf3acf86",
            "ticker": "HIGHNY-24OCT01-B66.5",
            "count": 100,
            "created_time": "2024-10-01T01:49:59.589744Z",
            "yes_price": 11,
            "no_price": 89,
            "taker_side": "no"
        },
        {
            "trade_id": "2bb24ceb-9560-4db2-bd67-b64b104dd844",
            "ticker": "HIGHNY-24OCT01-B66.5",
            "count": 50,
            "created_time": "2024-10-01T01:49:47.79303Z",
            "yes_price": 11,
            "no_price": 89,
            "taker_side": "no"
        },
        {
            "trade_id": "763f6d3a-e02c-4275-9dfb-0d7241c2f8da",
            "ticker": "HIGHNY-24OCT01-B66.5",
            "count": 150,
            "created_time": "2024-10-01T01:44:40.28448Z",
            "yes_price": 11,
            "no_price": 89,
            "taker_side": "yes"
        },
        {
            "trade_id": "4b1d2d4b-908c-40ae-8806-f23255477921",
            "ticker": "HIGHNY-24OCT01-B66.5",
            "count": 30,
            "created_time": "2024-10-01T01:44:40.216216Z",
            "yes_price": 11,
            "no_price": 89,
            "taker_side": "yes"
        },
        {
            "trade_id": "dd965eb2-281a-4e09-85e2-80357e3440ae",
            "ticker": "HIGHNY-24OCT01-B66.5",
            "count": 150,
            "created_time": "2024-10-01T01:44:19.607887Z",
            "yes_price": 11,
            "no_price": 89,
            "taker_side": "no"
        },
        {
            "trade_id": "a5263188-66dd-4e1e-935f-8421731498c1",
            "ticker": "HIGHNY-24OCT01-B66.5",
            "count": 104,
            "created_time": "2024-10-01T01:44:19.607887Z",
            "yes_price": 11,
            "no_price": 89,
            "taker_side": "no"
        },
        {
            "trade_id": "4912cc69-5fd5-4cb5-9d77-fdfdabb70bdf",
            "ticker": "HIGHNY-24OCT01-B66.5",
            "count": 45,
            "created_time": "2024-10-01T01:44:19.607887Z",
            "yes_price": 12,
            "no_price": 88,
            "taker_side": "no"
        },
        {
            "trade_id": "ad79036f-1544-4052-9a8d-605deddd69bb",
            "ticker": "HIGHNY-24OCT01-B66.5",
            "count": 30,
            "created_time": "2024-10-01T00:21:00.938348Z",
            "yes_price": 12,
            "no_price": 88,
            "taker_side": "no"
        },
        {
            "trade_id": "fa0fc006-0c76-44d6-9f96-7c732413f5ac",
            "ticker": "HIGHNY-24OCT01-B66.5",
            "count": 4,
            "created_time": "2024-10-01T00:18:49.737643Z",
            "yes_price": 12,
            "no_price": 88,
            "taker_side": "no"
        },
        {
            "trade_id": "d2881516-41eb-4bd5-ae8c-66352451b26d",
            "ticker": "HIGHNY-24OCT01-B66.5",
            "count": 41,
            "created_time": "2024-10-01T00:18:49.737643Z",
            "yes_price": 12,
            "no_price": 88,
            "taker_side": "no"
        },
        {
            "trade_id": "2a416aa5-b0ef-46eb-ac0f-afd9193f930e",
            "ticker": "HIGHNY-24OCT01-B66.5",
            "count": 45,
            "created_time": "2024-10-01T00:12:55.002999Z",
            "yes_price": 12,
            "no_price": 88,
            "taker_side": "no"
        },
        {
            "trade_id": "4c88d521-ad2a-42c4-9298-cfe44daabbf0",
            "ticker": "HIGHNY-24OCT01-B66.5",
            "count": 75,
            "created_time": "2024-10-01T00:12:17.295688Z",
            "yes_price": 12,
            "no_price": 88,
            "taker_side": "no"
        },
        {
            "trade_id": "3e341b56-c004-4264-96da-39fd3b446ee3",
            "ticker": "HIGHNY-24OCT01-B66.5",
            "count": 30,
            "created_time": "2024-10-01T00:11:43.884874Z",
            "yes_price": 12,
            "no_price": 88,
            "taker_side": "no"
        },
        {
            "trade_id": "cd611b73-5547-47c8-82fc-2dec2b30f94c",
            "ticker": "HIGHNY-24OCT01-B66.5",
            "count": 40,
            "created_time": "2024-10-01T00:00:21.325131Z",
            "yes_price": 12,
            "no_price": 88,
            "taker_side": "no"
        },
        {
            "trade_id": "9234d50d-2b9d-45eb-ad46-e65bca771170",
            "ticker": "HIGHNY-24OCT01-B66.5",
            "count": 60,
            "created_time": "2024-09-30T23:59:54.53047Z",
            "yes_price": 12,
            "no_price": 88,
            "taker_side": "no"
        },
        {
            "trade_id": "2ec112a5-f8f5-42ac-b711-cb49d77e60cb",
            "ticker": "HIGHNY-24OCT01-B66.5",
            "count": 112,
            "created_time": "2024-09-30T22:09:22.946872Z",
            "yes_price": 12,
            "no_price": 88,
            "taker_side": "no"
        },
        {
            "trade_id": "e521b757-bbdf-4c2d-9589-9f1e5f37b13b",
            "ticker": "HIGHNY-24OCT01-B66.5",
            "count": 15,
            "created_time": "2024-09-30T22:09:12.558132Z",
            "yes_price": 13,
            "no_price": 87,
            "taker_side": "no"
        },
        {
            "trade_id": "31b27274-7979-4e39-8ac8-0fdc3bad0689",
            "ticker": "HIGHNY-24OCT01-B66.5",
            "count": 97,
            "created_time": "2024-09-30T22:09:12.558132Z",
            "yes_price": 12,
            "no_price": 88,
            "taker_side": "no"
        },
        {
            "trade_id": "639c2ee5-712f-4b67-8454-75aa200ab5b6",
            "ticker": "HIGHNY-24OCT01-B66.5",
            "count": 10,
            "created_time": "2024-09-30T21:11:35.273855Z",
            "yes_price": 18,
            "no_price": 82,
            "taker_side": "no"
        },
        {
            "trade_id": "2ca601d9-f0f5-4666-8f59-35ca7f8ac56e",
            "ticker": "HIGHNY-24OCT01-B66.5",
            "count": 15,
            "created_time": "2024-09-30T21:11:26.950573Z",
            "yes_price": 18,
            "no_price": 82,
            "taker_side": "no"
        },
        {
            "trade_id": "2ecbfd32-d355-42fd-a451-4b18fe78f694",
            "ticker": "HIGHNY-24OCT01-B66.5",
            "count": 50,
            "created_time": "2024-09-30T21:11:04.795952Z",
            "yes_price": 18,
            "no_price": 82,
            "taker_side": "no"
        },
        {
            "trade_id": "39202780-4063-4c56-bf00-b4a73e54f91f",
            "ticker": "HIGHNY-24OCT01-B66.5",
            "count": 105,
            "created_time": "2024-09-30T21:03:37.47614Z",
            "yes_price": 16,
            "no_price": 84,
            "taker_side": "no"
        },
        {
            "trade_id": "e0e0aa1d-f835-4f37-8996-9e64f1b92590",
            "ticker": "HIGHNY-24OCT01-B66.5",
            "count": 30,
            "created_time": "2024-09-30T19:41:50.926935Z",
            "yes_price": 20,
            "no_price": 80,
            "taker_side": "yes"
        },
        {
            "trade_id": "c5217f27-ab63-4445-9127-1eb215699450",
            "ticker": "HIGHNY-24OCT01-B66.5",
            "count": 150,
            "created_time": "2024-09-30T19:41:50.926935Z",
            "yes_price": 22,
            "no_price": 78,
            "taker_side": "yes"
        },
        {
            "trade_id": "1cfe9b1f-ee62-44f9-a824-2b4aca3a672c",
            "ticker": "HIGHNY-24OCT01-B66.5",
            "count": 150,
            "created_time": "2024-09-30T19:41:50.926935Z",
            "yes_price": 23,
            "no_price": 77,
            "taker_side": "yes"
        },
        {
            "trade_id": "c9fd30eb-1f96-44ba-a73f-b2407e734d23",
            "ticker": "HIGHNY-24OCT01-B66.5",
            "count": 17,
            "created_time": "2024-09-30T19:27:54.284535Z",
            "yes_price": 15,
            "no_price": 85,
            "taker_side": "no"
        },
        {
            "trade_id": "5b0cfe73-d7ac-46c6-af56-d5d1416f6eb2",
            "ticker": "HIGHNY-24OCT01-B66.5",
            "count": 90,
            "created_time": "2024-09-30T18:49:14.943039Z",
            "yes_price": 12,
            "no_price": 88,
            "taker_side": "no"
        },
        {
            "trade_id": "5db71c9b-f12d-441e-8020-ba4f2560e168",
            "ticker": "HIGHNY-24OCT01-B66.5",
            "count": 135,
            "created_time": "2024-09-30T18:49:00.962155Z",
            "yes_price": 11,
            "no_price": 89,
            "taker_side": "no"
        },
        {
            "trade_id": "3460223d-2489-45f7-b0c4-3495c375eb8c",
            "ticker": "HIGHNY-24OCT01-B66.5",
            "count": 150,
            "created_time": "2024-09-30T18:49:00.962155Z",
            "yes_price": 14,
            "no_price": 86,
            "taker_side": "no"
        },
        {
            "trade_id": "1f4f2e53-9b5e-4730-ac71-0b359535e9d8",
            "ticker": "HIGHNY-24OCT01-B66.5",
            "count": 78,
            "created_time": "2024-09-30T18:49:00.962155Z",
            "yes_price": 16,
            "no_price": 84,
            "taker_side": "no"
        },
        {
            "trade_id": "15b5aea5-cb3f-4855-bb4f-27540d88eaea",
            "ticker": "HIGHNY-24OCT01-B66.5",
            "count": 100,
            "created_time": "2024-09-30T18:49:00.962155Z",
            "yes_price": 11,
            "no_price": 89,
            "taker_side": "no"
        },
        {
            "trade_id": "ad854a6b-52d2-479d-b100-73b51537dc93",
            "ticker": "HIGHNY-24OCT01-B66.5",
            "count": 22,
            "created_time": "2024-09-30T14:41:10.503772Z",
            "yes_price": 16,
            "no_price": 84,
            "taker_side": "no"
        }
    ],
    "HIGHNY-24OCT01-B68.5": [
        {
            "trade_id": "b765fdd9-a032-4fe2-bac1-e104efcf04dc",
            "ticker": "HIGHNY-24OCT01-B68.5",
            "count": 233,
            "created_time": "2024-10-02T01:45:49.212538Z",
            "yes_price": 98,
            "no_price": 2,
            "taker_side": "no"
        },
        {
            "trade_id": "bafd2de5-674a-493f-8f75-6a389046ecfd",
            "ticker": "HIGHNY-24OCT01-B68.5",
            "count": 46,
            "created_time": "2024-10-02T01:43:12.978994Z",
            "yes_price": 98,
            "no_price": 2,
            "taker_side": "no"
        },
        {
            "trade_id": "039fd7a9-99d2-402e-a076-a1827fe9e96e",
            "ticker": "HIGHNY-24OCT01-B68.5",
            "count": 51,
            "created_time": "2024-10-01T21:30:29.866225Z",
            "yes_price": 97,
            "no_price": 3,
            "taker_side": "no"
        },
        {
            "trade_id": "e3ed7154-c183-40db-aa28-e7c301877ccc",
            "ticker": "HIGHNY-24OCT01-B68.5",
            "count": 44,
            "created_time": "2024-10-01T20:55:22.581792Z",
            "yes_price": 99,
            "no_price": 1,
            "taker_side": "yes"
        },
        {
            "trade_id": "bfba335a-8cca-4039-b994-c65c088980cc",
            "ticker": "HIGHNY-24OCT01-B68.5",
            "count": 20,
            "created_time": "2024-10-01T20:40:17.2395Z",
            "yes_price": 98,
            "no_price": 2,
            "taker_side": "yes"
        },
        {
            "trade_id": "86db3eaa-0e5a-46f7-b753-baf1a326a63c",
            "ticker": "HIGHNY-24OCT01-B68.5",
            "count": 6,
            "created_time": "2024-10-01T20:40:17.2395Z",
            "yes_price": 99,
            "no_price": 1,
            "taker_side": "yes"
        },
        {
            "trade_id": "86750109-dd31-4f79-879a-5fbfd03feb21",
            "ticker": "HIGHNY-24OCT01-B68.5",
            "count": 25,
            "created_time": "2024-10-01T20:40:17.2395Z",
            "yes_price": 97,
            "no_price": 3,
            "taker_side": "yes"
        },
        {
            "trade_id": "23e7a06a-d27f-47f7-bc4e-55250d76c349",
            "ticker": "HIGHNY-24OCT01-B68.5",
            "count": 58,
            "created_time": "2024-10-01T20:04:07.295145Z",
            "yes_price": 96,
            "no_price": 4,
            "taker_side": "yes"
        },
        {
            "trade_id": "c7fbeafe-9661-44ef-b9e4-4a3a1f8d3dc6",
            "ticker": "HIGHNY-24OCT01-B68.5",
            "count": 20,
            "created_time": "2024-10-01T20:03:04.214839Z",
            "yes_price": 96,
            "no_price": 4,
            "taker_side": "yes"
        },
        {
            "trade_id": "3cf83634-2ae6-4568-b286-464ca823f082",
            "ticker": "HIGHNY-24OCT01-B68.5",
            "count": 156,
            "created_time": "2024-10-01T19:43:04.282563Z",
            "yes_price": 85,
            "no_price": 15,
            "taker_side": "yes"
        },
        {
            "trade_id": "a62236aa-5f9e-47d2-9118-533431f6e383",
            "ticker": "HIGHNY-24OCT01-B68.5",
            "count": 11,
            "created_time": "2024-10-01T19:30:13.475017Z",
            "yes_price": 85,
            "no_price": 15,
            "taker_side": "yes"
        },
        {
            "trade_id": "eaed4afd-242b-424e-9ec9-4229a2fe24fe",
            "ticker": "HIGHNY-24OCT01-B68.5",
            "count": 81,
            "created_time": "2024-10-01T19:12:58.264602Z",
            "yes_price": 85,
            "no_price": 15,
            "taker_side": "yes"
        },
        {
            "trade_id": "d2312c6c-fcfd-4615-8ebb-0fb4bb6c63f0",
            "ticker": "HIGHNY-24OCT01-B68.5",
            "count": 61,
            "created_time": "2024-10-01T18:57:18.931832Z",
            "yes_price": 84,
            "no_price": 16,
            "taker_side": "yes"
        },
        {
            "trade_id": "29c88286-5d69-44e9-87cf-560be5873347",
            "ticker": "HIGHNY-24OCT01-B68.5",
            "count": 252,
            "created_time": "2024-10-01T18:57:18.931832Z",
            "yes_price": 85,
            "no_price": 15,
            "taker_side": "yes"
        },
        {
            "trade_id": "03ef9726-212a-4594-9343-bce9fca3b00d",
            "ticker": "HIGHNY-24OCT01-B68.5",
            "count": 17,
            "created_time": "2024-10-01T18:54:35.302593Z",
            "yes_price": 84,
            "no_price": 16,
            "taker_side": "yes"
        },
        {
            "trade_id": "2cc40524-8533-47f8-bca3-5f47d3d62b08",
            "ticker": "HIGHNY-24OCT01-B68.5",
            "count": 10,
            "created_time": "2024-10-01T18:03:00.080217Z",
            "yes_price": 33,
            "no_price": 67,
            "taker_side": "no"
        },
        {
            "trade_id": "2d9d3469-4fd9-4353-b4ba-0c6678dba91d",
            "ticker": "HIGHNY-24OCT01-B68.5",
            "count": 10,
            "created_time": "2024-10-01T18:02:59.876111Z",
            "yes_price": 33,
            "no_price": 67,
            "taker_side": "no"
        },
        {
            "trade_id": "e0bfa7fa-ad18-4e0d-a397-29596648dfeb",
            "ticker": "HIGHNY-24OCT01-B68.5",
            "count": 200,
            "created_time": "2024-10-01T17:16:44.62745Z",
            "yes_price": 55,
            "no_price": 45,
            "taker_side": "yes"
        },
        {
            "trade_id": "e09ed3de-f456-4e0b-937c-4c93c475d9a7",
            "ticker": "HIGHNY-24OCT01-B68.5",
            "count": 3,
            "created_time": "2024-10-01T17:16:44.62745Z",
            "yes_price": 55,
            "no_price": 45,
            "taker_side": "yes"
        },
        {
            "trade_id": "1bed6e13-628c-4fbf-a9b0-48a724b30d95",
            "ticker": "HIGHNY-24OCT01-B68.5",
            "count": 10,
            "created_time": "2024-10-01T17:03:37.306699Z",
            "yes_price": 30,
            "no_price": 70,
            "taker_side": "no"
        },
        {
            "trade_id": "528ad608-1ad1-4e95-b489-d3172886cba4",
            "ticker": "HIGHNY-24OCT01-B68.5",
            "count": 45,
            "created_time": "2024-10-01T14:18:12.880028Z",
            "yes_price": 28,
            "no_price": 72,
            "taker_side": "yes"
        },
        {
            "trade_id": "46d1801e-eee9-492e-9e73-d747ea4c8b97",
            "ticker": "HIGHNY-24OCT01-B68.5",
            "count": 75,
            "created_time": "2024-10-01T14:15:02.65574Z",
            "yes_price": 24,
            "no_price": 76,
            "taker_side": "yes"
        },
        {
            "trade_id": "c3d4d693-7672-472e-8007-4142ca1ecaa5",
            "ticker": "HIGHNY-24OCT01-B68.5",
            "count": 15,
            "created_time": "2024-10-01T13:03:05.299749Z",
            "yes_price": 17,
            "no_price": 83,
            "taker_side": "yes"
        },
        {
            "trade_id": "2f6457e8-5479-4830-9fbd-b78a239d1038",
            "ticker": "HIGHNY-24OCT01-B68.5",
            "count": 150,
            "created_time": "2024-10-01T13:03:05.299749Z",
            "yes_price": 19,
            "no_price": 81,
            "taker_side": "yes"
        },
        {
            "trade_id": "020789fc-5259-4dce-a3fb-7ac40d70f48f",
            "ticker": "HIGHNY-24OCT01-B68.5",
            "count": 150,
            "created_time": "2024-10-01T13:03:05.299749Z",
            "yes_price": 20,
            "no_price": 80,
            "taker_side": "yes"
        },
        {
            "trade_id": "c14f822f-8393-44e3-b7b9-6829002849b8",
            "ticker": "HIGHNY-24OCT01-B68.5",
            "count": 27,
            "created_time": "2024-10-01T13:01:30.934049Z",
            "yes_price": 17,
            "no_price": 83,
            "taker_side": "yes"
        },
        {
            "trade_id": "cd9a95c7-3003-43a6-a44d-9ada1636e336",
            "ticker": "HIGHNY-24OCT01-B68.5",
            "count": 20,
            "created_time": "2024-10-01T12:37:47.284747Z",
            "yes_price": 20,
            "no_price": 80,
            "taker_side": "yes"
        },
        {
            "trade_id": "bb8558e2-c241-48ba-8926-9959258caefe",
            "ticker": "HIGHNY-24OCT01-B68.5",
            "count": 30,
            "created_time": "2024-10-01T12:37:47.284747Z",
            "yes_price": 18,
            "no_price": 82,
            "taker_side": "yes"
        },
        {
            "trade_id": "a3478173-d4ce-42b3-93c8-324e94a0d3a5",
            "ticker": "HIGHNY-24OCT01-B68.5",
            "count": 8,
            "created_time": "2024-10-01T12:24:34.225783Z",
            "yes_price": 17,
            "no_price": 83,
            "taker_side": "no"
        },
        {
            "trade_id": "8d93758f-cebe-4368-beca-36580af7c670",
            "ticker": "HIGHNY-24OCT01-B68.5",
            "count": 8,
            "created_time": "2024-10-01T12:24:34.183385Z",
            "yes_price": 24,
            "no_price": 76,
            "taker_side": "no"
        },
        {
            "trade_id": "38785c4b-af8c-49c4-8711-c25e4def21dd",
            "ticker": "HIGHNY-24OCT01-B68.5",
            "count": 13,
            "created_time": "2024-10-01T12:19:41.772379Z",
            "yes_price": 29,
            "no_price": 71,
            "taker_side": "yes"
        },
        {
            "trade_id": "53a59025-7fcf-4654-9741-9d4cec564131",
            "ticker": "HIGHNY-24OCT01-B68.5",
            "count": 51,
            "created_time": "2024-10-01T12:08:39.166134Z",
            "yes_price": 30,
            "no_price": 70,
            "taker_side": "no"
        },
        {
            "trade_id": "ae4002de-86dd-44af-a368-58b35385d0b3",
            "ticker": "HIGHNY-24OCT01-B68.5",
            "count": 62,
            "created_time": "2024-10-01T12:00:15.467663Z",
            "yes_price": 37,
            "no_price": 63,
            "taker_side": "no"
        },
        {
            "trade_id": "ecf68042-6545-4584-96cb-50ced950e5c3",
            "ticker": "HIGHNY-24OCT01-B68.5",
            "count": 75,
            "created_time": "2024-10-01T12:00:15.444472Z",
            "yes_price": 37,
            "no_price": 63,
            "taker_side": "no"
        },
        {
            "trade_id": "fcda26bc-681a-4e49-800f-8c7971adbc4f",
            "ticker": "HIGHNY-24OCT01-B68.5",
            "count": 20,
            "created_time": "2024-10-01T03:14:06.535659Z",
            "yes_price": 40,
            "no_price": 60,
            "taker_side": "no"
        },
        {
            "trade_id": "6a1d37ab-d6c5-4f12-a764-208b0c1aa50d",
            "ticker": "HIGHNY-24OCT01-B68.5",
            "count": 100,
            "created_time": "2024-10-01T02:04:48.256256Z",
            "yes_price": 41,
            "no_price": 59,
            "taker_side": "no"
        },
        {
            "trade_id": "13429fa1-cba1-4f0e-8092-923f230238d7",
            "ticker": "HIGHNY-24OCT01-B68.5",
            "count": 100,
            "created_time": "2024-10-01T01:49:59.600093Z",
            "yes_price": 41,
            "no_price": 59,
            "taker_side": "no"
        },
        {
            "trade_id": "34d6b795-0f2e-45f5-9c1a-4568b328352a",
            "ticker": "HIGHNY-24OCT01-B68.5",
            "count": 50,
            "created_time": "2024-10-01T01:49:47.751446Z",
            "yes_price": 41,
            "no_price": 59,
            "taker_side": "no"
        },
        {
            "trade_id": "f19e57b9-306f-40b6-b985-9b357d4f96f7",
            "ticker": "HIGHNY-24OCT01-B68.5",
            "count": 30,
            "created_time": "2024-10-01T00:20:54.334709Z",
            "yes_price": 39,
            "no_price": 61,
            "taker_side": "no"
        },
        {
            "trade_id": "0c2b90fd-cf1e-4379-ac93-34ab2a8c4cfa",
            "ticker": "HIGHNY-24OCT01-B68.5",
            "count": 45,
            "created_time": "2024-10-01T00:18:41.335312Z",
            "yes_price": 40,
            "no_price": 60,
            "taker_side": "no"
        },
        {
            "trade_id": "317211a4-65b2-419c-932d-5239b3556373",
            "ticker": "HIGHNY-24OCT01-B68.5",
            "count": 45,
            "created_time": "2024-10-01T00:12:36.941415Z",
            "yes_price": 43,
            "no_price": 57,
            "taker_side": "no"
        },
        {
            "trade_id": "e207c4de-20a5-4d2a-bbc0-e8d0ea739ee3",
            "ticker": "HIGHNY-24OCT01-B68.5",
            "count": 75,
            "created_time": "2024-10-01T00:12:09.021105Z",
            "yes_price": 43,
            "no_price": 57,
            "taker_side": "no"
        },
        {
            "trade_id": "7f4429ed-7ff8-4d8e-8825-d001be460443",
            "ticker": "HIGHNY-24OCT01-B68.5",
            "count": 30,
            "created_time": "2024-10-01T00:11:35.209574Z",
            "yes_price": 44,
            "no_price": 56,
            "taker_side": "no"
        },
        {
            "trade_id": "62c96889-70e7-40e4-bd26-3f32e64c12b2",
            "ticker": "HIGHNY-24OCT01-B68.5",
            "count": 40,
            "created_time": "2024-10-01T00:00:13.146619Z",
            "yes_price": 45,
            "no_price": 55,
            "taker_side": "no"
        },
        {
            "trade_id": "1a2b7cdb-ba28-4a2d-ae4b-182df1f08206",
            "ticker": "HIGHNY-24OCT01-B68.5",
            "count": 60,
            "created_time": "2024-09-30T23:59:47.095071Z",
            "yes_price": 46,
            "no_price": 54,
            "taker_side": "no"
        },
        {
            "trade_id": "e7ba10f4-0889-41c0-9cc0-c43e4c11e63b",
            "ticker": "HIGHNY-24OCT01-B68.5",
            "count": 150,
            "created_time": "2024-09-30T22:41:05.324812Z",
            "yes_price": 50,
            "no_price": 50,
            "taker_side": "yes"
        },
        {
            "trade_id": "cd44ed80-e568-4625-91d6-b6b9f7acdbc8",
            "ticker": "HIGHNY-24OCT01-B68.5",
            "count": 60,
            "created_time": "2024-09-30T22:41:00.752518Z",
            "yes_price": 48,
            "no_price": 52,
            "taker_side": "yes"
        },
        {
            "trade_id": "50efbda2-e829-4e35-b89e-6ace0d052a50",
            "ticker": "HIGHNY-24OCT01-B68.5",
            "count": 25,
            "created_time": "2024-09-30T21:11:21.337461Z",
            "yes_price": 43,
            "no_price": 57,
            "taker_side": "no"
        },
        {
            "trade_id": "03b6450e-4b0e-43fc-850b-b3783c298ca1",
            "ticker": "HIGHNY-24OCT01-B68.5",
            "count": 50,
            "created_time": "2024-09-30T21:11:14.645721Z",
            "yes_price": 43,
            "no_price": 57,
            "taker_side": "no"
        },
        {
            "trade_id": "a599c55e-0bd2-44b4-9fde-10d0d75a42a8",
            "ticker": "HIGHNY-24OCT01-B68.5",
            "count": 30,
            "created_time": "2024-09-30T21:03:57.488712Z",
            "yes_price": 43,
            "no_price": 57,
            "taker_side": "no"
        },
        {
            "trade_id": "c97051f1-97a2-400a-9d9c-b38c90c3f9ef",
            "ticker": "HIGHNY-24OCT01-B68.5",
            "count": 75,
            "created_time": "2024-09-30T21:03:29.617246Z",
            "yes_price": 44,
            "no_price": 56,
            "taker_side": "no"
        },
        {
            "trade_id": "21b86183-f4ad-4dff-bd2b-a1de1160707f",
            "ticker": "HIGHNY-24OCT01-B68.5",
            "count": 75,
            "created_time": "2024-09-30T19:30:39.728794Z",
            "yes_price": 53,
            "no_price": 47,
            "taker_side": "yes"
        },
        {
            "trade_id": "cac69ce4-c918-4a07-b058-928fbe26d0cd",
            "ticker": "HIGHNY-24OCT01-B68.5",
            "count": 30,
            "created_time": "2024-09-30T19:30:21.993342Z",
            "yes_price": 52,
            "no_price": 48,
            "taker_side": "yes"
        },
        {
            "trade_id": "047b4e68-2015-44b0-9174-6848a1d36b5b",
            "ticker": "HIGHNY-24OCT01-B68.5",
            "count": 60,
            "created_time": "2024-09-30T18:49:31.652862Z",
            "yes_price": 47,
            "no_price": 53,
            "taker_side": "no"
        },
        {
            "trade_id": "34e8d7e1-051c-4285-b68e-9e10e3d4e3d7",
            "ticker": "HIGHNY-24OCT01-B68.5",
            "count": 45,
            "created_time": "2024-09-30T18:49:25.185077Z",
            "yes_price": 47,
            "no_price": 53,
            "taker_side": "no"
        },
        {
            "trade_id": "fdac03f3-1ab1-44b3-a78d-c570e0d15127",
            "ticker": "HIGHNY-24OCT01-B68.5",
            "count": 300,
            "created_time": "2024-09-30T18:48:54.458442Z",
            "yes_price": 50,
            "no_price": 50,
            "taker_side": "no"
        },
        {
            "trade_id": "6de9e8a5-ffb5-41ee-9510-fcff4710b306",
            "ticker": "HIGHNY-24OCT01-B68.5",
            "count": 150,
            "created_time": "2024-09-30T18:48:54.458442Z",
            "yes_price": 47,
            "no_price": 53,
            "taker_side": "no"
        },
        {
            "trade_id": "6996dcd0-1907-4acc-adc7-cd4ec42d9972",
            "ticker": "HIGHNY-24OCT01-B68.5",
            "count": 15,
            "created_time": "2024-09-30T18:48:54.458442Z",
            "yes_price": 49,
            "no_price": 51,
            "taker_side": "no"
        },
        {
            "trade_id": "9d2e2f4d-305b-46df-8721-34995fdec573",
            "ticker": "HIGHNY-24OCT01-B68.5",
            "count": 60,
            "created_time": "2024-09-30T16:04:29.946839Z",
            "yes_price": 47,
            "no_price": 53,
            "taker_side": "yes"
        },
        {
            "trade_id": "5ca12d8c-43d4-4a03-a51e-352ef4b1eefe",
            "ticker": "HIGHNY-24OCT01-B68.5",
            "count": 22,
            "created_time": "2024-09-30T16:04:29.946839Z",
            "yes_price": 48,
            "no_price": 52,
            "taker_side": "yes"
        },
        {
            "trade_id": "387991f4-b2be-4a28-be78-5790e3a43ffa",
            "ticker": "HIGHNY-24OCT01-B68.5",
            "count": 150,
            "created_time": "2024-09-30T16:04:29.946839Z",
            "yes_price": 50,
            "no_price": 50,
            "taker_side": "yes"
        },
        {
            "trade_id": "368f14c5-c77b-484e-a254-b8ce33021fe8",
            "ticker": "HIGHNY-24OCT01-B68.5",
            "count": 137,
            "created_time": "2024-09-30T16:04:29.946839Z",
            "yes_price": 52,
            "no_price": 48,
            "taker_side": "yes"
        },
        {
            "trade_id": "4f459aaf-acd6-42b2-b37d-485d45167364",
            "ticker": "HIGHNY-24OCT01-B68.5",
            "count": 60,
            "created_time": "2024-09-30T14:21:15.30842Z",
            "yes_price": 51,
            "no_price": 49,
            "taker_side": "yes"
        }
    ],
    "HIGHNY-24OCT01-B70.5": [
        {
            "trade_id": "9288ddb3-964f-462d-8bac-9f975c99a690",
            "ticker": "HIGHNY-24OCT01-B70.5",
            "count": 51,
            "created_time": "2024-10-02T01:45:01.098175Z",
            "yes_price": 1,
            "no_price": 99,
            "taker_side": "yes"
        },
        {
            "trade_id": "8bb05ab4-020b-4af4-8b54-7210c0bf70e7",
            "ticker": "HIGHNY-24OCT01-B70.5",
            "count": 208,
            "created_time": "2024-10-02T01:45:01.098175Z",
            "yes_price": 2,
            "no_price": 98,
            "taker_side": "yes"
        },
        {
            "trade_id": "f21acf22-1577-4502-855f-1ad3d6e29503",
            "ticker": "HIGHNY-24OCT01-B70.5",
            "count": 50,
            "created_time": "2024-10-01T20:55:13.382984Z",
            "yes_price": 1,
            "no_price": 99,
            "taker_side": "no"
        },
        {
            "trade_id": "1459107f-0262-4e19-baa3-96681b13b50d",
            "ticker": "HIGHNY-24OCT01-B70.5",
            "count": 25,
            "created_time": "2024-10-01T20:42:22.391686Z",
            "yes_price": 10,
            "no_price": 90,
            "taker_side": "yes"
        },
        {
            "trade_id": "6431d405-4c1e-482a-b04d-5e1b737d6534",
            "ticker": "HIGHNY-24OCT01-B70.5",
            "count": 102,
            "created_time": "2024-10-01T20:41:04.988309Z",
            "yes_price": 3,
            "no_price": 97,
            "taker_side": "no"
        },
        {
            "trade_id": "af3efaf7-5dc1-4255-9371-06129b6cb551",
            "ticker": "HIGHNY-24OCT01-B70.5",
            "count": 102,
            "created_time": "2024-10-01T20:40:31.315306Z",
            "yes_price": 3,
            "no_price": 97,
            "taker_side": "no"
        },
        {
            "trade_id": "44e69451-3125-497d-9495-ad590ea34f3f",
            "ticker": "HIGHNY-24OCT01-B70.5",
            "count": 5,
            "created_time": "2024-10-01T20:23:49.365247Z",
            "yes_price": 3,
            "no_price": 97,
            "taker_side": "no"
        },
        {
            "trade_id": "d23ffe2d-bc72-43d5-be1d-1b034c3095f0",
            "ticker": "HIGHNY-24OCT01-B70.5",
            "count": 55,
            "created_time": "2024-10-01T20:04:07.377852Z",
            "yes_price": 9,
            "no_price": 91,
            "taker_side": "no"
        },
        {
            "trade_id": "7d525f9e-00af-4b77-b1d1-8e686f13a40c",
            "ticker": "HIGHNY-24OCT01-B70.5",
            "count": 3,
            "created_time": "2024-10-01T20:04:07.377852Z",
            "yes_price": 9,
            "no_price": 91,
            "taker_side": "no"
        },
        {
            "trade_id": "c8eb9d61-666d-4e1c-b336-b65b12c7c268",
            "ticker": "HIGHNY-24OCT01-B70.5",
            "count": 20,
            "created_time": "2024-10-01T20:03:04.290137Z",
            "yes_price": 9,
            "no_price": 91,
            "taker_side": "no"
        },
        {
            "trade_id": "8bf0d89c-1e45-4064-9385-7d203c9a0116",
            "ticker": "HIGHNY-24OCT01-B70.5",
            "count": 44,
            "created_time": "2024-10-01T19:53:47.529198Z",
            "yes_price": 9,
            "no_price": 91,
            "taker_side": "no"
        },
        {
            "trade_id": "042991b4-7713-4e54-946c-3dfe4ecd0fe2",
            "ticker": "HIGHNY-24OCT01-B70.5",
            "count": 16,
            "created_time": "2024-10-01T19:51:35.496821Z",
            "yes_price": 9,
            "no_price": 91,
            "taker_side": "no"
        },
        {
            "trade_id": "bcab40cc-9c1a-43dc-a6da-fb8154370be0",
            "ticker": "HIGHNY-24OCT01-B70.5",
            "count": 10,
            "created_time": "2024-10-01T19:46:01.663077Z",
            "yes_price": 9,
            "no_price": 91,
            "taker_side": "no"
        },
        {
            "trade_id": "deb5f4c2-0ea9-4e10-85f2-53a3be79b13b",
            "ticker": "HIGHNY-24OCT01-B70.5",
            "count": 5,
            "created_time": "2024-10-01T19:37:52.139079Z",
            "yes_price": 9,
            "no_price": 91,
            "taker_side": "no"
        },
        {
            "trade_id": "346f82ff-d952-4593-9c59-679032f4c0a7",
            "ticker": "HIGHNY-24OCT01-B70.5",
            "count": 61,
            "created_time": "2024-10-01T18:57:19.048759Z",
            "yes_price": 21,
            "no_price": 79,
            "taker_side": "no"
        },
        {
            "trade_id": "cffee6f7-e1b9-4a02-be63-51ef26f17df2",
            "ticker": "HIGHNY-24OCT01-B70.5",
            "count": 38,
            "created_time": "2024-10-01T18:55:38.350814Z",
            "yes_price": 30,
            "no_price": 70,
            "taker_side": "no"
        },
        {
            "trade_id": "3f0778dd-5b21-401f-be25-68ae6b5ac7df",
            "ticker": "HIGHNY-24OCT01-B70.5",
            "count": 39,
            "created_time": "2024-10-01T18:55:38.350814Z",
            "yes_price": 21,
            "no_price": 79,
            "taker_side": "no"
        },
        {
            "trade_id": "b037cb77-1a95-447e-9ead-dfb6cedd484a",
            "ticker": "HIGHNY-24OCT01-B70.5",
            "count": 5,
            "created_time": "2024-10-01T18:54:35.400015Z",
            "yes_price": 30,
            "no_price": 70,
            "taker_side": "no"
        },
        {
            "trade_id": "5907c663-3e67-4062-a591-b671c8592932",
            "ticker": "HIGHNY-24OCT01-B70.5",
            "count": 12,
            "created_time": "2024-10-01T18:54:35.400015Z",
            "yes_price": 30,
            "no_price": 70,
            "taker_side": "no"
        },
        {
            "trade_id": "cc0855d3-e582-433e-9c4a-1b83769469d2",
            "ticker": "HIGHNY-24OCT01-B70.5",
            "count": 87,
            "created_time": "2024-10-01T18:49:49.187547Z",
            "yes_price": 31,
            "no_price": 69,
            "taker_side": "no"
        },
        {
            "trade_id": "91927c98-f72a-4c56-a988-f7a26948f97f",
            "ticker": "HIGHNY-24OCT01-B70.5",
            "count": 33,
            "created_time": "2024-10-01T18:49:49.187547Z",
            "yes_price": 30,
            "no_price": 70,
            "taker_side": "no"
        },
        {
            "trade_id": "3604f00a-8ada-4dad-9f2b-cc85fece5301",
            "ticker": "HIGHNY-24OCT01-B70.5",
            "count": 13,
            "created_time": "2024-10-01T18:45:25.184084Z",
            "yes_price": 31,
            "no_price": 69,
            "taker_side": "no"
        },
        {
            "trade_id": "559691a0-b337-4639-9cff-7282d0407fe9",
            "ticker": "HIGHNY-24OCT01-B70.5",
            "count": 10,
            "created_time": "2024-10-01T18:37:33.993238Z",
            "yes_price": 40,
            "no_price": 60,
            "taker_side": "no"
        },
        {
            "trade_id": "0fbf7bb9-9300-4314-b9ed-ac0f59b4ec5e",
            "ticker": "HIGHNY-24OCT01-B70.5",
            "count": 3,
            "created_time": "2024-10-01T18:37:33.993238Z",
            "yes_price": 37,
            "no_price": 63,
            "taker_side": "no"
        },
        {
            "trade_id": "05f70edc-1b8e-431f-92fb-9910f4ac13c3",
            "ticker": "HIGHNY-24OCT01-B70.5",
            "count": 3,
            "created_time": "2024-10-01T18:37:33.993238Z",
            "yes_price": 41,
            "no_price": 59,
            "taker_side": "no"
        },
        {
            "trade_id": "3379b843-0b3a-4669-ac40-ed84d5e66dda",
            "ticker": "HIGHNY-24OCT01-B70.5",
            "count": 10,
            "created_time": "2024-10-01T18:02:59.874387Z",
            "yes_price": 74,
            "no_price": 26,
            "taker_side": "no"
        },
        {
            "trade_id": "4fa27bf9-e8da-44b1-a93b-8f3c572e1215",
            "ticker": "HIGHNY-24OCT01-B70.5",
            "count": 3,
            "created_time": "2024-10-01T17:03:37.239508Z",
            "yes_price": 75,
            "no_price": 25,
            "taker_side": "yes"
        },
        {
            "trade_id": "4b82cc1b-0b0e-4b43-a039-a1cd9ae94865",
            "ticker": "HIGHNY-24OCT01-B70.5",
            "count": 10,
            "created_time": "2024-10-01T17:03:37.239508Z",
            "yes_price": 74,
            "no_price": 26,
            "taker_side": "yes"
        },
        {
            "trade_id": "9c3e2a03-3a83-4e61-99f3-91354ae25ea3",
            "ticker": "HIGHNY-24OCT01-B70.5",
            "count": 34,
            "created_time": "2024-10-01T16:01:03.165877Z",
            "yes_price": 60,
            "no_price": 40,
            "taker_side": "yes"
        },
        {
            "trade_id": "662cef39-360d-487d-8557-1a8ab0931078",
            "ticker": "HIGHNY-24OCT01-B70.5",
            "count": 43,
            "created_time": "2024-10-01T16:01:03.165877Z",
            "yes_price": 65,
            "no_price": 35,
            "taker_side": "yes"
        },
        {
            "trade_id": "14ba69ea-c9f9-428f-bf73-f23420686505",
            "ticker": "HIGHNY-24OCT01-B70.5",
            "count": 16,
            "created_time": "2024-10-01T15:09:36.102777Z",
            "yes_price": 60,
            "no_price": 40,
            "taker_side": "yes"
        },
        {
            "trade_id": "b7fcbc84-8963-46f6-915c-657a10f387d5",
            "ticker": "HIGHNY-24OCT01-B70.5",
            "count": 45,
            "created_time": "2024-10-01T14:15:29.004605Z",
            "yes_price": 65,
            "no_price": 35,
            "taker_side": "yes"
        },
        {
            "trade_id": "97cb4af2-0242-44b4-9ecd-90e5853c2cb8",
            "ticker": "HIGHNY-24OCT01-B70.5",
            "count": 30,
            "created_time": "2024-10-01T14:15:29.004605Z",
            "yes_price": 64,
            "no_price": 36,
            "taker_side": "yes"
        },
        {
            "trade_id": "d96bdbf0-b124-4641-84d4-24996e51c055",
            "ticker": "HIGHNY-24OCT01-B70.5",
            "count": 3,
            "created_time": "2024-10-01T13:53:57.958579Z",
            "yes_price": 65,
            "no_price": 35,
            "taker_side": "yes"
        },
        {
            "trade_id": "714dfde7-aa04-4234-bb03-2c722bef82a5",
            "ticker": "HIGHNY-24OCT01-B70.5",
            "count": 1,
            "created_time": "2024-10-01T13:03:34.561967Z",
            "yes_price": 66,
            "no_price": 34,
            "taker_side": "yes"
        },
        {
            "trade_id": "5775598b-2e58-4e5a-8db8-17bdf229e729",
            "ticker": "HIGHNY-24OCT01-B70.5",
            "count": 25,
            "created_time": "2024-10-01T12:35:37.191879Z",
            "yes_price": 62,
            "no_price": 38,
            "taker_side": "no"
        },
        {
            "trade_id": "ec4bca1c-5f02-417c-ba67-029ab4b3c2dd",
            "ticker": "HIGHNY-24OCT01-B70.5",
            "count": 22,
            "created_time": "2024-10-01T12:28:29.01725Z",
            "yes_price": 63,
            "no_price": 37,
            "taker_side": "yes"
        },
        {
            "trade_id": "55c44077-74a1-4b6f-b044-16cce51a0d42",
            "ticker": "HIGHNY-24OCT01-B70.5",
            "count": 8,
            "created_time": "2024-10-01T12:24:34.220607Z",
            "yes_price": 62,
            "no_price": 38,
            "taker_side": "no"
        },
        {
            "trade_id": "737f168c-bbd9-45a9-a8b8-2bd44913fde9",
            "ticker": "HIGHNY-24OCT01-B70.5",
            "count": 8,
            "created_time": "2024-10-01T12:24:34.094339Z",
            "yes_price": 62,
            "no_price": 38,
            "taker_side": "yes"
        },
        {
            "trade_id": "9a34d6d1-16a7-4558-8a93-6aa962b5ce7c",
            "ticker": "HIGHNY-24OCT01-B70.5",
            "count": 30,
            "created_time": "2024-10-01T12:20:46.041072Z",
            "yes_price": 62,
            "no_price": 38,
            "taker_side": "yes"
        },
        {
            "trade_id": "fdef7cea-127d-4464-8921-fadd2979bcbf",
            "ticker": "HIGHNY-24OCT01-B70.5",
            "count": 8,
            "created_time": "2024-10-01T12:17:43.833205Z",
            "yes_price": 61,
            "no_price": 39,
            "taker_side": "no"
        },
        {
            "trade_id": "c9a78198-4a38-439c-a41a-6f563af9b169",
            "ticker": "HIGHNY-24OCT01-B70.5",
            "count": 20,
            "created_time": "2024-10-01T03:14:06.400887Z",
            "yes_price": 48,
            "no_price": 52,
            "taker_side": "yes"
        },
        {
            "trade_id": "8e5e03ba-a6f1-4c61-a95f-ae529cac0f7f",
            "ticker": "HIGHNY-24OCT01-B70.5",
            "count": 75,
            "created_time": "2024-10-01T03:14:06.400887Z",
            "yes_price": 48,
            "no_price": 52,
            "taker_side": "yes"
        },
        {
            "trade_id": "9b1d1f4a-52cf-415b-8f8b-07ed4c189447",
            "ticker": "HIGHNY-24OCT01-B70.5",
            "count": 60,
            "created_time": "2024-10-01T03:13:47.164009Z",
            "yes_price": 47,
            "no_price": 53,
            "taker_side": "yes"
        },
        {
            "trade_id": "4b71fd93-242b-486d-afa0-72b7cc572274",
            "ticker": "HIGHNY-24OCT01-B70.5",
            "count": 1,
            "created_time": "2024-10-01T03:13:47.164009Z",
            "yes_price": 45,
            "no_price": 55,
            "taker_side": "yes"
        },
        {
            "trade_id": "bab5208f-2031-4b8d-bc1f-915c1be22917",
            "ticker": "HIGHNY-24OCT01-B70.5",
            "count": 45,
            "created_time": "2024-10-01T03:13:29.692214Z",
            "yes_price": 46,
            "no_price": 54,
            "taker_side": "yes"
        },
        {
            "trade_id": "8406d5da-6d3f-42f6-8ad1-33cdc222f270",
            "ticker": "HIGHNY-24OCT01-B70.5",
            "count": 1,
            "created_time": "2024-10-01T03:13:29.692214Z",
            "yes_price": 45,
            "no_price": 55,
            "taker_side": "yes"
        },
        {
            "trade_id": "eb6f65fe-7671-4e25-8546-6aa9eafa8e77",
            "ticker": "HIGHNY-24OCT01-B70.5",
            "count": 1,
            "created_time": "2024-10-01T02:14:38.874932Z",
            "yes_price": 45,
            "no_price": 55,
            "taker_side": "yes"
        },
        {
            "trade_id": "95d48a61-ebfd-4002-bfdc-0f0a3ca4a25d",
            "ticker": "HIGHNY-24OCT01-B70.5",
            "count": 1,
            "created_time": "2024-10-01T02:13:46.750057Z",
            "yes_price": 45,
            "no_price": 55,
            "taker_side": "no"
        },
        {
            "trade_id": "45033d23-94fd-4b69-90a7-391837db573a",
            "ticker": "HIGHNY-24OCT01-B70.5",
            "count": 4,
            "created_time": "2024-10-01T02:13:36.66408Z",
            "yes_price": 45,
            "no_price": 55,
            "taker_side": "no"
        },
        {
            "trade_id": "98bce9a5-6811-40b2-886b-5669188c65c5",
            "ticker": "HIGHNY-24OCT01-B70.5",
            "count": 7,
            "created_time": "2024-10-01T02:13:31.252228Z",
            "yes_price": 45,
            "no_price": 55,
            "taker_side": "yes"
        },
        {
            "trade_id": "586f1e4a-28f9-4135-bcb0-ba95bfc97a68",
            "ticker": "HIGHNY-24OCT01-B70.5",
            "count": 14,
            "created_time": "2024-10-01T02:12:05.248004Z",
            "yes_price": 45,
            "no_price": 55,
            "taker_side": "yes"
        },
        {
            "trade_id": "017bba58-cc20-4ca2-974d-d26dda0308d2",
            "ticker": "HIGHNY-24OCT01-B70.5",
            "count": 24,
            "created_time": "2024-10-01T02:11:45.663619Z",
            "yes_price": 45,
            "no_price": 55,
            "taker_side": "yes"
        },
        {
            "trade_id": "35f245dc-a790-4ed7-9433-f0ebb7af5c75",
            "ticker": "HIGHNY-24OCT01-B70.5",
            "count": 15,
            "created_time": "2024-10-01T01:50:05.133726Z",
            "yes_price": 45,
            "no_price": 55,
            "taker_side": "no"
        },
        {
            "trade_id": "cb48bef4-fc36-401c-892f-aa24d25037c2",
            "ticker": "HIGHNY-24OCT01-B70.5",
            "count": 45,
            "created_time": "2024-10-01T01:49:59.460792Z",
            "yes_price": 45,
            "no_price": 55,
            "taker_side": "yes"
        },
        {
            "trade_id": "c252ed31-1109-4d42-a925-596808a03309",
            "ticker": "HIGHNY-24OCT01-B70.5",
            "count": 100,
            "created_time": "2024-10-01T01:49:59.460792Z",
            "yes_price": 45,
            "no_price": 55,
            "taker_side": "yes"
        },
        {
            "trade_id": "6ea43631-4c37-430b-84c2-820b22123aed",
            "ticker": "HIGHNY-24OCT01-B70.5",
            "count": 45,
            "created_time": "2024-10-01T01:49:59.460792Z",
            "yes_price": 45,
            "no_price": 55,
            "taker_side": "yes"
        },
        {
            "trade_id": "4e90708a-715f-44ec-a18d-09586ff9703d",
            "ticker": "HIGHNY-24OCT01-B70.5",
            "count": 50,
            "created_time": "2024-10-01T01:49:47.673952Z",
            "yes_price": 44,
            "no_price": 56,
            "taker_side": "yes"
        },
        {
            "trade_id": "2cb02a5f-17b6-4e83-a5b2-fb25589e7635",
            "ticker": "HIGHNY-24OCT01-B70.5",
            "count": 89,
            "created_time": "2024-10-01T01:49:47.673952Z",
            "yes_price": 44,
            "no_price": 56,
            "taker_side": "yes"
        },
        {
            "trade_id": "ebe50461-2be9-477d-88c0-6f07fc2f28c7",
            "ticker": "HIGHNY-24OCT01-B70.5",
            "count": 41,
            "created_time": "2024-10-01T00:50:59.303929Z",
            "yes_price": 43,
            "no_price": 57,
            "taker_side": "yes"
        },
        {
            "trade_id": "ca141125-f018-4dd5-a6f7-1d467e8d4da3",
            "ticker": "HIGHNY-24OCT01-B70.5",
            "count": 3,
            "created_time": "2024-10-01T00:50:59.303929Z",
            "yes_price": 39,
            "no_price": 61,
            "taker_side": "yes"
        },
        {
            "trade_id": "14971827-d0e0-47b4-bc7c-a20a68e1723c",
            "ticker": "HIGHNY-24OCT01-B70.5",
            "count": 2,
            "created_time": "2024-09-30T22:08:35.536025Z",
            "yes_price": 30,
            "no_price": 70,
            "taker_side": "yes"
        },
        {
            "trade_id": "6895a072-d7a1-434c-99fa-c6796e96f4b5",
            "ticker": "HIGHNY-24OCT01-B70.5",
            "count": 98,
            "created_time": "2024-09-30T20:30:02.708764Z",
            "yes_price": 30,
            "no_price": 70,
            "taker_side": "yes"
        },
        {
            "trade_id": "ba9a0364-4572-4107-9779-7940ae728070",
            "ticker": "HIGHNY-24OCT01-B70.5",
            "count": 60,
            "created_time": "2024-09-30T16:04:04.032634Z",
            "yes_price": 20,
            "no_price": 80,
            "taker_side": "yes"
        },
        {
            "trade_id": "5a52c798-efe5-4fc1-8ff4-91bfed89e5d3",
            "ticker": "HIGHNY-24OCT01-B70.5",
            "count": 150,
            "created_time": "2024-09-30T16:04:04.032634Z",
            "yes_price": 22,
            "no_price": 78,
            "taker_side": "yes"
        },
        {
            "trade_id": "9d424449-356c-44b1-ab43-860eebbb97ea",
            "ticker": "HIGHNY-24OCT01-B70.5",
            "count": 25,
            "created_time": "2024-09-30T15:58:54.128703Z",
            "yes_price": 20,
            "no_price": 80,
            "taker_side": "yes"
        },
        {
            "trade_id": "37d15da6-3c4c-4052-a15d-a0928481fafa",
            "ticker": "HIGHNY-24OCT01-B70.5",
            "count": 5,
            "created_time": "2024-09-30T15:47:09.832051Z",
            "yes_price": 20,
            "no_price": 80,
            "taker_side": "yes"
        },
        {
            "trade_id": "7eed83bd-5083-49c4-b5f5-9f7a89e08351",
            "ticker": "HIGHNY-24OCT01-B70.5",
            "count": 135,
            "created_time": "2024-09-30T15:24:36.200389Z",
            "yes_price": 27,
            "no_price": 73,
            "taker_side": "no"
        },
        {
            "trade_id": "36048760-7a58-43d1-ba19-0f8a9974d76d",
            "ticker": "HIGHNY-24OCT01-B70.5",
            "count": 150,
            "created_time": "2024-09-30T15:24:36.184363Z",
            "yes_price": 27,
            "no_price": 73,
            "taker_side": "no"
        },
        {
            "trade_id": "27c7bf27-0049-4013-8c22-d636b84b326f",
            "ticker": "HIGHNY-24OCT01-B70.5",
            "count": 15,
            "created_time": "2024-09-30T15:24:36.160841Z",
            "yes_price": 27,
            "no_price": 73,
            "taker_side": "no"
        },
        {
            "trade_id": "9e98399f-501e-4d6b-af26-0daf1741e6c2",
            "ticker": "HIGHNY-24OCT01-B70.5",
            "count": 90,
            "created_time": "2024-09-30T14:21:21.352746Z",
            "yes_price": 25,
            "no_price": 75,
            "taker_side": "no"
        }
    ],
    "HIGHNY-24OCT01-B72.5": [
        {
            "trade_id": "16e08f5d-c429-4c37-ba24-02172f4fa742",
            "ticker": "HIGHNY-24OCT01-B72.5",
            "count": 25,
            "created_time": "2024-10-01T17:07:38.319178Z",
            "yes_price": 1,
            "no_price": 99,
            "taker_side": "no"
        },
        {
            "trade_id": "a62b4c81-bc22-4d54-bd7e-7695b29cf55c",
            "ticker": "HIGHNY-24OCT01-B72.5",
            "count": 10,
            "created_time": "2024-10-01T17:03:37.331037Z",
            "yes_price": 1,
            "no_price": 99,
            "taker_side": "no"
        },
        {
            "trade_id": "15d4e810-8930-4d05-be17-f6ed2d57a1d3",
            "ticker": "HIGHNY-24OCT01-B72.5",
            "count": 8,
            "created_time": "2024-10-01T12:24:34.20965Z",
            "yes_price": 5,
            "no_price": 95,
            "taker_side": "no"
        },
        {
            "trade_id": "67fec38f-7a76-4fea-a67f-667fa056c642",
            "ticker": "HIGHNY-24OCT01-B72.5",
            "count": 8,
            "created_time": "2024-10-01T12:24:34.176442Z",
            "yes_price": 5,
            "no_price": 95,
            "taker_side": "no"
        },
        {
            "trade_id": "762c9a96-adfe-478d-8c4a-7f373e8459ad",
            "ticker": "HIGHNY-24OCT01-B72.5",
            "count": 20,
            "created_time": "2024-10-01T03:14:06.536247Z",
            "yes_price": 1,
            "no_price": 99,
            "taker_side": "no"
        },
        {
            "trade_id": "ef5b6b33-e9bb-4c00-b647-67ecf0a9c87d",
            "ticker": "HIGHNY-24OCT01-B72.5",
            "count": 100,
            "created_time": "2024-10-01T01:49:59.562442Z",
            "yes_price": 1,
            "no_price": 99,
            "taker_side": "no"
        },
        {
            "trade_id": "19e2b67a-f4d6-47ee-a110-abb8dcc78e76",
            "ticker": "HIGHNY-24OCT01-B72.5",
            "count": 50,
            "created_time": "2024-10-01T01:49:47.782432Z",
            "yes_price": 1,
            "no_price": 99,
            "taker_side": "no"
        }
    ],
    "HIGHNY-24OCT01-T73": [
        {
            "trade_id": "786b7f03-e872-49eb-bc1c-584d0854a643",
            "ticker": "HIGHNY-24OCT01-T73",
            "count": 50,
            "created_time": "2024-10-01T01:49:47.788446Z",
            "yes_price": 1,
            "no_price": 99,
            "taker_side": "no"
        }
    ]
}