{
    "HIGHNY-24AUG31-T76": [
        {
            "trade_id": "8af32fac-58b6-40bc-a02b-864bae9774b4",
            "ticker": "HIGHNY-24AUG31-T76",
            "count": 6,
            "created_time": "2024-08-31T15:00:05.960308Z",
            "yes_price": 5,
            "no_price": 95,
            "taker_side": "yes"
        },
        {
            "trade_id": "6b7f13e7-1f9e-4a07-b7a3-dc3696d1579e",
            "ticker": "HIGHNY-24AUG31-T76",
            "count": 3,
            "created_time": "2024-08-31T15:00:05.496926Z",
            "yes_price": 3,
            "no_price": 97,
            "taker_side": "yes"
        },
        {
            "trade_id": "67f01209-8b00-48e9-9d9b-d9548962a95d",
            "ticker": "HIGHNY-24AUG31-T76",
            "count": 13,
            "created_time": "2024-08-31T15:00:05.496926Z",
            "yes_price": 5,
            "no_price": 95,
            "taker_side": "yes"
        },
        {
            "trade_id": "7845b60d-289b-40cd-b25b-acfdfd5c3e94",
            "ticker": "HIGHNY-24AUG31-T76",
            "count": 26,
            "created_time": "2024-08-31T13:53:58.035237Z",
            "yes_price": 1,
            "no_price": 99,
            "taker_side": "no"
        },
        {
            "trade_id": "04604740-50f7-4ec9-af71-ac2f43f8975b",
            "ticker": "HIGHNY-24AUG31-T76",
            "count": 24,
            "created_time": "2024-08-31T13:50:21.265036Z",
            "yes_price": 1,
            "no_price": 99,
            "taker_side": "no"
        }
    ],
    "HIGHNY-24AUG31-B76.5": [
        {
            "trade_id": "a09485f0-537b-41fb-b1cc-7fbd7dffbc20",
            "ticker": "HIGHNY-24AUG31-B76.5",
            "count": 80,
            "created_time": "2024-08-31T22:06:20.380249Z",
            "yes_price": 96,
            "no_price": 4,
            "taker_side": "no"
        },
        {
            "trade_id": "55577d3a-4e48-47b0-82a8-234f530fe583",
            "ticker": "HIGHNY-24AUG31-B76.5",
            "count": 20,
            "created_time": "2024-08-31T21:51:44.326797Z",
            "yes_price": 96,
            "no_price": 4,
            "taker_side": "no"
        },
        {
            "trade_id": "e097d66e-57e9-473a-9858-10221c60280e",
            "ticker": "HIGHNY-24AUG31-B76.5",
            "count": 20,
            "created_time": "2024-08-31T21:47:00.595595Z",
            "yes_price": 97,
            "no_price": 3,
            "taker_side": "no"
        },
        {
            "trade_id": "fb9ae2da-2a94-4096-a679-901f6e5bdb8d",
            "ticker": "HIGHNY-24AUG31-B76.5",
            "count": 50,
            "created_time": "2024-08-31T21:36:26.820153Z",
            "yes_price": 99,
            "no_price": 1,
            "taker_side": "yes"
        },
        {
            "trade_id": "56ee6a8a-d62a-4b39-8b9a-8e487eed8d86",
            "ticker": "HIGHNY-24AUG31-B76.5",
            "count": 20,
            "created_time": "2024-08-31T21:36:26.820153Z",
            "yes_price": 98,
            "no_price": 2,
            "taker_side": "yes"
        },
        {
            "trade_id": "dd0c1f30-2df9-44a1-8e5f-f32b7960fd26",
            "ticker": "HIGHNY-24AUG31-B76.5",
            "count": 25,
            "created_time": "2024-08-31T21:29:02.110255Z",
            "yes_price": 97,
            "no_price": 3,
            "taker_side": "yes"
        },
        {
            "trade_id": "e34f1438-1f5c-457b-9d16-6866e683e025",
            "ticker": "HIGHNY-24AUG31-B76.5",
            "count": 27,
            "created_time": "2024-08-31T18:53:37.136204Z",
            "yes_price": 23,
            "no_price": 77,
            "taker_side": "yes"
        },
        {
            "trade_id": "b46ec10c-9318-4967-abfd-b1d8b551fb81",
            "ticker": "HIGHNY-24AUG31-B76.5",
            "count": 50,
            "created_time": "2024-08-31T18:53:37.136204Z",
            "yes_price": 22,
            "no_price": 78,
            "taker_side": "yes"
        },
        {
            "trade_id": "07fcdb61-c812-4138-9df2-c840d19c7685",
            "ticker": "HIGHNY-24AUG31-B76.5",
            "count": 6,
            "created_time": "2024-08-31T15:00:05.914589Z",
            "yes_price": 10,
            "no_price": 90,
            "taker_side": "yes"
        },
        {
            "trade_id": "37f0c1a5-22a7-47b8-959d-78290889ddff",
            "ticker": "HIGHNY-24AUG31-B76.5",
            "count": 26,
            "created_time": "2024-08-31T13:53:58.032483Z",
            "yes_price": 1,
            "no_price": 99,
            "taker_side": "no"
        },
        {
            "trade_id": "d6d58e75-629c-4d3a-8a60-d82ed0bdac8c",
            "ticker": "HIGHNY-24AUG31-B76.5",
            "count": 24,
            "created_time": "2024-08-31T13:50:21.301816Z",
            "yes_price": 1,
            "no_price": 99,
            "taker_side": "no"
        },
        {
            "trade_id": "bdaf1af0-4bde-47d3-bc58-94b39c443119",
            "ticker": "HIGHNY-24AUG31-B76.5",
            "count": 72,
            "created_time": "2024-08-31T02:08:39.481659Z",
            "yes_price": 14,
            "no_price": 86,
            "taker_side": "yes"
        },
        {
            "trade_id": "66d9c4c5-63a3-45a7-9782-3883b2b41e75",
            "ticker": "HIGHNY-24AUG31-B76.5",
            "count": 54,
            "created_time": "2024-08-31T02:07:57.904458Z",
            "yes_price": 13,
            "no_price": 87,
            "taker_side": "yes"
        },
        {
            "trade_id": "807ae0e3-3475-4c80-980f-64eb5e19eab0",
            "ticker": "HIGHNY-24AUG31-B76.5",
            "count": 3,
            "created_time": "2024-08-30T16:13:38.947297Z",
            "yes_price": 7,
            "no_price": 93,
            "taker_side": "no"
        }
    ],
    "HIGHNY-24AUG31-B78.5": [
        {
            "trade_id": "a397434a-7eaa-4b54-afe5-085d90d2988f",
            "ticker": "HIGHNY-24AUG31-B78.5",
            "count": 600,
            "created_time": "2024-09-01T01:34:36.345553Z",
            "yes_price": 1,
            "no_price": 99,
            "taker_side": "yes"
        },
        {
            "trade_id": "4a964156-3d4c-4a56-aa23-44ec1a60c494",
            "ticker": "HIGHNY-24AUG31-B78.5",
            "count": 1,
            "created_time": "2024-08-31T22:31:11.871478Z",
            "yes_price": 1,
            "no_price": 99,
            "taker_side": "yes"
        },
        {
            "trade_id": "a0550d90-06ef-4d03-b98d-807186622020",
            "ticker": "HIGHNY-24AUG31-B78.5",
            "count": 100,
            "created_time": "2024-08-31T21:46:55.655Z",
            "yes_price": 1,
            "no_price": 99,
            "taker_side": "yes"
        },
        {
            "trade_id": "22d3f9ae-5b51-4434-806d-6584a96ce922",
            "ticker": "HIGHNY-24AUG31-B78.5",
            "count": 50,
            "created_time": "2024-08-31T21:46:10.224257Z",
            "yes_price": 1,
            "no_price": 99,
            "taker_side": "no"
        },
        {
            "trade_id": "180d08b5-eec4-44c6-b75c-177b27af3889",
            "ticker": "HIGHNY-24AUG31-B78.5",
            "count": 11,
            "created_time": "2024-08-31T17:57:30.85606Z",
            "yes_price": 51,
            "no_price": 49,
            "taker_side": "yes"
        },
        {
            "trade_id": "a8d8c70a-3251-47ea-86a9-bbcde8285e2b",
            "ticker": "HIGHNY-24AUG31-B78.5",
            "count": 1,
            "created_time": "2024-08-31T15:37:04.272193Z",
            "yes_price": 51,
            "no_price": 49,
            "taker_side": "yes"
        },
        {
            "trade_id": "c5a8d273-0de3-4fc3-8647-1791015fe182",
            "ticker": "HIGHNY-24AUG31-B78.5",
            "count": 5,
            "created_time": "2024-08-31T15:03:22.478848Z",
            "yes_price": 24,
            "no_price": 76,
            "taker_side": "no"
        },
        {
            "trade_id": "0f530fa5-8e3c-4e42-befe-a629fbcd612d",
            "ticker": "HIGHNY-24AUG31-B78.5",
            "count": 9,
            "created_time": "2024-08-31T15:01:11.480342Z",
            "yes_price": 51,
            "no_price": 49,
            "taker_side": "yes"
        },
        {
            "trade_id": "b1288c6d-0908-4ccb-8954-072189c15cc3",
            "ticker": "HIGHNY-24AUG31-B78.5",
            "count": 6,
            "created_time": "2024-08-31T15:00:05.957093Z",
            "yes_price": 51,
            "no_price": 49,
            "taker_side": "yes"
        },
        {
            "trade_id": "ace81829-09e8-4dc9-9fe1-61a67ee48671",
            "ticker": "HIGHNY-24AUG31-B78.5",
            "count": 15,
            "created_time": "2024-08-31T15:00:05.714996Z",
            "yes_price": 24,
            "no_price": 76,
            "taker_side": "no"
        },
        {
            "trade_id": "eb6bda70-afb5-4421-ac93-e50917101840",
            "ticker": "HIGHNY-24AUG31-B78.5",
            "count": 14,
            "created_time": "2024-08-31T14:50:35.17886Z",
            "yes_price": 25,
            "no_price": 75,
            "taker_side": "no"
        },
        {
            "trade_id": "4eba0a73-4862-414d-ba28-f992c77bbddf",
            "ticker": "HIGHNY-24AUG31-B78.5",
            "count": 11,
            "created_time": "2024-08-31T14:50:35.17886Z",
            "yes_price": 24,
            "no_price": 76,
            "taker_side": "no"
        },
        {
            "trade_id": "b96a19c0-71b6-4227-974b-a8f2851bfc10",
            "ticker": "HIGHNY-24AUG31-B78.5",
            "count": 180,
            "created_time": "2024-08-31T13:53:57.91576Z",
            "yes_price": 33,
            "no_price": 67,
            "taker_side": "yes"
        },
        {
            "trade_id": "8b2d6094-5f71-4c40-aa5d-ec9c76e6d1fe",
            "ticker": "HIGHNY-24AUG31-B78.5",
            "count": 26,
            "created_time": "2024-08-31T13:53:57.91576Z",
            "yes_price": 30,
            "no_price": 70,
            "taker_side": "yes"
        },
        {
            "trade_id": "69d8db2b-fb48-42ce-9f1f-21d4d5cd522c",
            "ticker": "HIGHNY-24AUG31-B78.5",
            "count": 36,
            "created_time": "2024-08-31T13:53:57.91576Z",
            "yes_price": 31,
            "no_price": 69,
            "taker_side": "yes"
        },
        {
            "trade_id": "68ed6137-2ddb-4b0f-96b8-4980a0fc9ba1",
            "ticker": "HIGHNY-24AUG31-B78.5",
            "count": 180,
            "created_time": "2024-08-31T13:53:57.91576Z",
            "yes_price": 35,
            "no_price": 65,
            "taker_side": "yes"
        },
        {
            "trade_id": "aba4fa55-27d1-4a58-bfa0-efd607e56238",
            "ticker": "HIGHNY-24AUG31-B78.5",
            "count": 180,
            "created_time": "2024-08-31T13:53:38.313085Z",
            "yes_price": 29,
            "no_price": 71,
            "taker_side": "yes"
        },
        {
            "trade_id": "7f20edbc-55b6-49fa-9a76-b7e853ae633f",
            "ticker": "HIGHNY-24AUG31-B78.5",
            "count": 54,
            "created_time": "2024-08-31T13:53:38.313085Z",
            "yes_price": 27,
            "no_price": 73,
            "taker_side": "yes"
        },
        {
            "trade_id": "108a4be6-bb13-4274-9e52-c27e6ca97a55",
            "ticker": "HIGHNY-24AUG31-B78.5",
            "count": 180,
            "created_time": "2024-08-31T13:53:38.313085Z",
            "yes_price": 31,
            "no_price": 69,
            "taker_side": "yes"
        },
        {
            "trade_id": "6ed3194b-6446-4c87-98a7-938470e24776",
            "ticker": "HIGHNY-24AUG31-B78.5",
            "count": 24,
            "created_time": "2024-08-31T13:50:21.310095Z",
            "yes_price": 26,
            "no_price": 74,
            "taker_side": "no"
        },
        {
            "trade_id": "fe4502be-dcc5-4497-8e1e-8563cb637f5f",
            "ticker": "HIGHNY-24AUG31-B78.5",
            "count": 18,
            "created_time": "2024-08-31T13:44:33.436522Z",
            "yes_price": 26,
            "no_price": 74,
            "taker_side": "no"
        },
        {
            "trade_id": "24fdaeb4-89bb-44ff-adaa-17810808cd76",
            "ticker": "HIGHNY-24AUG31-B78.5",
            "count": 108,
            "created_time": "2024-08-31T13:35:20.977412Z",
            "yes_price": 26,
            "no_price": 74,
            "taker_side": "yes"
        },
        {
            "trade_id": "320449c0-610c-4604-9286-e5d34e782f43",
            "ticker": "HIGHNY-24AUG31-B78.5",
            "count": 18,
            "created_time": "2024-08-31T13:21:08.006992Z",
            "yes_price": 26,
            "no_price": 74,
            "taker_side": "yes"
        },
        {
            "trade_id": "01220ec4-8edf-4986-824c-a536170617f2",
            "ticker": "HIGHNY-24AUG31-B78.5",
            "count": 36,
            "created_time": "2024-08-31T13:20:44.830985Z",
            "yes_price": 25,
            "no_price": 75,
            "taker_side": "no"
        },
        {
            "trade_id": "3ee7359c-c887-47a0-8007-ea242539e7cd",
            "ticker": "HIGHNY-24AUG31-B78.5",
            "count": 40,
            "created_time": "2024-08-31T12:56:33.56399Z",
            "yes_price": 26,
            "no_price": 74,
            "taker_side": "no"
        },
        {
            "trade_id": "5a90736d-b962-42d2-aabf-a0151ee67d1f",
            "ticker": "HIGHNY-24AUG31-B78.5",
            "count": 10,
            "created_time": "2024-08-31T12:45:29.628378Z",
            "yes_price": 26,
            "no_price": 74,
            "taker_side": "no"
        },
        {
            "trade_id": "54c2a00d-562a-4be6-b8c7-8c060e70deca",
            "ticker": "HIGHNY-24AUG31-B78.5",
            "count": 90,
            "created_time": "2024-08-31T12:11:52.500639Z",
            "yes_price": 32,
            "no_price": 68,
            "taker_side": "yes"
        },
        {
            "trade_id": "1caae9f4-a908-40f8-b78f-30c606074a88",
            "ticker": "HIGHNY-24AUG31-B78.5",
            "count": 72,
            "created_time": "2024-08-31T03:48:25.604134Z",
            "yes_price": 36,
            "no_price": 64,
            "taker_side": "yes"
        },
        {
            "trade_id": "3674a9c6-8e2e-4cb1-909a-edb2342737ba",
            "ticker": "HIGHNY-24AUG31-B78.5",
            "count": 90,
            "created_time": "2024-08-31T03:48:12.897662Z",
            "yes_price": 35,
            "no_price": 65,
            "taker_side": "yes"
        },
        {
            "trade_id": "3b49dc95-d6ff-40f6-8593-624fcaf21067",
            "ticker": "HIGHNY-24AUG31-B78.5",
            "count": 108,
            "created_time": "2024-08-31T03:47:55.070646Z",
            "yes_price": 34,
            "no_price": 66,
            "taker_side": "yes"
        },
        {
            "trade_id": "92c884ef-ec0a-40e3-9484-3221301265f5",
            "ticker": "HIGHNY-24AUG31-B78.5",
            "count": 36,
            "created_time": "2024-08-31T03:47:43.647875Z",
            "yes_price": 33,
            "no_price": 67,
            "taker_side": "yes"
        },
        {
            "trade_id": "968dee17-3200-4f87-b5ec-abb161b842d9",
            "ticker": "HIGHNY-24AUG31-B78.5",
            "count": 54,
            "created_time": "2024-08-31T03:35:38.91172Z",
            "yes_price": 26,
            "no_price": 74,
            "taker_side": "no"
        },
        {
            "trade_id": "bff4a4d1-7596-40f4-8504-d00becc5c3ec",
            "ticker": "HIGHNY-24AUG31-B78.5",
            "count": 67,
            "created_time": "2024-08-31T02:56:41.867201Z",
            "yes_price": 27,
            "no_price": 73,
            "taker_side": "no"
        },
        {
            "trade_id": "ce65ab91-210d-413a-b00e-12a3940ad378",
            "ticker": "HIGHNY-24AUG31-B78.5",
            "count": 18,
            "created_time": "2024-08-31T02:36:29.098555Z",
            "yes_price": 34,
            "no_price": 66,
            "taker_side": "no"
        },
        {
            "trade_id": "c009a0ff-121e-4e82-b817-db111132fe78",
            "ticker": "HIGHNY-24AUG31-B78.5",
            "count": 90,
            "created_time": "2024-08-31T02:09:23.25245Z",
            "yes_price": 35,
            "no_price": 65,
            "taker_side": "yes"
        },
        {
            "trade_id": "4542e731-e604-415b-a269-309851d10b1d",
            "ticker": "HIGHNY-24AUG31-B78.5",
            "count": 18,
            "created_time": "2024-08-31T02:09:04.602536Z",
            "yes_price": 34,
            "no_price": 66,
            "taker_side": "yes"
        },
        {
            "trade_id": "db7d483b-7614-458e-844f-dc3d60f1d1e1",
            "ticker": "HIGHNY-24AUG31-B78.5",
            "count": 180,
            "created_time": "2024-08-31T01:55:56.440596Z",
            "yes_price": 28,
            "no_price": 72,
            "taker_side": "yes"
        },
        {
            "trade_id": "a95b614b-6a01-418f-9672-1dec4e7b07ba",
            "ticker": "HIGHNY-24AUG31-B78.5",
            "count": 36,
            "created_time": "2024-08-31T01:55:56.440596Z",
            "yes_price": 26,
            "no_price": 74,
            "taker_side": "yes"
        },
        {
            "trade_id": "c787250b-6fca-42bb-b0da-ee9a1fc94d2d",
            "ticker": "HIGHNY-24AUG31-B78.5",
            "count": 18,
            "created_time": "2024-08-31T01:36:23.515924Z",
            "yes_price": 26,
            "no_price": 74,
            "taker_side": "yes"
        },
        {
            "trade_id": "4eb7d782-cbfc-457b-a792-37c77dd784e5",
            "ticker": "HIGHNY-24AUG31-B78.5",
            "count": 146,
            "created_time": "2024-08-31T01:12:23.519482Z",
            "yes_price": 21,
            "no_price": 79,
            "taker_side": "no"
        },
        {
            "trade_id": "8c7de814-7c5a-47ca-a2b8-8ed99ce19e25",
            "ticker": "HIGHNY-24AUG31-B78.5",
            "count": 354,
            "created_time": "2024-08-31T01:06:54.242721Z",
            "yes_price": 21,
            "no_price": 79,
            "taker_side": "no"
        },
        {
            "trade_id": "a44f3a1f-26db-44fb-accf-80931285e706",
            "ticker": "HIGHNY-24AUG31-B78.5",
            "count": 32,
            "created_time": "2024-08-30T23:22:45.897955Z",
            "yes_price": 21,
            "no_price": 79,
            "taker_side": "no"
        },
        {
            "trade_id": "16a8271e-f0b5-49a9-bdd8-2290d88d3d61",
            "ticker": "HIGHNY-24AUG31-B78.5",
            "count": 90,
            "created_time": "2024-08-30T23:18:28.916143Z",
            "yes_price": 22,
            "no_price": 78,
            "taker_side": "no"
        },
        {
            "trade_id": "67d73691-2661-44a8-981a-f250fbb61328",
            "ticker": "HIGHNY-24AUG31-B78.5",
            "count": 89,
            "created_time": "2024-08-30T23:12:17.73019Z",
            "yes_price": 25,
            "no_price": 75,
            "taker_side": "no"
        },
        {
            "trade_id": "2d6fd755-6aa4-47ab-9187-0b242e2c3abc",
            "ticker": "HIGHNY-24AUG31-B78.5",
            "count": 111,
            "created_time": "2024-08-30T22:59:56.206657Z",
            "yes_price": 25,
            "no_price": 75,
            "taker_side": "no"
        },
        {
            "trade_id": "b3f0ee0b-7f9d-44ae-af6e-febc4d25c26d",
            "ticker": "HIGHNY-24AUG31-B78.5",
            "count": 200,
            "created_time": "2024-08-30T22:53:00.370863Z",
            "yes_price": 25,
            "no_price": 75,
            "taker_side": "no"
        },
        {
            "trade_id": "b1e675bc-797b-4b99-a0ef-e5ee4964a8ac",
            "ticker": "HIGHNY-24AUG31-B78.5",
            "count": 10,
            "created_time": "2024-08-30T20:12:37.005354Z",
            "yes_price": 30,
            "no_price": 70,
            "taker_side": "no"
        },
        {
            "trade_id": "d4e69af5-08dc-477b-9426-4aa6e487e9c6",
            "ticker": "HIGHNY-24AUG31-B78.5",
            "count": 108,
            "created_time": "2024-08-30T16:49:20.998107Z",
            "yes_price": 31,
            "no_price": 69,
            "taker_side": "no"
        },
        {
            "trade_id": "b140e0c8-0d27-4162-b1de-d44fed48e23c",
            "ticker": "HIGHNY-24AUG31-B78.5",
            "count": 36,
            "created_time": "2024-08-30T16:43:37.461605Z",
            "yes_price": 36,
            "no_price": 64,
            "taker_side": "no"
        },
        {
            "trade_id": "480ee97a-204b-4204-9f05-6bad19bc4535",
            "ticker": "HIGHNY-24AUG31-B78.5",
            "count": 180,
            "created_time": "2024-08-30T16:43:37.461605Z",
            "yes_price": 34,
            "no_price": 66,
            "taker_side": "no"
        }
    ],
    "HIGHNY-24AUG31-B80.5": [
        {
            "trade_id": "01e4a2b9-b988-4078-8ffb-970254306673",
            "ticker": "HIGHNY-24AUG31-B80.5",
            "count": 20,
            "created_time": "2024-08-31T21:51:44.19747Z",
            "yes_price": 14,
            "no_price": 86,
            "taker_side": "yes"
        },
        {
            "trade_id": "74427494-f532-4dcd-80ea-b6cfe9d5322c",
            "ticker": "HIGHNY-24AUG31-B80.5",
            "count": 50,
            "created_time": "2024-08-31T20:54:01.921013Z",
            "yes_price": 1,
            "no_price": 99,
            "taker_side": "no"
        },
        {
            "trade_id": "ce749ee8-f660-4982-a9d2-38547fea352a",
            "ticker": "HIGHNY-24AUG31-B80.5",
            "count": 20,
            "created_time": "2024-08-31T19:54:48.864599Z",
            "yes_price": 98,
            "no_price": 2,
            "taker_side": "yes"
        },
        {
            "trade_id": "c6941d97-756c-4a42-84fa-26545d63d38d",
            "ticker": "HIGHNY-24AUG31-B80.5",
            "count": 1,
            "created_time": "2024-08-31T19:54:48.864599Z",
            "yes_price": 99,
            "no_price": 1,
            "taker_side": "yes"
        },
        {
            "trade_id": "46bb8e35-9148-483f-ab7d-1d416fd99acb",
            "ticker": "HIGHNY-24AUG31-B80.5",
            "count": 10,
            "created_time": "2024-08-31T19:54:48.864599Z",
            "yes_price": 50,
            "no_price": 50,
            "taker_side": "yes"
        },
        {
            "trade_id": "39a30842-bf06-4aac-81f2-0c63c87b7840",
            "ticker": "HIGHNY-24AUG31-B80.5",
            "count": 25,
            "created_time": "2024-08-31T19:54:48.864599Z",
            "yes_price": 97,
            "no_price": 3,
            "taker_side": "yes"
        },
        {
            "trade_id": "21f46cc8-4cb1-4e9d-869d-d30d1bd19aef",
            "ticker": "HIGHNY-24AUG31-B80.5",
            "count": 189,
            "created_time": "2024-08-31T19:54:48.864599Z",
            "yes_price": 25,
            "no_price": 75,
            "taker_side": "yes"
        },
        {
            "trade_id": "f7dd9273-b331-4988-9436-ebc74af9dd57",
            "ticker": "HIGHNY-24AUG31-B80.5",
            "count": 1,
            "created_time": "2024-08-31T18:53:24.538162Z",
            "yes_price": 8,
            "no_price": 92,
            "taker_side": "no"
        },
        {
            "trade_id": "bec479d3-6701-4216-8387-6b310b046b45",
            "ticker": "HIGHNY-24AUG31-B80.5",
            "count": 9,
            "created_time": "2024-08-31T18:53:24.538162Z",
            "yes_price": 8,
            "no_price": 92,
            "taker_side": "no"
        },
        {
            "trade_id": "2ddf6d29-1a8e-433e-ae89-3ecf9777c89c",
            "ticker": "HIGHNY-24AUG31-B80.5",
            "count": 10,
            "created_time": "2024-08-31T18:53:24.538162Z",
            "yes_price": 11,
            "no_price": 89,
            "taker_side": "no"
        },
        {
            "trade_id": "c4473087-68c2-4dac-a00c-2586478d2eed",
            "ticker": "HIGHNY-24AUG31-B80.5",
            "count": 5,
            "created_time": "2024-08-31T15:03:22.399324Z",
            "yes_price": 76,
            "no_price": 24,
            "taker_side": "yes"
        },
        {
            "trade_id": "3dcf24c2-fc44-4649-b871-0fd4f311b7f2",
            "ticker": "HIGHNY-24AUG31-B80.5",
            "count": 1,
            "created_time": "2024-08-31T15:03:22.399324Z",
            "yes_price": 76,
            "no_price": 24,
            "taker_side": "yes"
        },
        {
            "trade_id": "b9b6ff98-3337-477b-aebc-1d0a88827cd8",
            "ticker": "HIGHNY-24AUG31-B80.5",
            "count": 6,
            "created_time": "2024-08-31T15:00:05.955664Z",
            "yes_price": 10,
            "no_price": 90,
            "taker_side": "yes"
        },
        {
            "trade_id": "f657398a-276c-4f1f-8b94-223b9d287434",
            "ticker": "HIGHNY-24AUG31-B80.5",
            "count": 8,
            "created_time": "2024-08-31T14:05:49.619125Z",
            "yes_price": 62,
            "no_price": 38,
            "taker_side": "yes"
        },
        {
            "trade_id": "a1306cac-8fe8-429d-80d7-49276fec2918",
            "ticker": "HIGHNY-24AUG31-B80.5",
            "count": 94,
            "created_time": "2024-08-31T13:56:39.737991Z",
            "yes_price": 61,
            "no_price": 39,
            "taker_side": "no"
        },
        {
            "trade_id": "4d0df359-f5e0-4da6-aeea-434157ebfeec",
            "ticker": "HIGHNY-24AUG31-B80.5",
            "count": 180,
            "created_time": "2024-08-31T13:56:39.716456Z",
            "yes_price": 61,
            "no_price": 39,
            "taker_side": "no"
        },
        {
            "trade_id": "7d6e88e5-d0fa-4c4b-9d32-dafd86c09130",
            "ticker": "HIGHNY-24AUG31-B80.5",
            "count": 26,
            "created_time": "2024-08-31T13:53:58.037495Z",
            "yes_price": 61,
            "no_price": 39,
            "taker_side": "no"
        },
        {
            "trade_id": "2914fc1f-11b6-4c70-87ba-2e94854c4032",
            "ticker": "HIGHNY-24AUG31-B80.5",
            "count": 24,
            "created_time": "2024-08-31T13:50:21.304175Z",
            "yes_price": 60,
            "no_price": 40,
            "taker_side": "no"
        },
        {
            "trade_id": "21e0bf96-5332-488f-8c79-379041abd6de",
            "ticker": "HIGHNY-24AUG31-B80.5",
            "count": 11,
            "created_time": "2024-08-31T12:49:05.1265Z",
            "yes_price": 68,
            "no_price": 32,
            "taker_side": "yes"
        },
        {
            "trade_id": "648f907a-9950-4b2f-99dc-677f07ea9a3a",
            "ticker": "HIGHNY-24AUG31-B80.5",
            "count": 14,
            "created_time": "2024-08-31T12:46:03.543336Z",
            "yes_price": 68,
            "no_price": 32,
            "taker_side": "yes"
        },
        {
            "trade_id": "cc00643d-6bcb-4cd2-b8e2-44cc7375ca9e",
            "ticker": "HIGHNY-24AUG31-B80.5",
            "count": 18,
            "created_time": "2024-08-31T12:43:01.73764Z",
            "yes_price": 61,
            "no_price": 39,
            "taker_side": "yes"
        },
        {
            "trade_id": "c405438a-8c31-46d1-b16b-577484acb0be",
            "ticker": "HIGHNY-24AUG31-B80.5",
            "count": 108,
            "created_time": "2024-08-31T12:43:01.73764Z",
            "yes_price": 65,
            "no_price": 35,
            "taker_side": "yes"
        },
        {
            "trade_id": "0686f29e-79b3-4fb2-95d4-10ec222ba1db",
            "ticker": "HIGHNY-24AUG31-B80.5",
            "count": 180,
            "created_time": "2024-08-31T12:43:01.73764Z",
            "yes_price": 63,
            "no_price": 37,
            "taker_side": "yes"
        },
        {
            "trade_id": "459d9359-01b4-4682-8bc6-72095e15574c",
            "ticker": "HIGHNY-24AUG31-B80.5",
            "count": 32,
            "created_time": "2024-08-31T12:13:31.700189Z",
            "yes_price": 60,
            "no_price": 40,
            "taker_side": "yes"
        },
        {
            "trade_id": "86c3e024-8b56-4b37-902f-31d279bf03d1",
            "ticker": "HIGHNY-24AUG31-B80.5",
            "count": 90,
            "created_time": "2024-08-31T03:52:48.596811Z",
            "yes_price": 53,
            "no_price": 47,
            "taker_side": "no"
        },
        {
            "trade_id": "631641b3-3967-4800-8cdb-f158c2e9c394",
            "ticker": "HIGHNY-24AUG31-B80.5",
            "count": 54,
            "created_time": "2024-08-31T03:52:40.184959Z",
            "yes_price": 53,
            "no_price": 47,
            "taker_side": "no"
        },
        {
            "trade_id": "305c7ebc-95bc-4d30-9064-be5580708eb4",
            "ticker": "HIGHNY-24AUG31-B80.5",
            "count": 18,
            "created_time": "2024-08-31T02:34:26.98873Z",
            "yes_price": 51,
            "no_price": 49,
            "taker_side": "yes"
        },
        {
            "trade_id": "0f08aba3-adbd-4a38-b5de-f59804bf30e7",
            "ticker": "HIGHNY-24AUG31-B80.5",
            "count": 166,
            "created_time": "2024-08-31T02:34:26.98873Z",
            "yes_price": 53,
            "no_price": 47,
            "taker_side": "yes"
        },
        {
            "trade_id": "739d7b92-b5b3-4669-81c3-c0cdbb000f54",
            "ticker": "HIGHNY-24AUG31-B80.5",
            "count": 36,
            "created_time": "2024-08-31T02:07:52.065917Z",
            "yes_price": 50,
            "no_price": 50,
            "taker_side": "no"
        },
        {
            "trade_id": "4f7a1984-0a0f-4c6e-9546-632bb8dc80d7",
            "ticker": "HIGHNY-24AUG31-B80.5",
            "count": 148,
            "created_time": "2024-08-31T02:07:52.065917Z",
            "yes_price": 47,
            "no_price": 53,
            "taker_side": "no"
        },
        {
            "trade_id": "3c3592fe-5f78-4649-8c89-b2d23228e91d",
            "ticker": "HIGHNY-24AUG31-B80.5",
            "count": 18,
            "created_time": "2024-08-31T01:55:51.286152Z",
            "yes_price": 56,
            "no_price": 44,
            "taker_side": "no"
        },
        {
            "trade_id": "2842e6ea-37d7-4131-9756-d50e03d5402c",
            "ticker": "HIGHNY-24AUG31-B80.5",
            "count": 180,
            "created_time": "2024-08-31T01:55:51.286152Z",
            "yes_price": 55,
            "no_price": 45,
            "taker_side": "no"
        },
        {
            "trade_id": "2f3c43c4-b234-42e5-8595-8be9e428a2df",
            "ticker": "HIGHNY-24AUG31-B80.5",
            "count": 18,
            "created_time": "2024-08-31T01:17:58.113751Z",
            "yes_price": 63,
            "no_price": 37,
            "taker_side": "yes"
        },
        {
            "trade_id": "c26890f8-5d47-44fd-bbbe-39a7cb0d0d79",
            "ticker": "HIGHNY-24AUG31-B80.5",
            "count": 36,
            "created_time": "2024-08-31T01:17:35.569061Z",
            "yes_price": 64,
            "no_price": 36,
            "taker_side": "yes"
        },
        {
            "trade_id": "de6fb2f6-1ee9-4609-acc8-74d7eb2b52b2",
            "ticker": "HIGHNY-24AUG31-B80.5",
            "count": 5,
            "created_time": "2024-08-31T00:03:04.100477Z",
            "yes_price": 64,
            "no_price": 36,
            "taker_side": "yes"
        },
        {
            "trade_id": "5b227900-0011-40ae-9532-7e8a861df4bb",
            "ticker": "HIGHNY-24AUG31-B80.5",
            "count": 54,
            "created_time": "2024-08-30T22:52:40.298123Z",
            "yes_price": 58,
            "no_price": 42,
            "taker_side": "yes"
        },
        {
            "trade_id": "0b05b500-200f-4977-8030-d40ac84d7765",
            "ticker": "HIGHNY-24AUG31-B80.5",
            "count": 15,
            "created_time": "2024-08-30T21:28:09.823615Z",
            "yes_price": 65,
            "no_price": 35,
            "taker_side": "yes"
        },
        {
            "trade_id": "e7594bc3-cafb-40f6-92da-3a32c7ffe061",
            "ticker": "HIGHNY-24AUG31-B80.5",
            "count": 27,
            "created_time": "2024-08-30T20:12:37.052412Z",
            "yes_price": 54,
            "no_price": 46,
            "taker_side": "yes"
        },
        {
            "trade_id": "d72c1569-32f9-4fca-9dc0-db16d448952d",
            "ticker": "HIGHNY-24AUG31-B80.5",
            "count": 1,
            "created_time": "2024-08-30T20:12:37.052412Z",
            "yes_price": 56,
            "no_price": 44,
            "taker_side": "yes"
        },
        {
            "trade_id": "be90516d-1eb0-4187-9bfa-4c8ef00ef87c",
            "ticker": "HIGHNY-24AUG31-B80.5",
            "count": 8,
            "created_time": "2024-08-30T20:12:37.052412Z",
            "yes_price": 53,
            "no_price": 47,
            "taker_side": "yes"
        },
        {
            "trade_id": "824416cd-11f7-4cf2-9339-30b2869ef2fc",
            "ticker": "HIGHNY-24AUG31-B80.5",
            "count": 54,
            "created_time": "2024-08-30T16:50:20.134982Z",
            "yes_price": 50,
            "no_price": 50,
            "taker_side": "yes"
        },
        {
            "trade_id": "6d36deb2-6017-4f4f-928c-aadb80d0ed99",
            "ticker": "HIGHNY-24AUG31-B80.5",
            "count": 180,
            "created_time": "2024-08-30T16:50:20.134982Z",
            "yes_price": 53,
            "no_price": 47,
            "taker_side": "yes"
        },
        {
            "trade_id": "4087cecb-0621-4107-944f-f22fa976f66e",
            "ticker": "HIGHNY-24AUG31-B80.5",
            "count": 1,
            "created_time": "2024-08-30T16:50:20.134982Z",
            "yes_price": 46,
            "no_price": 54,
            "taker_side": "yes"
        },
        {
            "trade_id": "81438445-9f8d-4131-99c2-dc912bcc39c9",
            "ticker": "HIGHNY-24AUG31-B80.5",
            "count": 1,
            "created_time": "2024-08-30T16:43:44.572601Z",
            "yes_price": 41,
            "no_price": 59,
            "taker_side": "yes"
        },
        {
            "trade_id": "ba2f0ff6-8990-41e0-84d7-c8518e42d213",
            "ticker": "HIGHNY-24AUG31-B80.5",
            "count": 18,
            "created_time": "2024-08-30T15:20:25.919407Z",
            "yes_price": 38,
            "no_price": 62,
            "taker_side": "yes"
        },
        {
            "trade_id": "958c48f4-9b4e-4d6f-a277-a3d9a7a5d644",
            "ticker": "HIGHNY-24AUG31-B80.5",
            "count": 180,
            "created_time": "2024-08-30T15:20:25.919407Z",
            "yes_price": 40,
            "no_price": 60,
            "taker_side": "yes"
        },
        {
            "trade_id": "5c60c913-2e51-426b-b221-680c17ea52d1",
            "ticker": "HIGHNY-24AUG31-B80.5",
            "count": 1,
            "created_time": "2024-08-30T15:20:25.919407Z",
            "yes_price": 36,
            "no_price": 64,
            "taker_side": "yes"
        },
        {
            "trade_id": "3b234dcb-d7d4-4f79-9e2d-1d0786d6a1c9",
            "ticker": "HIGHNY-24AUG31-B80.5",
            "count": 180,
            "created_time": "2024-08-30T15:20:25.919407Z",
            "yes_price": 44,
            "no_price": 56,
            "taker_side": "yes"
        },
        {
            "trade_id": "be7bd50b-86e1-4bdc-a56d-9f8b86f500ef",
            "ticker": "HIGHNY-24AUG31-B80.5",
            "count": 1,
            "created_time": "2024-08-30T14:16:40.586897Z",
            "yes_price": 26,
            "no_price": 74,
            "taker_side": "yes"
        }
    ],
    "HIGHNY-24AUG31-B82.5": [
        {
            "trade_id": "36575599-e0b6-415e-a5ef-5ce018b903da",
            "ticker": "HIGHNY-24AUG31-B82.5",
            "count": 45,
            "created_time": "2024-08-31T18:53:29.828421Z",
            "yes_price": 1,
            "no_price": 99,
            "taker_side": "no"
        },
        {
            "trade_id": "5bd2c8a1-ddcf-4ba4-a38f-8e2530cfa3f2",
            "ticker": "HIGHNY-24AUG31-B82.5",
            "count": 5,
            "created_time": "2024-08-31T15:03:22.474528Z",
            "yes_price": 1,
            "no_price": 99,
            "taker_side": "no"
        },
        {
            "trade_id": "eeb2cb4f-2173-4f0f-945b-93ffec58b714",
            "ticker": "HIGHNY-24AUG31-B82.5",
            "count": 6,
            "created_time": "2024-08-31T15:00:05.915556Z",
            "yes_price": 7,
            "no_price": 93,
            "taker_side": "yes"
        },
        {
            "trade_id": "ed557571-76d6-4974-9eac-e19278b6cbb2",
            "ticker": "HIGHNY-24AUG31-B82.5",
            "count": 26,
            "created_time": "2024-08-31T13:53:58.026245Z",
            "yes_price": 7,
            "no_price": 93,
            "taker_side": "no"
        },
        {
            "trade_id": "b0691b76-8fc7-4e96-a8cd-abe7f7296cd9",
            "ticker": "HIGHNY-24AUG31-B82.5",
            "count": 8,
            "created_time": "2024-08-31T13:50:21.199692Z",
            "yes_price": 15,
            "no_price": 85,
            "taker_side": "yes"
        },
        {
            "trade_id": "6c587b11-f5ea-49fe-8b8f-badb0aa04004",
            "ticker": "HIGHNY-24AUG31-B82.5",
            "count": 24,
            "created_time": "2024-08-31T13:50:21.199692Z",
            "yes_price": 14,
            "no_price": 86,
            "taker_side": "yes"
        },
        {
            "trade_id": "6280f0d2-45e5-400a-aa59-57b67e911193",
            "ticker": "HIGHNY-24AUG31-B82.5",
            "count": 4,
            "created_time": "2024-08-31T12:52:40.515177Z",
            "yes_price": 5,
            "no_price": 95,
            "taker_side": "no"
        },
        {
            "trade_id": "40fd4787-6092-429d-8e02-807b8996a917",
            "ticker": "HIGHNY-24AUG31-B82.5",
            "count": 18,
            "created_time": "2024-08-31T12:03:49.712598Z",
            "yes_price": 16,
            "no_price": 84,
            "taker_side": "yes"
        },
        {
            "trade_id": "a70e46c2-9aab-4251-a545-d16c38510c6a",
            "ticker": "HIGHNY-24AUG31-B82.5",
            "count": 1,
            "created_time": "2024-08-31T01:36:16.478388Z",
            "yes_price": 16,
            "no_price": 84,
            "taker_side": "yes"
        },
        {
            "trade_id": "007a7b3a-5ec7-4ff6-8fc5-00c577b3b51a",
            "ticker": "HIGHNY-24AUG31-B82.5",
            "count": 28,
            "created_time": "2024-08-31T01:36:16.478388Z",
            "yes_price": 16,
            "no_price": 84,
            "taker_side": "yes"
        },
        {
            "trade_id": "bcce95b4-2ba1-4ea7-b3a6-5f4396adb9a2",
            "ticker": "HIGHNY-24AUG31-B82.5",
            "count": 180,
            "created_time": "2024-08-31T01:17:23.358667Z",
            "yes_price": 15,
            "no_price": 85,
            "taker_side": "yes"
        },
        {
            "trade_id": "4080fe6a-26eb-4f94-8bcc-96de03b9fe6b",
            "ticker": "HIGHNY-24AUG31-B82.5",
            "count": 1,
            "created_time": "2024-08-31T01:17:23.358667Z",
            "yes_price": 11,
            "no_price": 89,
            "taker_side": "yes"
        },
        {
            "trade_id": "30c7b27e-3908-480b-b1de-494b7b0a4fa0",
            "ticker": "HIGHNY-24AUG31-B82.5",
            "count": 162,
            "created_time": "2024-08-31T01:17:23.358667Z",
            "yes_price": 14,
            "no_price": 86,
            "taker_side": "yes"
        },
        {
            "trade_id": "54e9753b-3e5e-4bf4-8ecd-49822d5e9a50",
            "ticker": "HIGHNY-24AUG31-B82.5",
            "count": 1,
            "created_time": "2024-08-30T20:21:05.622736Z",
            "yes_price": 9,
            "no_price": 91,
            "taker_side": "yes"
        },
        {
            "trade_id": "22f590f8-81b7-4b71-96f2-233f2154db9b",
            "ticker": "HIGHNY-24AUG31-B82.5",
            "count": 1,
            "created_time": "2024-08-30T20:21:05.622736Z",
            "yes_price": 10,
            "no_price": 90,
            "taker_side": "yes"
        }
    ],
    "HIGHNY-24AUG31-T83": [
        {
            "trade_id": "4a1f1759-9ef8-45f9-935e-b43005e9ced7",
            "ticker": "HIGHNY-24AUG31-T83",
            "count": 3,
            "created_time": "2024-08-31T15:03:22.4794Z",
            "yes_price": 1,
            "no_price": 99,
            "taker_side": "no"
        },
        {
            "trade_id": "5f9a1af2-224d-45be-97f1-9e4b8de71c2b",
            "ticker": "HIGHNY-24AUG31-T83",
            "count": 3,
            "created_time": "2024-08-31T15:00:05.913628Z",
            "yes_price": 11,
            "no_price": 89,
            "taker_side": "yes"
        },
        {
            "trade_id": "55fd711c-d4a4-4d89-b45d-e988499f2c40",
            "ticker": "HIGHNY-24AUG31-T83",
            "count": 3,
            "created_time": "2024-08-31T15:00:05.913628Z",
            "yes_price": 5,
            "no_price": 95,
            "taker_side": "yes"
        },
        {
            "trade_id": "1cf1b535-6ff9-4aeb-be94-dffa16b6059a",
            "ticker": "HIGHNY-24AUG31-T83",
            "count": 26,
            "created_time": "2024-08-31T13:53:58.021683Z",
            "yes_price": 1,
            "no_price": 99,
            "taker_side": "no"
        },
        {
            "trade_id": "daac497d-6463-499c-b435-adaf99e0ffcd",
            "ticker": "HIGHNY-24AUG31-T83",
            "count": 24,
            "created_time": "2024-08-31T13:50:21.299033Z",
            "yes_price": 1,
            "no_price": 99,
            "taker_side": "no"
        }
    ]
}