{
    "HIGHNY-24FEB16-T39": [
        {
            "trade_id": "70cd1fab-0296-4e54-bf63-3e9983616064",
            "ticker": "HIGHNY-24FEB16-T39",
            "count": 1,
            "created_time": "2024-02-15T17:30:20.362604Z",
            "yes_price": 7,
            "no_price": 93,
            "taker_side": "yes"
        }
    ],
    "HIGHNY-24FEB16-B39.5": [
        {
            "trade_id": "d2bbf550-c655-47ab-b451-c57096fca2c6",
            "ticker": "HIGHNY-24FEB16-B39.5",
            "count": 2,
            "created_time": "2024-02-16T16:01:58.314528Z",
            "yes_price": 74,
            "no_price": 26,
            "taker_side": "yes"
        },
        {
            "trade_id": "6cbf12be-b66d-4104-a2f4-ccb014e8c59b",
            "ticker": "HIGHNY-24FEB16-B39.5",
            "count": 1,
            "created_time": "2024-02-16T02:18:54.790634Z",
            "yes_price": 37,
            "no_price": 63,
            "taker_side": "yes"
        },
        {
            "trade_id": "6006e7e8-3eb3-4477-885c-1bcee99ef463",
            "ticker": "HIGHNY-24FEB16-B39.5",
            "count": 2,
            "created_time": "2024-02-16T02:18:54.790634Z",
            "yes_price": 13,
            "no_price": 87,
            "taker_side": "yes"
        },
        {
            "trade_id": "43c336eb-7e5e-4750-bbe8-9f9d274df8c4",
            "ticker": "HIGHNY-24FEB16-B39.5",
            "count": 6,
            "created_time": "2024-02-16T02:18:54.790634Z",
            "yes_price": 13,
            "no_price": 87,
            "taker_side": "yes"
        }
    ],
    "HIGHNY-24FEB16-B41.5": [
        {
            "trade_id": "4f2bd6e3-2e27-450a-9d2e-6f1d92e01c9c",
            "ticker": "HIGHNY-24FEB16-B41.5",
            "count": 93,
            "created_time": "2024-02-17T04:33:03.225762Z",
            "yes_price": 1,
            "no_price": 99,
            "taker_side": "yes"
        },
        {
            "trade_id": "a106f2d5-9a4e-4489-b9d4-adbe1d8a7788",
            "ticker": "HIGHNY-24FEB16-B41.5",
            "count": 62,
            "created_time": "2024-02-17T01:52:24.472719Z",
            "yes_price": 1,
            "no_price": 99,
            "taker_side": "yes"
        },
        {
            "trade_id": "4ff550d8-0cb3-4101-a26b-fb0eb3fc7eec",
            "ticker": "HIGHNY-24FEB16-B41.5",
            "count": 34,
            "created_time": "2024-02-17T01:52:24.472719Z",
            "yes_price": 1,
            "no_price": 99,
            "taker_side": "yes"
        },
        {
            "trade_id": "3d79f317-8322-4bf2-be62-2a7e9eb25f1b",
            "ticker": "HIGHNY-24FEB16-B41.5",
            "count": 1000,
            "created_time": "2024-02-16T21:46:03.064491Z",
            "yes_price": 1,
            "no_price": 99,
            "taker_side": "yes"
        },
        {
            "trade_id": "42f94e49-cb20-4792-af80-8209b3701cc8",
            "ticker": "HIGHNY-24FEB16-B41.5",
            "count": 200,
            "created_time": "2024-02-16T21:42:36.704566Z",
            "yes_price": 32,
            "no_price": 68,
            "taker_side": "yes"
        },
        {
            "trade_id": "771a57ef-7187-49d0-996b-251b10bcac33",
            "ticker": "HIGHNY-24FEB16-B41.5",
            "count": 20,
            "created_time": "2024-02-16T21:25:28.610113Z",
            "yes_price": 32,
            "no_price": 68,
            "taker_side": "no"
        },
        {
            "trade_id": "d44a5ca9-8559-47d6-aa6a-0c233016e1aa",
            "ticker": "HIGHNY-24FEB16-B41.5",
            "count": 2,
            "created_time": "2024-02-16T16:01:58.383809Z",
            "yes_price": 40,
            "no_price": 60,
            "taker_side": "no"
        },
        {
            "trade_id": "fee59fc9-070c-4a4c-8475-81bd9346ab6b",
            "ticker": "HIGHNY-24FEB16-B41.5",
            "count": 50,
            "created_time": "2024-02-16T15:09:58.982298Z",
            "yes_price": 60,
            "no_price": 40,
            "taker_side": "yes"
        },
        {
            "trade_id": "d7025200-8e23-422b-a1e1-f9347a2596ea",
            "ticker": "HIGHNY-24FEB16-B41.5",
            "count": 20,
            "created_time": "2024-02-16T15:05:55.638807Z",
            "yes_price": 33,
            "no_price": 67,
            "taker_side": "no"
        },
        {
            "trade_id": "67a2977b-718c-457f-86f9-51fe812f6ddc",
            "ticker": "HIGHNY-24FEB16-B41.5",
            "count": 40,
            "created_time": "2024-02-16T13:27:07.026739Z",
            "yes_price": 33,
            "no_price": 67,
            "taker_side": "no"
        },
        {
            "trade_id": "cbab0164-c838-4aa1-9c53-0f90c9e50bec",
            "ticker": "HIGHNY-24FEB16-B41.5",
            "count": 51,
            "created_time": "2024-02-16T02:39:59.6942Z",
            "yes_price": 47,
            "no_price": 53,
            "taker_side": "yes"
        },
        {
            "trade_id": "aeadb435-b806-46db-b334-12768d943fb9",
            "ticker": "HIGHNY-24FEB16-B41.5",
            "count": 10,
            "created_time": "2024-02-16T02:39:51.868693Z",
            "yes_price": 46,
            "no_price": 54,
            "taker_side": "yes"
        },
        {
            "trade_id": "e675e207-24e0-4955-82e5-76c24fee9b52",
            "ticker": "HIGHNY-24FEB16-B41.5",
            "count": 10,
            "created_time": "2024-02-16T02:25:17.399679Z",
            "yes_price": 44,
            "no_price": 56,
            "taker_side": "yes"
        },
        {
            "trade_id": "534e8705-9d65-422f-9325-c697e1360c6a",
            "ticker": "HIGHNY-24FEB16-B41.5",
            "count": 1,
            "created_time": "2024-02-16T00:36:15.646257Z",
            "yes_price": 41,
            "no_price": 59,
            "taker_side": "yes"
        },
        {
            "trade_id": "3e2b043b-5c88-465c-be38-4d733004d47b",
            "ticker": "HIGHNY-24FEB16-B41.5",
            "count": 34,
            "created_time": "2024-02-15T20:15:34.332099Z",
            "yes_price": 38,
            "no_price": 62,
            "taker_side": "yes"
        },
        {
            "trade_id": "5317f103-aa17-4927-bfff-d364c046408d",
            "ticker": "HIGHNY-24FEB16-B41.5",
            "count": 23,
            "created_time": "2024-02-15T20:14:43.979082Z",
            "yes_price": 38,
            "no_price": 62,
            "taker_side": "yes"
        },
        {
            "trade_id": "1b55ce54-2572-4f9f-8a9c-4ec356cab52f",
            "ticker": "HIGHNY-24FEB16-B41.5",
            "count": 34,
            "created_time": "2024-02-15T19:54:00.30373Z",
            "yes_price": 38,
            "no_price": 62,
            "taker_side": "yes"
        },
        {
            "trade_id": "d0cc2e02-6235-4697-9b12-3db3e9dac0ca",
            "ticker": "HIGHNY-24FEB16-B41.5",
            "count": 57,
            "created_time": "2024-02-15T19:53:40.796414Z",
            "yes_price": 36,
            "no_price": 64,
            "taker_side": "yes"
        },
        {
            "trade_id": "b9e50851-2b76-4caa-86cb-2b21a52dcfdb",
            "ticker": "HIGHNY-24FEB16-B41.5",
            "count": 93,
            "created_time": "2024-02-15T19:53:40.796414Z",
            "yes_price": 38,
            "no_price": 62,
            "taker_side": "yes"
        },
        {
            "trade_id": "f942ad3d-8566-4270-ba65-a796fd36001b",
            "ticker": "HIGHNY-24FEB16-B41.5",
            "count": 1,
            "created_time": "2024-02-15T17:30:21.198177Z",
            "yes_price": 24,
            "no_price": 76,
            "taker_side": "no"
        },
        {
            "trade_id": "44a1d872-9874-4cb3-9965-f025b8f4675f",
            "ticker": "HIGHNY-24FEB16-B41.5",
            "count": 50,
            "created_time": "2024-02-15T15:46:16.501828Z",
            "yes_price": 25,
            "no_price": 75,
            "taker_side": "yes"
        },
        {
            "trade_id": "a9fbec9a-9c99-44f7-9212-492e8c5166f0",
            "ticker": "HIGHNY-24FEB16-B41.5",
            "count": 2,
            "created_time": "2024-02-15T15:39:44.664492Z",
            "yes_price": 24,
            "no_price": 76,
            "taker_side": "yes"
        },
        {
            "trade_id": "29d9eb59-ffd5-4a31-ae44-8c2acfd28637",
            "ticker": "HIGHNY-24FEB16-B41.5",
            "count": 69,
            "created_time": "2024-02-15T15:39:44.664492Z",
            "yes_price": 24,
            "no_price": 76,
            "taker_side": "yes"
        },
        {
            "trade_id": "0f7edfd2-d2ad-4a60-8426-3522ef36ce5a",
            "ticker": "HIGHNY-24FEB16-B41.5",
            "count": 21,
            "created_time": "2024-02-15T15:16:29.570631Z",
            "yes_price": 23,
            "no_price": 77,
            "taker_side": "no"
        },
        {
            "trade_id": "96ca1a2a-6e35-4871-a4eb-ce8650e62041",
            "ticker": "HIGHNY-24FEB16-B41.5",
            "count": 6,
            "created_time": "2024-02-15T15:15:37.500162Z",
            "yes_price": 23,
            "no_price": 77,
            "taker_side": "no"
        },
        {
            "trade_id": "ef577ec3-30b4-4b1d-b7f9-1364d216c92c",
            "ticker": "HIGHNY-24FEB16-B41.5",
            "count": 39,
            "created_time": "2024-02-15T15:12:57.591686Z",
            "yes_price": 28,
            "no_price": 72,
            "taker_side": "yes"
        },
        {
            "trade_id": "dea495c3-f35e-4096-9cae-c0ca777688f8",
            "ticker": "HIGHNY-24FEB16-B41.5",
            "count": 40,
            "created_time": "2024-02-15T15:12:57.591686Z",
            "yes_price": 26,
            "no_price": 74,
            "taker_side": "yes"
        },
        {
            "trade_id": "903d2879-dcca-4208-8c29-0336db69ad70",
            "ticker": "HIGHNY-24FEB16-B41.5",
            "count": 28,
            "created_time": "2024-02-15T15:12:57.591686Z",
            "yes_price": 24,
            "no_price": 76,
            "taker_side": "yes"
        },
        {
            "trade_id": "9c8328df-b68a-40ab-a9c1-7b0e77299dbb",
            "ticker": "HIGHNY-24FEB16-B41.5",
            "count": 1,
            "created_time": "2024-02-15T15:12:29.821014Z",
            "yes_price": 32,
            "no_price": 68,
            "taker_side": "no"
        }
    ],
    "HIGHNY-24FEB16-B43.5": [
        {
            "trade_id": "3297f442-b4f7-40f5-9bf1-a42a3ea05cac",
            "ticker": "HIGHNY-24FEB16-B43.5",
            "count": 253,
            "created_time": "2024-02-17T01:42:32.122657Z",
            "yes_price": 97,
            "no_price": 3,
            "taker_side": "no"
        },
        {
            "trade_id": "b0be04ca-b5af-4441-a081-d5cc6cc46205",
            "ticker": "HIGHNY-24FEB16-B43.5",
            "count": 6,
            "created_time": "2024-02-16T13:00:59.232701Z",
            "yes_price": 46,
            "no_price": 54,
            "taker_side": "yes"
        },
        {
            "trade_id": "7bc54348-fc4c-494d-ba62-e2df76dd2323",
            "ticker": "HIGHNY-24FEB16-B43.5",
            "count": 51,
            "created_time": "2024-02-16T02:39:25.941031Z",
            "yes_price": 37,
            "no_price": 63,
            "taker_side": "no"
        },
        {
            "trade_id": "a46d9ef0-f5fd-47a8-9644-bcf45abfaa45",
            "ticker": "HIGHNY-24FEB16-B43.5",
            "count": 51,
            "created_time": "2024-02-16T02:38:59.756105Z",
            "yes_price": 38,
            "no_price": 62,
            "taker_side": "no"
        },
        {
            "trade_id": "bf522d76-2c19-4ca9-9795-d45fe9894c78",
            "ticker": "HIGHNY-24FEB16-B43.5",
            "count": 20,
            "created_time": "2024-02-16T02:38:21.02901Z",
            "yes_price": 39,
            "no_price": 61,
            "taker_side": "no"
        },
        {
            "trade_id": "8a595ff7-37df-4ff0-90d1-4e070d100f7a",
            "ticker": "HIGHNY-24FEB16-B43.5",
            "count": 51,
            "created_time": "2024-02-16T02:38:06.727886Z",
            "yes_price": 39,
            "no_price": 61,
            "taker_side": "no"
        },
        {
            "trade_id": "21f95dc4-be98-42e7-9276-2efa813cb01f",
            "ticker": "HIGHNY-24FEB16-B43.5",
            "count": 10,
            "created_time": "2024-02-16T02:37:58.040964Z",
            "yes_price": 40,
            "no_price": 60,
            "taker_side": "no"
        },
        {
            "trade_id": "dfaecf5d-5f9f-4564-875c-e59130ad002e",
            "ticker": "HIGHNY-24FEB16-B43.5",
            "count": 20,
            "created_time": "2024-02-16T02:20:20.42736Z",
            "yes_price": 40,
            "no_price": 60,
            "taker_side": "no"
        },
        {
            "trade_id": "0723bc09-7f6c-4094-b8e4-501893b456e1",
            "ticker": "HIGHNY-24FEB16-B43.5",
            "count": 27,
            "created_time": "2024-02-16T02:20:20.42736Z",
            "yes_price": 38,
            "no_price": 62,
            "taker_side": "no"
        },
        {
            "trade_id": "a1677870-44cd-48eb-9dc1-e24dccb03994",
            "ticker": "HIGHNY-24FEB16-B43.5",
            "count": 57,
            "created_time": "2024-02-15T20:14:53.883189Z",
            "yes_price": 44,
            "no_price": 56,
            "taker_side": "yes"
        },
        {
            "trade_id": "d056e0c9-670c-41c6-ac01-81a3c137097e",
            "ticker": "HIGHNY-24FEB16-B43.5",
            "count": 23,
            "created_time": "2024-02-15T19:54:20.194479Z",
            "yes_price": 44,
            "no_price": 56,
            "taker_side": "yes"
        },
        {
            "trade_id": "4126cc07-fa83-4824-bc57-04f6bf0a12dc",
            "ticker": "HIGHNY-24FEB16-B43.5",
            "count": 23,
            "created_time": "2024-02-15T19:53:52.309494Z",
            "yes_price": 44,
            "no_price": 56,
            "taker_side": "yes"
        },
        {
            "trade_id": "a6b33f86-c07d-46c5-860b-9d8bc95268b5",
            "ticker": "HIGHNY-24FEB16-B43.5",
            "count": 116,
            "created_time": "2024-02-15T19:53:35.269592Z",
            "yes_price": 44,
            "no_price": 56,
            "taker_side": "yes"
        },
        {
            "trade_id": "7a81dbe9-4a8d-49fa-b23a-89a3546ccc8c",
            "ticker": "HIGHNY-24FEB16-B43.5",
            "count": 34,
            "created_time": "2024-02-15T19:53:35.269592Z",
            "yes_price": 43,
            "no_price": 57,
            "taker_side": "yes"
        },
        {
            "trade_id": "9610d865-1d87-4f4a-8409-3c317da10882",
            "ticker": "HIGHNY-24FEB16-B43.5",
            "count": 1,
            "created_time": "2024-02-15T17:30:21.76775Z",
            "yes_price": 35,
            "no_price": 65,
            "taker_side": "no"
        }
    ],
    "HIGHNY-24FEB16-B45.5": [
        {
            "trade_id": "403fc3c2-3117-4a40-8691-e9a9a9d31fb8",
            "ticker": "HIGHNY-24FEB16-B45.5",
            "count": 335,
            "created_time": "2024-02-17T01:42:46.95568Z",
            "yes_price": 3,
            "no_price": 97,
            "taker_side": "yes"
        },
        {
            "trade_id": "efa7610e-ad63-4491-8f1e-b71b46016b7b",
            "ticker": "HIGHNY-24FEB16-B45.5",
            "count": 50,
            "created_time": "2024-02-16T02:40:30.051695Z",
            "yes_price": 6,
            "no_price": 94,
            "taker_side": "no"
        },
        {
            "trade_id": "308c5d75-75c4-4723-b16c-84b10b72c245",
            "ticker": "HIGHNY-24FEB16-B45.5",
            "count": 10,
            "created_time": "2024-02-16T02:39:32.570055Z",
            "yes_price": 7,
            "no_price": 93,
            "taker_side": "no"
        },
        {
            "trade_id": "0bc0d380-96dd-4d98-b297-409814785229",
            "ticker": "HIGHNY-24FEB16-B45.5",
            "count": 30,
            "created_time": "2024-02-16T02:39:14.912187Z",
            "yes_price": 7,
            "no_price": 93,
            "taker_side": "no"
        },
        {
            "trade_id": "02d0fccf-5a20-4c50-94e0-c87e2e751259",
            "ticker": "HIGHNY-24FEB16-B45.5",
            "count": 10,
            "created_time": "2024-02-16T02:38:51.095515Z",
            "yes_price": 7,
            "no_price": 93,
            "taker_side": "no"
        },
        {
            "trade_id": "718c1e7a-c598-4cc3-b0c4-d153fe71ea1e",
            "ticker": "HIGHNY-24FEB16-B45.5",
            "count": 109,
            "created_time": "2024-02-16T02:38:14.822006Z",
            "yes_price": 7,
            "no_price": 93,
            "taker_side": "no"
        },
        {
            "trade_id": "8e467372-76e5-4366-83e1-02384886c0bb",
            "ticker": "HIGHNY-24FEB16-B45.5",
            "count": 81,
            "created_time": "2024-02-15T19:52:59.977009Z",
            "yes_price": 14,
            "no_price": 86,
            "taker_side": "no"
        },
        {
            "trade_id": "b77c2d71-6ef9-4586-8898-78a2677ae955",
            "ticker": "HIGHNY-24FEB16-B45.5",
            "count": 116,
            "created_time": "2024-02-15T17:57:06.678348Z",
            "yes_price": 20,
            "no_price": 80,
            "taker_side": "no"
        },
        {
            "trade_id": "af22ec1c-b7cf-4430-8bb4-1c262446d287",
            "ticker": "HIGHNY-24FEB16-B45.5",
            "count": 22,
            "created_time": "2024-02-15T17:57:06.678348Z",
            "yes_price": 23,
            "no_price": 77,
            "taker_side": "no"
        },
        {
            "trade_id": "8e9eb28c-a0ee-4cb2-8b02-ffab1e2fba0e",
            "ticker": "HIGHNY-24FEB16-B45.5",
            "count": 116,
            "created_time": "2024-02-15T17:57:06.678348Z",
            "yes_price": 21,
            "no_price": 79,
            "taker_side": "no"
        },
        {
            "trade_id": "8a3e1099-cab5-4ae4-9e3a-0e87de24fbc5",
            "ticker": "HIGHNY-24FEB16-B45.5",
            "count": 1,
            "created_time": "2024-02-15T17:30:22.31224Z",
            "yes_price": 23,
            "no_price": 77,
            "taker_side": "no"
        }
    ],
    "HIGHNY-24FEB16-T46": []
}