{
    "HIGHNY-24AUG28-T91": [
        {
            "trade_id": "7a1cf24e-6c31-41b6-9c64-335dcafd4903",
            "ticker": "HIGHNY-24AUG28-T91",
            "count": 43,
            "created_time": "2024-08-28T20:50:34.001369Z",
            "yes_price": 1,
            "no_price": 99,
            "taker_side": "no"
        },
        {
            "trade_id": "4dd0d4da-c53c-454f-b7dc-cd96b1afbc5b",
            "ticker": "HIGHNY-24AUG28-T91",
            "count": 100,
            "created_time": "2024-08-28T20:36:03.294344Z",
            "yes_price": 2,
            "no_price": 98,
            "taker_side": "no"
        },
        {
            "trade_id": "d5037d47-db70-415e-9dcc-ff676d5382a3",
            "ticker": "HIGHNY-24AUG28-T91",
            "count": 100,
            "created_time": "2024-08-28T20:18:25.379654Z",
            "yes_price": 2,
            "no_price": 98,
            "taker_side": "no"
        },
        {
            "trade_id": "e663f2ce-143b-4cc2-adee-c6b52fd08e25",
            "ticker": "HIGHNY-24AUG28-T91",
            "count": 50,
            "created_time": "2024-08-28T18:51:27.503715Z",
            "yes_price": 4,
            "no_price": 96,
            "taker_side": "no"
        },
        {
            "trade_id": "cf029557-da45-494c-acb2-e5e56f26de3c",
            "ticker": "HIGHNY-24AUG28-T91",
            "count": 10,
            "created_time": "2024-08-28T18:37:44.101395Z",
            "yes_price": 3,
            "no_price": 97,
            "taker_side": "no"
        },
        {
            "trade_id": "f4b79151-62f8-478c-8f1d-1795411d1e1c",
            "ticker": "HIGHNY-24AUG28-T91",
            "count": 3,
            "created_time": "2024-08-28T18:21:00.280139Z",
            "yes_price": 3,
            "no_price": 97,
            "taker_side": "no"
        },
        {
            "trade_id": "8ad1b27f-4896-401b-a82f-b6cd38e4ebc9",
            "ticker": "HIGHNY-24AUG28-T91",
            "count": 100,
            "created_time": "2024-08-28T17:58:44.98272Z",
            "yes_price": 22,
            "no_price": 78,
            "taker_side": "no"
        },
        {
            "trade_id": "5e08329a-3db3-471e-88c0-1ab504942bc9",
            "ticker": "HIGHNY-24AUG28-T91",
            "count": 75,
            "created_time": "2024-08-28T16:47:23.325561Z",
            "yes_price": 22,
            "no_price": 78,
            "taker_side": "yes"
        },
        {
            "trade_id": "82abd032-605e-4d7f-ab05-e1dddd6ac4d7",
            "ticker": "HIGHNY-24AUG28-T91",
            "count": 12,
            "created_time": "2024-08-28T16:21:42.275881Z",
            "yes_price": 9,
            "no_price": 91,
            "taker_side": "yes"
        },
        {
            "trade_id": "e314e003-fcd5-4c59-a535-0c095b206d75",
            "ticker": "HIGHNY-24AUG28-T91",
            "count": 52,
            "created_time": "2024-08-28T15:56:28.368244Z",
            "yes_price": 9,
            "no_price": 91,
            "taker_side": "yes"
        },
        {
            "trade_id": "6d73110b-47fd-4a23-bd79-831a6037dd7e",
            "ticker": "HIGHNY-24AUG28-T91",
            "count": 10,
            "created_time": "2024-08-28T13:37:09.645455Z",
            "yes_price": 9,
            "no_price": 91,
            "taker_side": "yes"
        },
        {
            "trade_id": "25920a48-7a98-4dae-901c-eaba3740a49a",
            "ticker": "HIGHNY-24AUG28-T91",
            "count": 2,
            "created_time": "2024-08-28T12:38:34.430443Z",
            "yes_price": 1,
            "no_price": 99,
            "taker_side": "no"
        },
        {
            "trade_id": "375b277f-588b-4aa9-8f08-0c375a16ef04",
            "ticker": "HIGHNY-24AUG28-T91",
            "count": 5,
            "created_time": "2024-08-28T12:15:27.568953Z",
            "yes_price": 1,
            "no_price": 99,
            "taker_side": "no"
        },
        {
            "trade_id": "88e2f8f7-1041-451e-a78c-8629a3fef060",
            "ticker": "HIGHNY-24AUG28-T91",
            "count": 1,
            "created_time": "2024-08-28T02:07:25.171365Z",
            "yes_price": 9,
            "no_price": 91,
            "taker_side": "no"
        },
        {
            "trade_id": "18753feb-a4e1-4466-8645-b1acec28040a",
            "ticker": "HIGHNY-24AUG28-T91",
            "count": 24,
            "created_time": "2024-08-27T23:33:54.043434Z",
            "yes_price": 10,
            "no_price": 90,
            "taker_side": "no"
        },
        {
            "trade_id": "9765b2dc-df5b-46d3-abd2-e08a2a791f3b",
            "ticker": "HIGHNY-24AUG28-T91",
            "count": 32,
            "created_time": "2024-08-27T23:11:57.22274Z",
            "yes_price": 10,
            "no_price": 90,
            "taker_side": "no"
        },
        {
            "trade_id": "41a7e739-ac66-4698-8111-3cabbcb6071e",
            "ticker": "HIGHNY-24AUG28-T91",
            "count": 18,
            "created_time": "2024-08-27T23:06:45.368801Z",
            "yes_price": 10,
            "no_price": 90,
            "taker_side": "no"
        },
        {
            "trade_id": "fa74d6d4-5b14-415e-b98b-993f69482dc0",
            "ticker": "HIGHNY-24AUG28-T91",
            "count": 1,
            "created_time": "2024-08-27T18:35:16.083549Z",
            "yes_price": 16,
            "no_price": 84,
            "taker_side": "yes"
        },
        {
            "trade_id": "fbe8b643-7f4d-4dd1-acc1-742df2fc89af",
            "ticker": "HIGHNY-24AUG28-T91",
            "count": 3,
            "created_time": "2024-08-27T18:22:29.009533Z",
            "yes_price": 8,
            "no_price": 92,
            "taker_side": "no"
        },
        {
            "trade_id": "c811bd1b-f69f-42cc-8386-67350b72e480",
            "ticker": "HIGHNY-24AUG28-T91",
            "count": 36,
            "created_time": "2024-08-27T14:40:12.622502Z",
            "yes_price": 18,
            "no_price": 82,
            "taker_side": "no"
        }
    ],
    "HIGHNY-24AUG28-B91.5": [
        {
            "trade_id": "8c777f17-629f-47cb-9198-2b4d932cb1f7",
            "ticker": "HIGHNY-24AUG28-B91.5",
            "count": 19,
            "created_time": "2024-08-28T23:09:14.93746Z",
            "yes_price": 98,
            "no_price": 2,
            "taker_side": "no"
        },
        {
            "trade_id": "6c59dc39-56b8-4720-afb1-60e59a119053",
            "ticker": "HIGHNY-24AUG28-B91.5",
            "count": 10,
            "created_time": "2024-08-28T22:50:21.097237Z",
            "yes_price": 99,
            "no_price": 1,
            "taker_side": "yes"
        },
        {
            "trade_id": "b0671e08-1e73-45b1-b069-f1a6ab465c6f",
            "ticker": "HIGHNY-24AUG28-B91.5",
            "count": 1,
            "created_time": "2024-08-28T22:19:29.801271Z",
            "yes_price": 98,
            "no_price": 2,
            "taker_side": "no"
        },
        {
            "trade_id": "ecca87dc-a114-4cfa-879c-37a5e7de46c3",
            "ticker": "HIGHNY-24AUG28-B91.5",
            "count": 10,
            "created_time": "2024-08-28T22:09:16.995796Z",
            "yes_price": 99,
            "no_price": 1,
            "taker_side": "no"
        },
        {
            "trade_id": "51d8e3e4-a6a3-45fe-b2b5-a8524bb8dc43",
            "ticker": "HIGHNY-24AUG28-B91.5",
            "count": 10,
            "created_time": "2024-08-28T22:09:16.995796Z",
            "yes_price": 99,
            "no_price": 1,
            "taker_side": "no"
        },
        {
            "trade_id": "031416f9-dbb0-4cdf-aaba-437252b21fa4",
            "ticker": "HIGHNY-24AUG28-B91.5",
            "count": 21,
            "created_time": "2024-08-28T20:50:34.049692Z",
            "yes_price": 99,
            "no_price": 1,
            "taker_side": "no"
        },
        {
            "trade_id": "6b54f919-4b61-4b0f-aacd-198682e6dd86",
            "ticker": "HIGHNY-24AUG28-B91.5",
            "count": 43,
            "created_time": "2024-08-28T20:50:34.017405Z",
            "yes_price": 99,
            "no_price": 1,
            "taker_side": "no"
        },
        {
            "trade_id": "bafc13ee-6ea5-4667-90c1-6d46a958094e",
            "ticker": "HIGHNY-24AUG28-B91.5",
            "count": 25,
            "created_time": "2024-08-28T20:50:33.885232Z",
            "yes_price": 97,
            "no_price": 3,
            "taker_side": "yes"
        },
        {
            "trade_id": "2c1efb73-57db-420e-aa66-bdfff4517f53",
            "ticker": "HIGHNY-24AUG28-B91.5",
            "count": 1,
            "created_time": "2024-08-28T20:50:33.885232Z",
            "yes_price": 98,
            "no_price": 2,
            "taker_side": "yes"
        },
        {
            "trade_id": "1be10c64-e47c-4dfd-9bfd-db4a7e38e8fc",
            "ticker": "HIGHNY-24AUG28-B91.5",
            "count": 50,
            "created_time": "2024-08-28T20:50:33.885232Z",
            "yes_price": 99,
            "no_price": 1,
            "taker_side": "yes"
        },
        {
            "trade_id": "ce921945-7273-4ee4-b13b-cd6cb6221b6f",
            "ticker": "HIGHNY-24AUG28-B91.5",
            "count": 50,
            "created_time": "2024-08-28T18:51:27.550271Z",
            "yes_price": 63,
            "no_price": 37,
            "taker_side": "no"
        },
        {
            "trade_id": "531c1e45-d8ef-4893-aab7-a97a52ff78b6",
            "ticker": "HIGHNY-24AUG28-B91.5",
            "count": 75,
            "created_time": "2024-08-28T16:47:18.688869Z",
            "yes_price": 55,
            "no_price": 45,
            "taker_side": "yes"
        },
        {
            "trade_id": "d1b7297f-f5e1-4254-be42-22caea2e3127",
            "ticker": "HIGHNY-24AUG28-B91.5",
            "count": 16,
            "created_time": "2024-08-28T15:56:16.377619Z",
            "yes_price": 60,
            "no_price": 40,
            "taker_side": "yes"
        },
        {
            "trade_id": "9e5f910e-1891-4418-bef4-ebb464aefe24",
            "ticker": "HIGHNY-24AUG28-B91.5",
            "count": 60,
            "created_time": "2024-08-28T15:49:29.696218Z",
            "yes_price": 50,
            "no_price": 50,
            "taker_side": "no"
        },
        {
            "trade_id": "722fbbb9-5092-45d7-81ce-e3db87568640",
            "ticker": "HIGHNY-24AUG28-B91.5",
            "count": 20,
            "created_time": "2024-08-28T15:47:56.265403Z",
            "yes_price": 52,
            "no_price": 48,
            "taker_side": "no"
        },
        {
            "trade_id": "46c870e8-cf63-4019-81dd-fa35a22260a4",
            "ticker": "HIGHNY-24AUG28-B91.5",
            "count": 60,
            "created_time": "2024-08-28T15:44:07.646358Z",
            "yes_price": 52,
            "no_price": 48,
            "taker_side": "no"
        },
        {
            "trade_id": "f734ebc2-4602-4ace-881b-8e4227c06ffd",
            "ticker": "HIGHNY-24AUG28-B91.5",
            "count": 100,
            "created_time": "2024-08-28T14:53:57.909577Z",
            "yes_price": 39,
            "no_price": 61,
            "taker_side": "yes"
        },
        {
            "trade_id": "1cdb8e8b-278d-4bc8-b0ed-74e76ee805f9",
            "ticker": "HIGHNY-24AUG28-B91.5",
            "count": 200,
            "created_time": "2024-08-28T14:53:57.909577Z",
            "yes_price": 41,
            "no_price": 59,
            "taker_side": "yes"
        },
        {
            "trade_id": "0de6e259-f1ca-4eaf-9ec8-f2b57a26e408",
            "ticker": "HIGHNY-24AUG28-B91.5",
            "count": 200,
            "created_time": "2024-08-28T14:53:57.909577Z",
            "yes_price": 44,
            "no_price": 56,
            "taker_side": "yes"
        },
        {
            "trade_id": "3bc60dcc-4434-467b-84a4-17f42606882d",
            "ticker": "HIGHNY-24AUG28-B91.5",
            "count": 2,
            "created_time": "2024-08-28T14:03:11.601843Z",
            "yes_price": 39,
            "no_price": 61,
            "taker_side": "yes"
        },
        {
            "trade_id": "b74a6650-ebbb-4fe9-a45a-7b24fce4f5d8",
            "ticker": "HIGHNY-24AUG28-B91.5",
            "count": 12,
            "created_time": "2024-08-28T14:01:56.177751Z",
            "yes_price": 39,
            "no_price": 61,
            "taker_side": "yes"
        },
        {
            "trade_id": "ef023ff7-2ea7-4500-867a-188e2a66372e",
            "ticker": "HIGHNY-24AUG28-B91.5",
            "count": 60,
            "created_time": "2024-08-28T13:53:45.017731Z",
            "yes_price": 39,
            "no_price": 61,
            "taker_side": "yes"
        },
        {
            "trade_id": "5af7eda9-17ba-49d0-aa37-a9268c0fbbee",
            "ticker": "HIGHNY-24AUG28-B91.5",
            "count": 40,
            "created_time": "2024-08-28T13:53:45.017731Z",
            "yes_price": 41,
            "no_price": 59,
            "taker_side": "yes"
        },
        {
            "trade_id": "6df8eade-0a20-4ec2-8e8a-913991616ce4",
            "ticker": "HIGHNY-24AUG28-B91.5",
            "count": 2,
            "created_time": "2024-08-28T13:37:47.053035Z",
            "yes_price": 40,
            "no_price": 60,
            "taker_side": "yes"
        },
        {
            "trade_id": "02f7fa85-bd29-4cbb-ae4a-f8db01a2a829",
            "ticker": "HIGHNY-24AUG28-B91.5",
            "count": 20,
            "created_time": "2024-08-28T13:31:40.416964Z",
            "yes_price": 31,
            "no_price": 69,
            "taker_side": "no"
        },
        {
            "trade_id": "96a8456a-154e-4697-bdd6-b57e77d0b564",
            "ticker": "HIGHNY-24AUG28-B91.5",
            "count": 54,
            "created_time": "2024-08-28T12:54:16.758078Z",
            "yes_price": 24,
            "no_price": 76,
            "taker_side": "no"
        },
        {
            "trade_id": "7f1b08c2-5024-48c6-b754-9714a00c5e23",
            "ticker": "HIGHNY-24AUG28-B91.5",
            "count": 80,
            "created_time": "2024-08-28T12:54:16.758078Z",
            "yes_price": 26,
            "no_price": 74,
            "taker_side": "no"
        },
        {
            "trade_id": "455429eb-f351-4b43-aaeb-efba8ae1c9c7",
            "ticker": "HIGHNY-24AUG28-B91.5",
            "count": 52,
            "created_time": "2024-08-28T12:50:57.3827Z",
            "yes_price": 30,
            "no_price": 70,
            "taker_side": "yes"
        },
        {
            "trade_id": "2370797a-1988-43f3-8afa-62854db8b3c2",
            "ticker": "HIGHNY-24AUG28-B91.5",
            "count": 46,
            "created_time": "2024-08-28T12:50:57.3827Z",
            "yes_price": 28,
            "no_price": 72,
            "taker_side": "yes"
        },
        {
            "trade_id": "3a8ac3e3-9297-45f2-b358-db1461434b41",
            "ticker": "HIGHNY-24AUG28-B91.5",
            "count": 34,
            "created_time": "2024-08-28T12:50:34.046191Z",
            "yes_price": 28,
            "no_price": 72,
            "taker_side": "yes"
        },
        {
            "trade_id": "60a708b8-05f0-4814-9aa1-31b2087bd7d4",
            "ticker": "HIGHNY-24AUG28-B91.5",
            "count": 1,
            "created_time": "2024-08-28T12:48:34.265943Z",
            "yes_price": 30,
            "no_price": 70,
            "taker_side": "no"
        },
        {
            "trade_id": "0156bfb4-5d55-46f3-9544-5c130f0e5b64",
            "ticker": "HIGHNY-24AUG28-B91.5",
            "count": 2,
            "created_time": "2024-08-28T12:38:34.345358Z",
            "yes_price": 96,
            "no_price": 4,
            "taker_side": "yes"
        },
        {
            "trade_id": "ead95f4a-4a0c-42d6-b00c-b6dd2270dfa1",
            "ticker": "HIGHNY-24AUG28-B91.5",
            "count": 5,
            "created_time": "2024-08-28T12:15:27.483991Z",
            "yes_price": 50,
            "no_price": 50,
            "taker_side": "yes"
        },
        {
            "trade_id": "9aa5e309-46ad-4a9e-9ac2-6bc0e5ba2e21",
            "ticker": "HIGHNY-24AUG28-B91.5",
            "count": 100,
            "created_time": "2024-08-28T12:02:37.898319Z",
            "yes_price": 49,
            "no_price": 51,
            "taker_side": "no"
        },
        {
            "trade_id": "f995a33f-9fca-4f67-8539-9d956d14744c",
            "ticker": "HIGHNY-24AUG28-B91.5",
            "count": 120,
            "created_time": "2024-08-28T02:09:32.173459Z",
            "yes_price": 32,
            "no_price": 68,
            "taker_side": "yes"
        },
        {
            "trade_id": "1699cda6-0699-4dfb-9a3c-3a039926fa6b",
            "ticker": "HIGHNY-24AUG28-B91.5",
            "count": 20,
            "created_time": "2024-08-28T02:09:08.289846Z",
            "yes_price": 31,
            "no_price": 69,
            "taker_side": "yes"
        },
        {
            "trade_id": "dbef8ac6-fff2-48df-a94c-813df302e0b6",
            "ticker": "HIGHNY-24AUG28-B91.5",
            "count": 100,
            "created_time": "2024-08-28T02:08:18.404635Z",
            "yes_price": 29,
            "no_price": 71,
            "taker_side": "yes"
        },
        {
            "trade_id": "35880c50-eb36-49f1-a15d-c8766d74ef02",
            "ticker": "HIGHNY-24AUG28-B91.5",
            "count": 120,
            "created_time": "2024-08-28T02:07:58.159332Z",
            "yes_price": 28,
            "no_price": 72,
            "taker_side": "yes"
        },
        {
            "trade_id": "273ebdb3-467d-48f4-9a99-2484187cf82f",
            "ticker": "HIGHNY-24AUG28-B91.5",
            "count": 120,
            "created_time": "2024-08-28T02:07:37.607419Z",
            "yes_price": 27,
            "no_price": 73,
            "taker_side": "yes"
        },
        {
            "trade_id": "6979cc61-eddf-43f3-9a87-1c1aad45f96d",
            "ticker": "HIGHNY-24AUG28-B91.5",
            "count": 1,
            "created_time": "2024-08-28T02:07:25.050526Z",
            "yes_price": 26,
            "no_price": 74,
            "taker_side": "yes"
        },
        {
            "trade_id": "3b8af8f0-ea62-49bb-b600-db080579765d",
            "ticker": "HIGHNY-24AUG28-B91.5",
            "count": 60,
            "created_time": "2024-08-28T02:07:25.050526Z",
            "yes_price": 26,
            "no_price": 74,
            "taker_side": "yes"
        },
        {
            "trade_id": "b41433cc-d002-4499-a0fa-993ec0d93478",
            "ticker": "HIGHNY-24AUG28-B91.5",
            "count": 10,
            "created_time": "2024-08-28T00:45:48.958597Z",
            "yes_price": 38,
            "no_price": 62,
            "taker_side": "yes"
        },
        {
            "trade_id": "69769b7c-5e1c-4ca4-ae45-cc0954f2bc99",
            "ticker": "HIGHNY-24AUG28-B91.5",
            "count": 2,
            "created_time": "2024-08-27T23:13:54.929999Z",
            "yes_price": 38,
            "no_price": 62,
            "taker_side": "yes"
        },
        {
            "trade_id": "db879920-a082-468c-b1a9-0b8e42480ee0",
            "ticker": "HIGHNY-24AUG28-B91.5",
            "count": 32,
            "created_time": "2024-08-27T23:11:57.244038Z",
            "yes_price": 31,
            "no_price": 69,
            "taker_side": "no"
        },
        {
            "trade_id": "c2d1c077-0c67-4727-a7b0-108ce45829ef",
            "ticker": "HIGHNY-24AUG28-B91.5",
            "count": 82,
            "created_time": "2024-08-27T23:08:40.444569Z",
            "yes_price": 38,
            "no_price": 62,
            "taker_side": "no"
        },
        {
            "trade_id": "b62c595a-0ac3-482b-992a-be46d5961ee5",
            "ticker": "HIGHNY-24AUG28-B91.5",
            "count": 18,
            "created_time": "2024-08-27T23:06:45.350829Z",
            "yes_price": 38,
            "no_price": 62,
            "taker_side": "no"
        },
        {
            "trade_id": "2d9f927b-3012-46af-8319-0bfadd941dac",
            "ticker": "HIGHNY-24AUG28-B91.5",
            "count": 80,
            "created_time": "2024-08-27T20:30:09.826969Z",
            "yes_price": 41,
            "no_price": 59,
            "taker_side": "yes"
        },
        {
            "trade_id": "10a3760f-d176-4a2f-aea1-14234f605377",
            "ticker": "HIGHNY-24AUG28-B91.5",
            "count": 80,
            "created_time": "2024-08-27T20:28:23.65978Z",
            "yes_price": 41,
            "no_price": 59,
            "taker_side": "yes"
        },
        {
            "trade_id": "69a3db47-bd65-4b13-bd83-45acdfc4263d",
            "ticker": "HIGHNY-24AUG28-B91.5",
            "count": 20,
            "created_time": "2024-08-27T20:20:57.063124Z",
            "yes_price": 40,
            "no_price": 60,
            "taker_side": "yes"
        },
        {
            "trade_id": "14ff6d1d-1843-4515-877b-576ac4d30f19",
            "ticker": "HIGHNY-24AUG28-B91.5",
            "count": 100,
            "created_time": "2024-08-27T18:02:47.270591Z",
            "yes_price": 39,
            "no_price": 61,
            "taker_side": "yes"
        },
        {
            "trade_id": "f2117bbf-9259-4934-a9df-a98ab9c89bef",
            "ticker": "HIGHNY-24AUG28-B91.5",
            "count": 1,
            "created_time": "2024-08-27T17:30:35.155032Z",
            "yes_price": 37,
            "no_price": 63,
            "taker_side": "no"
        },
        {
            "trade_id": "71c0d56c-6960-425a-93f2-9ae9d7ddd361",
            "ticker": "HIGHNY-24AUG28-B91.5",
            "count": 21,
            "created_time": "2024-08-27T15:00:14.922576Z",
            "yes_price": 45,
            "no_price": 55,
            "taker_side": "yes"
        },
        {
            "trade_id": "4e1716d7-b2d1-4ff2-9aed-1c5a57df3116",
            "ticker": "HIGHNY-24AUG28-B91.5",
            "count": 21,
            "created_time": "2024-08-27T14:59:55.526825Z",
            "yes_price": 45,
            "no_price": 55,
            "taker_side": "yes"
        },
        {
            "trade_id": "5e3439c7-5ab5-450f-a61e-62019557b45c",
            "ticker": "HIGHNY-24AUG28-B91.5",
            "count": 19,
            "created_time": "2024-08-27T14:59:35.004694Z",
            "yes_price": 45,
            "no_price": 55,
            "taker_side": "yes"
        },
        {
            "trade_id": "4fa8a8c1-c56e-431e-bc7b-7921191c068c",
            "ticker": "HIGHNY-24AUG28-B91.5",
            "count": 21,
            "created_time": "2024-08-27T14:59:17.271776Z",
            "yes_price": 45,
            "no_price": 55,
            "taker_side": "yes"
        },
        {
            "trade_id": "b5bcbdba-2bdf-45ee-9531-e269eef5c467",
            "ticker": "HIGHNY-24AUG28-B91.5",
            "count": 1,
            "created_time": "2024-08-27T14:48:53.678755Z",
            "yes_price": 46,
            "no_price": 54,
            "taker_side": "yes"
        },
        {
            "trade_id": "39019354-a1eb-4c15-9be3-1c556de463a0",
            "ticker": "HIGHNY-24AUG28-B91.5",
            "count": 19,
            "created_time": "2024-08-27T14:48:53.678755Z",
            "yes_price": 46,
            "no_price": 54,
            "taker_side": "yes"
        },
        {
            "trade_id": "4fa1b7d0-f7f9-4684-abed-c9183c77def5",
            "ticker": "HIGHNY-24AUG28-B91.5",
            "count": 30,
            "created_time": "2024-08-27T14:40:12.978544Z",
            "yes_price": 40,
            "no_price": 60,
            "taker_side": "no"
        }
    ],
    "HIGHNY-24AUG28-B93.5": [
        {
            "trade_id": "e683ec60-a525-44e4-9031-af45277467ac",
            "ticker": "HIGHNY-24AUG28-B93.5",
            "count": 20,
            "created_time": "2024-08-29T01:07:50.790532Z",
            "yes_price": 2,
            "no_price": 98,
            "taker_side": "yes"
        },
        {
            "trade_id": "c681c5e8-c757-4e81-a741-67256880d23c",
            "ticker": "HIGHNY-24AUG28-B93.5",
            "count": 733,
            "created_time": "2024-08-29T01:07:50.790532Z",
            "yes_price": 1,
            "no_price": 99,
            "taker_side": "yes"
        },
        {
            "trade_id": "49cb66fc-d658-4d11-a86f-759f29857197",
            "ticker": "HIGHNY-24AUG28-B93.5",
            "count": 2863,
            "created_time": "2024-08-29T01:07:50.790532Z",
            "yes_price": 3,
            "no_price": 97,
            "taker_side": "yes"
        },
        {
            "trade_id": "5561497e-05a0-43a7-90f4-7942e0f2d2a8",
            "ticker": "HIGHNY-24AUG28-B93.5",
            "count": 267,
            "created_time": "2024-08-29T00:59:22.37427Z",
            "yes_price": 1,
            "no_price": 99,
            "taker_side": "yes"
        },
        {
            "trade_id": "2be848fa-4b22-4f39-9d44-954db23308db",
            "ticker": "HIGHNY-24AUG28-B93.5",
            "count": 1,
            "created_time": "2024-08-29T00:28:36.690914Z",
            "yes_price": 1,
            "no_price": 99,
            "taker_side": "no"
        },
        {
            "trade_id": "4761c2fc-292c-4f5a-8409-40f48a1c512e",
            "ticker": "HIGHNY-24AUG28-B93.5",
            "count": 1,
            "created_time": "2024-08-28T22:19:29.700719Z",
            "yes_price": 72,
            "no_price": 28,
            "taker_side": "yes"
        },
        {
            "trade_id": "e6171795-3b98-4a45-b6b5-a40e4c10391f",
            "ticker": "HIGHNY-24AUG28-B93.5",
            "count": 10,
            "created_time": "2024-08-28T22:09:16.894414Z",
            "yes_price": 1,
            "no_price": 99,
            "taker_side": "yes"
        },
        {
            "trade_id": "aaff0983-0b08-4e46-96b0-21fc0bec266a",
            "ticker": "HIGHNY-24AUG28-B93.5",
            "count": 20,
            "created_time": "2024-08-28T22:09:16.894414Z",
            "yes_price": 2,
            "no_price": 98,
            "taker_side": "yes"
        },
        {
            "trade_id": "5d938e17-9979-4704-9ac1-b3fcc6660134",
            "ticker": "HIGHNY-24AUG28-B93.5",
            "count": 14,
            "created_time": "2024-08-28T22:09:16.894414Z",
            "yes_price": 1,
            "no_price": 99,
            "taker_side": "yes"
        },
        {
            "trade_id": "7a631750-c70b-4fd1-8279-2f55b5030c7d",
            "ticker": "HIGHNY-24AUG28-B93.5",
            "count": 7,
            "created_time": "2024-08-28T20:50:34.198665Z",
            "yes_price": 1,
            "no_price": 99,
            "taker_side": "no"
        },
        {
            "trade_id": "cf50effc-8074-4031-a636-ce94320ddd5a",
            "ticker": "HIGHNY-24AUG28-B93.5",
            "count": 43,
            "created_time": "2024-08-28T20:50:33.984063Z",
            "yes_price": 1,
            "no_price": 99,
            "taker_side": "no"
        },
        {
            "trade_id": "2dee9187-eb64-4606-aba8-8c1603039b28",
            "ticker": "HIGHNY-24AUG28-B93.5",
            "count": 50,
            "created_time": "2024-08-28T18:51:27.409938Z",
            "yes_price": 54,
            "no_price": 46,
            "taker_side": "yes"
        },
        {
            "trade_id": "0d879e23-10b1-4020-b59d-af7af5fa4955",
            "ticker": "HIGHNY-24AUG28-B93.5",
            "count": 1,
            "created_time": "2024-08-28T16:46:38.980535Z",
            "yes_price": 30,
            "no_price": 70,
            "taker_side": "no"
        },
        {
            "trade_id": "d80514e8-1410-4e87-9558-99ecb5f47213",
            "ticker": "HIGHNY-24AUG28-B93.5",
            "count": 79,
            "created_time": "2024-08-28T15:53:53.175739Z",
            "yes_price": 36,
            "no_price": 64,
            "taker_side": "no"
        },
        {
            "trade_id": "8c2d638e-b814-40a1-ab10-37a0192c679e",
            "ticker": "HIGHNY-24AUG28-B93.5",
            "count": 1,
            "created_time": "2024-08-28T15:12:49.750138Z",
            "yes_price": 44,
            "no_price": 56,
            "taker_side": "yes"
        },
        {
            "trade_id": "bd0ae64d-6fe6-464f-8c9c-eae0bbf4ccf9",
            "ticker": "HIGHNY-24AUG28-B93.5",
            "count": 80,
            "created_time": "2024-08-28T14:53:54.544222Z",
            "yes_price": 56,
            "no_price": 44,
            "taker_side": "no"
        },
        {
            "trade_id": "88201ad2-a65c-4930-906d-66ae7bb8d4ef",
            "ticker": "HIGHNY-24AUG28-B93.5",
            "count": 200,
            "created_time": "2024-08-28T14:53:54.544222Z",
            "yes_price": 51,
            "no_price": 49,
            "taker_side": "no"
        },
        {
            "trade_id": "28755357-a7d1-4c15-a9d4-c9f2e492df22",
            "ticker": "HIGHNY-24AUG28-B93.5",
            "count": 200,
            "created_time": "2024-08-28T14:53:54.544222Z",
            "yes_price": 54,
            "no_price": 46,
            "taker_side": "no"
        },
        {
            "trade_id": "733ef1ce-dcfe-4ae1-b875-875b2a4000ae",
            "ticker": "HIGHNY-24AUG28-B93.5",
            "count": 75,
            "created_time": "2024-08-28T14:46:37.194487Z",
            "yes_price": 65,
            "no_price": 35,
            "taker_side": "yes"
        },
        {
            "trade_id": "4ef7e97a-8c26-44c2-842d-6c70ca495644",
            "ticker": "HIGHNY-24AUG28-B93.5",
            "count": 20,
            "created_time": "2024-08-28T14:32:44.222689Z",
            "yes_price": 65,
            "no_price": 35,
            "taker_side": "yes"
        },
        {
            "trade_id": "206f89aa-9b79-435a-989b-86e8ec8f49f0",
            "ticker": "HIGHNY-24AUG28-B93.5",
            "count": 19,
            "created_time": "2024-08-28T14:32:44.222689Z",
            "yes_price": 67,
            "no_price": 33,
            "taker_side": "yes"
        },
        {
            "trade_id": "fd694101-ffac-48a3-b0cd-9e33d4855c8a",
            "ticker": "HIGHNY-24AUG28-B93.5",
            "count": 94,
            "created_time": "2024-08-28T14:31:51.200812Z",
            "yes_price": 64,
            "no_price": 36,
            "taker_side": "yes"
        },
        {
            "trade_id": "3680f0b8-50c1-4e66-b4da-6debc36aac37",
            "ticker": "HIGHNY-24AUG28-B93.5",
            "count": 60,
            "created_time": "2024-08-28T14:31:51.200812Z",
            "yes_price": 62,
            "no_price": 38,
            "taker_side": "yes"
        },
        {
            "trade_id": "a1a774af-9cbd-41ce-a468-0f1092e23dcb",
            "ticker": "HIGHNY-24AUG28-B93.5",
            "count": 27,
            "created_time": "2024-08-28T14:16:11.063145Z",
            "yes_price": 63,
            "no_price": 37,
            "taker_side": "yes"
        },
        {
            "trade_id": "2b735219-02c6-469d-a6ba-105c440fc5b5",
            "ticker": "HIGHNY-24AUG28-B93.5",
            "count": 20,
            "created_time": "2024-08-28T14:16:11.063145Z",
            "yes_price": 60,
            "no_price": 40,
            "taker_side": "yes"
        },
        {
            "trade_id": "d49580d2-f4ad-4ca2-b261-686ace306282",
            "ticker": "HIGHNY-24AUG28-B93.5",
            "count": 8,
            "created_time": "2024-08-28T13:57:50.837751Z",
            "yes_price": 63,
            "no_price": 37,
            "taker_side": "yes"
        },
        {
            "trade_id": "3f7ae3c8-eb51-4910-9f5d-8121611204c9",
            "ticker": "HIGHNY-24AUG28-B93.5",
            "count": 7,
            "created_time": "2024-08-28T13:57:19.689289Z",
            "yes_price": 63,
            "no_price": 37,
            "taker_side": "yes"
        },
        {
            "trade_id": "71a79e32-1c92-4871-b04f-56b9f4e36d64",
            "ticker": "HIGHNY-24AUG28-B93.5",
            "count": 6,
            "created_time": "2024-08-28T13:55:45.419053Z",
            "yes_price": 65,
            "no_price": 35,
            "taker_side": "yes"
        },
        {
            "trade_id": "5e23b951-3b18-4a65-8410-f893c35ba90b",
            "ticker": "HIGHNY-24AUG28-B93.5",
            "count": 32,
            "created_time": "2024-08-28T13:55:45.419053Z",
            "yes_price": 62,
            "no_price": 38,
            "taker_side": "yes"
        },
        {
            "trade_id": "ea2083b0-fcb9-40a3-8033-74eeaba720f1",
            "ticker": "HIGHNY-24AUG28-B93.5",
            "count": 13,
            "created_time": "2024-08-28T13:55:26.617299Z",
            "yes_price": 53,
            "no_price": 47,
            "taker_side": "yes"
        },
        {
            "trade_id": "b505df31-c30c-4f39-b13f-6ec0a299f4cd",
            "ticker": "HIGHNY-24AUG28-B93.5",
            "count": 28,
            "created_time": "2024-08-28T13:55:26.617299Z",
            "yes_price": 62,
            "no_price": 38,
            "taker_side": "yes"
        },
        {
            "trade_id": "5f946172-6453-4e62-9a89-6bebacae6a79",
            "ticker": "HIGHNY-24AUG28-B93.5",
            "count": 10,
            "created_time": "2024-08-28T13:45:26.550885Z",
            "yes_price": 63,
            "no_price": 37,
            "taker_side": "yes"
        },
        {
            "trade_id": "8edfef20-f717-4f24-8f17-fb6db790419e",
            "ticker": "HIGHNY-24AUG28-B93.5",
            "count": 2,
            "created_time": "2024-08-28T13:38:51.1467Z",
            "yes_price": 52,
            "no_price": 48,
            "taker_side": "no"
        },
        {
            "trade_id": "9aad7483-f701-400b-a5f0-3d853694e125",
            "ticker": "HIGHNY-24AUG28-B93.5",
            "count": 16,
            "created_time": "2024-08-28T13:35:33.23608Z",
            "yes_price": 53,
            "no_price": 47,
            "taker_side": "no"
        },
        {
            "trade_id": "8f43c8bb-3b63-414e-b88f-3a04f878ee58",
            "ticker": "HIGHNY-24AUG28-B93.5",
            "count": 53,
            "created_time": "2024-08-28T12:56:36.684671Z",
            "yes_price": 63,
            "no_price": 37,
            "taker_side": "yes"
        },
        {
            "trade_id": "3ba29e39-7e08-4f12-9a75-c7c3a95fcaba",
            "ticker": "HIGHNY-24AUG28-B93.5",
            "count": 9,
            "created_time": "2024-08-28T12:56:36.684671Z",
            "yes_price": 61,
            "no_price": 39,
            "taker_side": "yes"
        },
        {
            "trade_id": "cf1dfcfa-3ca9-412e-b925-5b9c0507cd2d",
            "ticker": "HIGHNY-24AUG28-B93.5",
            "count": 31,
            "created_time": "2024-08-28T12:56:20.963734Z",
            "yes_price": 61,
            "no_price": 39,
            "taker_side": "yes"
        },
        {
            "trade_id": "6d0ef94a-43e4-4aad-a5fc-7c0a05a928d5",
            "ticker": "HIGHNY-24AUG28-B93.5",
            "count": 19,
            "created_time": "2024-08-28T12:55:16.836445Z",
            "yes_price": 61,
            "no_price": 39,
            "taker_side": "yes"
        },
        {
            "trade_id": "eea39476-f79e-48e4-92d9-b5f631126ead",
            "ticker": "HIGHNY-24AUG28-B93.5",
            "count": 31,
            "created_time": "2024-08-28T12:54:49.919768Z",
            "yes_price": 61,
            "no_price": 39,
            "taker_side": "yes"
        },
        {
            "trade_id": "167498fa-b49d-4b7b-8faa-b36b90b96281",
            "ticker": "HIGHNY-24AUG28-B93.5",
            "count": 16,
            "created_time": "2024-08-28T12:52:55.530168Z",
            "yes_price": 59,
            "no_price": 41,
            "taker_side": "yes"
        },
        {
            "trade_id": "f97e073c-9850-448d-b9bf-482b67a0cf81",
            "ticker": "HIGHNY-24AUG28-B93.5",
            "count": 20,
            "created_time": "2024-08-28T12:51:02.488887Z",
            "yes_price": 60,
            "no_price": 40,
            "taker_side": "no"
        },
        {
            "trade_id": "e1391fee-3952-4173-a54b-1927dba5aa8a",
            "ticker": "HIGHNY-24AUG28-B93.5",
            "count": 11,
            "created_time": "2024-08-28T12:51:02.488887Z",
            "yes_price": 44,
            "no_price": 56,
            "taker_side": "no"
        },
        {
            "trade_id": "908a0bc5-cabd-41ff-a065-a1c6204e8706",
            "ticker": "HIGHNY-24AUG28-B93.5",
            "count": 200,
            "created_time": "2024-08-28T12:51:02.488887Z",
            "yes_price": 55,
            "no_price": 45,
            "taker_side": "no"
        },
        {
            "trade_id": "195ab4eb-21f7-4f77-82ce-a163bf83ddab",
            "ticker": "HIGHNY-24AUG28-B93.5",
            "count": 200,
            "created_time": "2024-08-28T12:51:02.488887Z",
            "yes_price": 56,
            "no_price": 44,
            "taker_side": "no"
        },
        {
            "trade_id": "f61af8bf-8d91-4503-b94a-58eee8711f16",
            "ticker": "HIGHNY-24AUG28-B93.5",
            "count": 100,
            "created_time": "2024-08-28T12:45:48.350846Z",
            "yes_price": 64,
            "no_price": 36,
            "taker_side": "no"
        },
        {
            "trade_id": "94394b6f-b2be-4faa-8733-f3547c44f039",
            "ticker": "HIGHNY-24AUG28-B93.5",
            "count": 167,
            "created_time": "2024-08-28T12:45:48.350846Z",
            "yes_price": 62,
            "no_price": 38,
            "taker_side": "no"
        },
        {
            "trade_id": "20f3e4be-adbb-4d08-8158-d9100e42c367",
            "ticker": "HIGHNY-24AUG28-B93.5",
            "count": 1,
            "created_time": "2024-08-28T12:43:06.322183Z",
            "yes_price": 59,
            "no_price": 41,
            "taker_side": "no"
        },
        {
            "trade_id": "d6f4db7f-c206-45e9-b3af-4373f796f6bd",
            "ticker": "HIGHNY-24AUG28-B93.5",
            "count": 1,
            "created_time": "2024-08-28T12:42:46.416208Z",
            "yes_price": 59,
            "no_price": 41,
            "taker_side": "no"
        },
        {
            "trade_id": "45f8cd72-24fb-4b37-baf2-d64b8e9298c7",
            "ticker": "HIGHNY-24AUG28-B93.5",
            "count": 1,
            "created_time": "2024-08-28T12:42:26.520229Z",
            "yes_price": 59,
            "no_price": 41,
            "taker_side": "no"
        },
        {
            "trade_id": "567daf82-ef52-4435-a576-d7c77efeb8b9",
            "ticker": "HIGHNY-24AUG28-B93.5",
            "count": 4,
            "created_time": "2024-08-28T12:42:06.697923Z",
            "yes_price": 60,
            "no_price": 40,
            "taker_side": "no"
        },
        {
            "trade_id": "71e612e4-a4e7-415c-8a1a-4bd9b67dd29a",
            "ticker": "HIGHNY-24AUG28-B93.5",
            "count": 6,
            "created_time": "2024-08-28T12:41:46.733659Z",
            "yes_price": 60,
            "no_price": 40,
            "taker_side": "no"
        },
        {
            "trade_id": "4e6a6774-dae7-48ee-b19c-4f9503de1069",
            "ticker": "HIGHNY-24AUG28-B93.5",
            "count": 12,
            "created_time": "2024-08-28T12:41:26.767541Z",
            "yes_price": 60,
            "no_price": 40,
            "taker_side": "no"
        },
        {
            "trade_id": "d89d425c-7a6a-4c13-833e-942c0983b686",
            "ticker": "HIGHNY-24AUG28-B93.5",
            "count": 21,
            "created_time": "2024-08-28T12:41:06.999011Z",
            "yes_price": 60,
            "no_price": 40,
            "taker_side": "no"
        },
        {
            "trade_id": "73dc9d72-7b33-4147-bff3-ad11c7e8172b",
            "ticker": "HIGHNY-24AUG28-B93.5",
            "count": 39,
            "created_time": "2024-08-28T12:40:48.146033Z",
            "yes_price": 59,
            "no_price": 41,
            "taker_side": "yes"
        },
        {
            "trade_id": "ced6c971-5efc-4a27-8cc8-b62caa7f5cf1",
            "ticker": "HIGHNY-24AUG28-B93.5",
            "count": 2,
            "created_time": "2024-08-28T12:38:34.420184Z",
            "yes_price": 44,
            "no_price": 56,
            "taker_side": "no"
        },
        {
            "trade_id": "de8d5434-de4a-47c7-9f7f-62cc6fc8531a",
            "ticker": "HIGHNY-24AUG28-B93.5",
            "count": 5,
            "created_time": "2024-08-28T12:15:27.546482Z",
            "yes_price": 53,
            "no_price": 47,
            "taker_side": "no"
        },
        {
            "trade_id": "61b71bec-7be9-4768-96f8-930be36d73b6",
            "ticker": "HIGHNY-24AUG28-B93.5",
            "count": 80,
            "created_time": "2024-08-28T12:08:49.861331Z",
            "yes_price": 53,
            "no_price": 47,
            "taker_side": "no"
        },
        {
            "trade_id": "e89f2cc4-eaf7-47e1-97d9-c093919178b4",
            "ticker": "HIGHNY-24AUG28-B93.5",
            "count": 1,
            "created_time": "2024-08-28T02:07:25.16273Z",
            "yes_price": 55,
            "no_price": 45,
            "taker_side": "no"
        },
        {
            "trade_id": "37b76fad-c8ea-4ad7-aaed-a6d743b4f70a",
            "ticker": "HIGHNY-24AUG28-B93.5",
            "count": 3,
            "created_time": "2024-08-28T01:44:34.070246Z",
            "yes_price": 52,
            "no_price": 48,
            "taker_side": "yes"
        },
        {
            "trade_id": "fee0db01-9cd5-4d75-95d2-50752522926c",
            "ticker": "HIGHNY-24AUG28-B93.5",
            "count": 18,
            "created_time": "2024-08-28T01:35:16.226572Z",
            "yes_price": 52,
            "no_price": 48,
            "taker_side": "yes"
        },
        {
            "trade_id": "c27c9ed8-42f5-4065-a137-5205cb0c98b2",
            "ticker": "HIGHNY-24AUG28-B93.5",
            "count": 9,
            "created_time": "2024-08-28T00:45:44.724395Z",
            "yes_price": 52,
            "no_price": 48,
            "taker_side": "yes"
        },
        {
            "trade_id": "437a1f94-ebd2-4d03-b4b9-6a7f0421eb50",
            "ticker": "HIGHNY-24AUG28-B93.5",
            "count": 1,
            "created_time": "2024-08-28T00:45:44.724395Z",
            "yes_price": 52,
            "no_price": 48,
            "taker_side": "yes"
        },
        {
            "trade_id": "a2fe9bfd-0b02-4444-942a-e20589f228ad",
            "ticker": "HIGHNY-24AUG28-B93.5",
            "count": 32,
            "created_time": "2024-08-27T23:11:57.26635Z",
            "yes_price": 48,
            "no_price": 52,
            "taker_side": "no"
        },
        {
            "trade_id": "8572b62f-05c3-44b7-8746-138c757412e7",
            "ticker": "HIGHNY-24AUG28-B93.5",
            "count": 18,
            "created_time": "2024-08-27T23:06:45.29414Z",
            "yes_price": 51,
            "no_price": 49,
            "taker_side": "yes"
        },
        {
            "trade_id": "6b8751a2-1d26-4811-8e75-408d8d211df8",
            "ticker": "HIGHNY-24AUG28-B93.5",
            "count": 100,
            "created_time": "2024-08-27T22:01:04.299159Z",
            "yes_price": 39,
            "no_price": 61,
            "taker_side": "yes"
        },
        {
            "trade_id": "9cf9f8b8-58c7-4e9e-9195-ee5dfd18af78",
            "ticker": "HIGHNY-24AUG28-B93.5",
            "count": 100,
            "created_time": "2024-08-27T22:00:42.641971Z",
            "yes_price": 38,
            "no_price": 62,
            "taker_side": "yes"
        },
        {
            "trade_id": "f68df9ae-eab8-4f7b-b039-1d78b71ddfe4",
            "ticker": "HIGHNY-24AUG28-B93.5",
            "count": 200,
            "created_time": "2024-08-27T22:00:24.193044Z",
            "yes_price": 37,
            "no_price": 63,
            "taker_side": "yes"
        },
        {
            "trade_id": "3fa627ef-98d5-444f-bf27-b28a7d1065cd",
            "ticker": "HIGHNY-24AUG28-B93.5",
            "count": 60,
            "created_time": "2024-08-27T22:00:24.193044Z",
            "yes_price": 35,
            "no_price": 65,
            "taker_side": "yes"
        },
        {
            "trade_id": "a1b99620-0d99-4dd8-af67-722dd008276d",
            "ticker": "HIGHNY-24AUG28-B93.5",
            "count": 1,
            "created_time": "2024-08-27T20:33:27.468699Z",
            "yes_price": 41,
            "no_price": 59,
            "taker_side": "no"
        },
        {
            "trade_id": "1347b778-61c1-4149-ba07-770843955a59",
            "ticker": "HIGHNY-24AUG28-B93.5",
            "count": 1,
            "created_time": "2024-08-27T20:33:20.483289Z",
            "yes_price": 42,
            "no_price": 58,
            "taker_side": "yes"
        },
        {
            "trade_id": "615f750b-5fd3-4ea9-8c15-a42d2563c173",
            "ticker": "HIGHNY-24AUG28-B93.5",
            "count": 1,
            "created_time": "2024-08-27T20:33:08.173195Z",
            "yes_price": 41,
            "no_price": 59,
            "taker_side": "yes"
        },
        {
            "trade_id": "5d28400d-261b-4076-82a7-59fad7a7df9b",
            "ticker": "HIGHNY-24AUG28-B93.5",
            "count": 1,
            "created_time": "2024-08-27T20:30:57.533129Z",
            "yes_price": 41,
            "no_price": 59,
            "taker_side": "yes"
        },
        {
            "trade_id": "d4402390-60d0-41d1-bd57-3e68cd826db6",
            "ticker": "HIGHNY-24AUG28-B93.5",
            "count": 3,
            "created_time": "2024-08-27T20:30:34.231308Z",
            "yes_price": 41,
            "no_price": 59,
            "taker_side": "yes"
        },
        {
            "trade_id": "5f85586a-dcb5-4bab-9be3-71871f5f6cc1",
            "ticker": "HIGHNY-24AUG28-B93.5",
            "count": 5,
            "created_time": "2024-08-27T20:30:22.864211Z",
            "yes_price": 41,
            "no_price": 59,
            "taker_side": "yes"
        },
        {
            "trade_id": "948a6215-2621-4f32-bdef-a4753778a09e",
            "ticker": "HIGHNY-24AUG28-B93.5",
            "count": 9,
            "created_time": "2024-08-27T20:28:17.620241Z",
            "yes_price": 41,
            "no_price": 59,
            "taker_side": "yes"
        },
        {
            "trade_id": "b27fe1e0-a4d9-4e9a-a42a-a06dc236e7aa",
            "ticker": "HIGHNY-24AUG28-B93.5",
            "count": 17,
            "created_time": "2024-08-27T20:21:01.847526Z",
            "yes_price": 41,
            "no_price": 59,
            "taker_side": "yes"
        },
        {
            "trade_id": "c56870d4-567c-45e2-a088-f6a40746803b",
            "ticker": "HIGHNY-24AUG28-B93.5",
            "count": 31,
            "created_time": "2024-08-27T18:07:09.352241Z",
            "yes_price": 41,
            "no_price": 59,
            "taker_side": "yes"
        },
        {
            "trade_id": "b465f937-fd55-4b7d-9ac7-176e90eeb78f",
            "ticker": "HIGHNY-24AUG28-B93.5",
            "count": 56,
            "created_time": "2024-08-27T18:02:59.773536Z",
            "yes_price": 41,
            "no_price": 59,
            "taker_side": "yes"
        },
        {
            "trade_id": "461b8ef1-95d7-41f3-99a9-9720ab7e1614",
            "ticker": "HIGHNY-24AUG28-B93.5",
            "count": 102,
            "created_time": "2024-08-27T18:02:30.080417Z",
            "yes_price": 41,
            "no_price": 59,
            "taker_side": "yes"
        },
        {
            "trade_id": "639b626d-6007-475f-a964-556dc9a6cd5c",
            "ticker": "HIGHNY-24AUG28-B93.5",
            "count": 80,
            "created_time": "2024-08-27T17:44:39.55018Z",
            "yes_price": 41,
            "no_price": 59,
            "taker_side": "yes"
        },
        {
            "trade_id": "ba099ef7-0019-4c3d-a36b-a89b909a1c4a",
            "ticker": "HIGHNY-24AUG28-B93.5",
            "count": 23,
            "created_time": "2024-08-27T16:12:34.387861Z",
            "yes_price": 41,
            "no_price": 59,
            "taker_side": "yes"
        },
        {
            "trade_id": "7cec5e4a-2b87-4b49-a46e-4d04347f4437",
            "ticker": "HIGHNY-24AUG28-B93.5",
            "count": 29,
            "created_time": "2024-08-27T15:00:59.706514Z",
            "yes_price": 37,
            "no_price": 63,
            "taker_side": "no"
        },
        {
            "trade_id": "6050161f-9692-4b81-94f9-82c0fb763931",
            "ticker": "HIGHNY-24AUG28-B93.5",
            "count": 20,
            "created_time": "2024-08-27T15:00:25.479798Z",
            "yes_price": 37,
            "no_price": 63,
            "taker_side": "no"
        },
        {
            "trade_id": "5ea7b357-562d-4982-bbf5-24825bd31019",
            "ticker": "HIGHNY-24AUG28-B93.5",
            "count": 80,
            "created_time": "2024-08-27T15:00:06.454543Z",
            "yes_price": 35,
            "no_price": 65,
            "taker_side": "yes"
        },
        {
            "trade_id": "3d64695b-0c08-45b1-bacb-ca5a8d6274de",
            "ticker": "HIGHNY-24AUG28-B93.5",
            "count": 200,
            "created_time": "2024-08-27T15:00:06.454543Z",
            "yes_price": 37,
            "no_price": 63,
            "taker_side": "yes"
        },
        {
            "trade_id": "edee9c7b-9c68-4dcb-87e9-743cd1938671",
            "ticker": "HIGHNY-24AUG28-B93.5",
            "count": 20,
            "created_time": "2024-08-27T14:59:29.787848Z",
            "yes_price": 34,
            "no_price": 66,
            "taker_side": "yes"
        },
        {
            "trade_id": "01c16885-dc68-4d36-91fe-eb3ca0f37f3a",
            "ticker": "HIGHNY-24AUG28-B93.5",
            "count": 7,
            "created_time": "2024-08-27T14:59:29.787848Z",
            "yes_price": 36,
            "no_price": 64,
            "taker_side": "yes"
        },
        {
            "trade_id": "c4a91d89-8a6e-4908-a3dd-7f2c834814ba",
            "ticker": "HIGHNY-24AUG28-B93.5",
            "count": 28,
            "created_time": "2024-08-27T14:59:23.960827Z",
            "yes_price": 34,
            "no_price": 66,
            "taker_side": "yes"
        },
        {
            "trade_id": "fc274ea7-1cb0-428f-9c6f-b1e666bcc509",
            "ticker": "HIGHNY-24AUG28-B93.5",
            "count": 28,
            "created_time": "2024-08-27T14:59:11.691057Z",
            "yes_price": 34,
            "no_price": 66,
            "taker_side": "yes"
        },
        {
            "trade_id": "cfa590e9-cbcc-4fb8-9495-7f296ec6094a",
            "ticker": "HIGHNY-24AUG28-B93.5",
            "count": 28,
            "created_time": "2024-08-27T14:59:06.550337Z",
            "yes_price": 34,
            "no_price": 66,
            "taker_side": "yes"
        },
        {
            "trade_id": "58939e21-9957-49ae-93af-f2fab85f7f5c",
            "ticker": "HIGHNY-24AUG28-B93.5",
            "count": 28,
            "created_time": "2024-08-27T14:49:19.580272Z",
            "yes_price": 34,
            "no_price": 66,
            "taker_side": "yes"
        },
        {
            "trade_id": "a6e4ed64-2dae-4650-849f-9e784a5ab3f5",
            "ticker": "HIGHNY-24AUG28-B93.5",
            "count": 17,
            "created_time": "2024-08-27T14:49:14.740716Z",
            "yes_price": 34,
            "no_price": 66,
            "taker_side": "yes"
        },
        {
            "trade_id": "a1008173-501d-4827-8cd7-e633a5b0f803",
            "ticker": "HIGHNY-24AUG28-B93.5",
            "count": 11,
            "created_time": "2024-08-27T14:49:14.740716Z",
            "yes_price": 32,
            "no_price": 68,
            "taker_side": "yes"
        },
        {
            "trade_id": "160a09cf-bfcb-45c0-91eb-0a9751a3a275",
            "ticker": "HIGHNY-24AUG28-B93.5",
            "count": 29,
            "created_time": "2024-08-27T14:48:47.087922Z",
            "yes_price": 32,
            "no_price": 68,
            "taker_side": "yes"
        },
        {
            "trade_id": "40bf4d0a-c017-44b8-bbf6-34ddfad7ff9f",
            "ticker": "HIGHNY-24AUG28-B93.5",
            "count": 1,
            "created_time": "2024-08-27T14:48:12.848874Z",
            "yes_price": 32,
            "no_price": 68,
            "taker_side": "yes"
        },
        {
            "trade_id": "1a41cd34-63d2-4d46-b438-57fea6a6f3e5",
            "ticker": "HIGHNY-24AUG28-B93.5",
            "count": 28,
            "created_time": "2024-08-27T14:48:12.848874Z",
            "yes_price": 32,
            "no_price": 68,
            "taker_side": "yes"
        }
    ],
    "HIGHNY-24AUG28-B95.5": [
        {
            "trade_id": "ccde3dcc-6601-478f-a0a1-728ef57e4706",
            "ticker": "HIGHNY-24AUG28-B95.5",
            "count": 1,
            "created_time": "2024-08-28T17:49:49.512159Z",
            "yes_price": 12,
            "no_price": 88,
            "taker_side": "yes"
        },
        {
            "trade_id": "c0ffad5b-5b71-4258-a399-7f8d288260d3",
            "ticker": "HIGHNY-24AUG28-B95.5",
            "count": 10,
            "created_time": "2024-08-28T17:49:25.908399Z",
            "yes_price": 2,
            "no_price": 98,
            "taker_side": "yes"
        },
        {
            "trade_id": "5a362653-99d0-4de8-9c9a-417a28b362c7",
            "ticker": "HIGHNY-24AUG28-B95.5",
            "count": 10,
            "created_time": "2024-08-28T17:49:25.908399Z",
            "yes_price": 3,
            "no_price": 97,
            "taker_side": "yes"
        },
        {
            "trade_id": "56edfe91-1f16-4e43-93b4-b468b48cb6b6",
            "ticker": "HIGHNY-24AUG28-B95.5",
            "count": 240,
            "created_time": "2024-08-28T16:55:09.768542Z",
            "yes_price": 1,
            "no_price": 99,
            "taker_side": "no"
        },
        {
            "trade_id": "5656084e-6d9a-4331-b41c-425361c56c98",
            "ticker": "HIGHNY-24AUG28-B95.5",
            "count": 34,
            "created_time": "2024-08-28T16:55:09.768542Z",
            "yes_price": 1,
            "no_price": 99,
            "taker_side": "no"
        },
        {
            "trade_id": "3878b2c3-16cb-45a4-b40c-9b67068a39c4",
            "ticker": "HIGHNY-24AUG28-B95.5",
            "count": 187,
            "created_time": "2024-08-28T16:17:01.648995Z",
            "yes_price": 9,
            "no_price": 91,
            "taker_side": "yes"
        },
        {
            "trade_id": "53af5c4e-b9cc-43d2-a6b9-9e084c04d1f7",
            "ticker": "HIGHNY-24AUG28-B95.5",
            "count": 36,
            "created_time": "2024-08-28T15:21:46.393275Z",
            "yes_price": 13,
            "no_price": 87,
            "taker_side": "yes"
        },
        {
            "trade_id": "3fca8638-fd77-416f-b87e-d040ee259d58",
            "ticker": "HIGHNY-24AUG28-B95.5",
            "count": 11,
            "created_time": "2024-08-28T15:17:54.911039Z",
            "yes_price": 1,
            "no_price": 99,
            "taker_side": "no"
        },
        {
            "trade_id": "8db2ef44-7909-4170-91f0-af89edd8a149",
            "ticker": "HIGHNY-24AUG28-B95.5",
            "count": 7,
            "created_time": "2024-08-28T13:37:57.97939Z",
            "yes_price": 13,
            "no_price": 87,
            "taker_side": "yes"
        },
        {
            "trade_id": "1ff91989-1dd5-42af-83f0-dc6d18cd929a",
            "ticker": "HIGHNY-24AUG28-B95.5",
            "count": 72,
            "created_time": "2024-08-28T13:23:06.525297Z",
            "yes_price": 13,
            "no_price": 87,
            "taker_side": "yes"
        },
        {
            "trade_id": "9d815223-2f3d-4c4c-98fd-625eab123826",
            "ticker": "HIGHNY-24AUG28-B95.5",
            "count": 11,
            "created_time": "2024-08-28T12:52:35.477774Z",
            "yes_price": 17,
            "no_price": 83,
            "taker_side": "yes"
        },
        {
            "trade_id": "6d75347b-70db-45bd-99e4-bca82cebed04",
            "ticker": "HIGHNY-24AUG28-B95.5",
            "count": 2,
            "created_time": "2024-08-28T12:38:34.426429Z",
            "yes_price": 3,
            "no_price": 97,
            "taker_side": "no"
        },
        {
            "trade_id": "f9abd80d-db58-48be-98cb-c4e214b82d05",
            "ticker": "HIGHNY-24AUG28-B95.5",
            "count": 5,
            "created_time": "2024-08-28T12:15:27.548276Z",
            "yes_price": 3,
            "no_price": 97,
            "taker_side": "no"
        },
        {
            "trade_id": "95754461-1d5c-4880-b4d8-8b58dac97829",
            "ticker": "HIGHNY-24AUG28-B95.5",
            "count": 40,
            "created_time": "2024-08-28T03:22:37.091983Z",
            "yes_price": 10,
            "no_price": 90,
            "taker_side": "no"
        },
        {
            "trade_id": "1790074b-303a-4e4a-b3fa-b8cd4a779994",
            "ticker": "HIGHNY-24AUG28-B95.5",
            "count": 200,
            "created_time": "2024-08-28T03:22:37.091983Z",
            "yes_price": 9,
            "no_price": 91,
            "taker_side": "no"
        },
        {
            "trade_id": "644045de-0987-497f-9a01-1469173e5ff1",
            "ticker": "HIGHNY-24AUG28-B95.5",
            "count": 1,
            "created_time": "2024-08-28T02:07:25.171649Z",
            "yes_price": 12,
            "no_price": 88,
            "taker_side": "no"
        },
        {
            "trade_id": "3e85aa86-dd9a-4c80-8a3d-2abf5e8018d8",
            "ticker": "HIGHNY-24AUG28-B95.5",
            "count": 55,
            "created_time": "2024-08-28T01:44:08.571862Z",
            "yes_price": 17,
            "no_price": 83,
            "taker_side": "yes"
        },
        {
            "trade_id": "08a9d26d-a8c7-409d-bc70-2678047cdcd7",
            "ticker": "HIGHNY-24AUG28-B95.5",
            "count": 78,
            "created_time": "2024-08-28T01:35:09.880443Z",
            "yes_price": 12,
            "no_price": 88,
            "taker_side": "yes"
        },
        {
            "trade_id": "d077d405-2407-4345-bb8e-5f921d12bb0a",
            "ticker": "HIGHNY-24AUG28-B95.5",
            "count": 32,
            "created_time": "2024-08-27T23:11:57.117515Z",
            "yes_price": 12,
            "no_price": 88,
            "taker_side": "yes"
        },
        {
            "trade_id": "5d526033-d938-47a8-a39e-364fd116a708",
            "ticker": "HIGHNY-24AUG28-B95.5",
            "count": 80,
            "created_time": "2024-08-27T23:11:57.117515Z",
            "yes_price": 12,
            "no_price": 88,
            "taker_side": "yes"
        },
        {
            "trade_id": "bc416a61-d210-43da-ab9d-a46a25f13c06",
            "ticker": "HIGHNY-24AUG28-B95.5",
            "count": 18,
            "created_time": "2024-08-27T23:06:45.407361Z",
            "yes_price": 10,
            "no_price": 90,
            "taker_side": "no"
        },
        {
            "trade_id": "930d4803-de3c-4b8a-bd06-9a29ba060acb",
            "ticker": "HIGHNY-24AUG28-B95.5",
            "count": 1,
            "created_time": "2024-08-27T22:19:27.251075Z",
            "yes_price": 4,
            "no_price": 96,
            "taker_side": "no"
        },
        {
            "trade_id": "2c26c274-891a-4d58-a772-63f059de61bf",
            "ticker": "HIGHNY-24AUG28-B95.5",
            "count": 5,
            "created_time": "2024-08-27T22:19:27.251075Z",
            "yes_price": 1,
            "no_price": 99,
            "taker_side": "no"
        }
    ],
    "HIGHNY-24AUG28-B97.5": [
        {
            "trade_id": "c05e2af0-2562-4a57-8559-154680d7a97d",
            "ticker": "HIGHNY-24AUG28-B97.5",
            "count": 1,
            "created_time": "2024-08-28T02:07:25.171034Z",
            "yes_price": 1,
            "no_price": 99,
            "taker_side": "no"
        },
        {
            "trade_id": "9a20a634-14e6-4a2e-8df6-78ca17d559c7",
            "ticker": "HIGHNY-24AUG28-B97.5",
            "count": 32,
            "created_time": "2024-08-27T23:11:57.223218Z",
            "yes_price": 1,
            "no_price": 99,
            "taker_side": "no"
        },
        {
            "trade_id": "f1fdedf4-7c9d-4d7d-85f8-317798b94d9d",
            "ticker": "HIGHNY-24AUG28-B97.5",
            "count": 18,
            "created_time": "2024-08-27T23:06:45.391427Z",
            "yes_price": 1,
            "no_price": 99,
            "taker_side": "no"
        }
    ],
    "HIGHNY-24AUG28-T98": [
        {
            "trade_id": "9eb12fbb-9cf5-489a-a81f-e03fc6d52969",
            "ticker": "HIGHNY-24AUG28-T98",
            "count": 32,
            "created_time": "2024-08-27T23:11:57.250793Z",
            "yes_price": 1,
            "no_price": 99,
            "taker_side": "no"
        },
        {
            "trade_id": "20a03aa4-bdb7-40a4-899d-96c91a191fef",
            "ticker": "HIGHNY-24AUG28-T98",
            "count": 18,
            "created_time": "2024-08-27T23:06:45.369716Z",
            "yes_price": 1,
            "no_price": 99,
            "taker_side": "no"
        }
    ]
}