{
    "HIGHNY-24MAY24-T81": [
        {
            "trade_id": "a02a932b-9c52-4740-bfd9-9cec112a40ca",
            "ticker": "HIGHNY-24MAY24-T81",
            "count": 1,
            "created_time": "2024-05-24T13:04:56.115304Z",
            "yes_price": 1,
            "no_price": 99,
            "taker_side": "no"
        },
        {
            "trade_id": "7b2e4eb2-fe1b-4291-a26c-d8e8a1e9a516",
            "ticker": "HIGHNY-24MAY24-T81",
            "count": 10,
            "created_time": "2024-05-24T00:25:38.393935Z",
            "yes_price": 1,
            "no_price": 99,
            "taker_side": "no"
        },
        {
            "trade_id": "340d0604-ded4-4280-8a29-3f7b54f4c07a",
            "ticker": "HIGHNY-24MAY24-T81",
            "count": 18,
            "created_time": "2024-05-23T21:08:56.040794Z",
            "yes_price": 1,
            "no_price": 99,
            "taker_side": "no"
        },
        {
            "trade_id": "4a2b6298-8999-48a3-b252-5524f115c9b5",
            "ticker": "HIGHNY-24MAY24-T81",
            "count": 32,
            "created_time": "2024-05-23T15:55:13.785933Z",
            "yes_price": 17,
            "no_price": 83,
            "taker_side": "yes"
        },
        {
            "trade_id": "9476da75-3c8b-45cb-a9aa-72e660852dbe",
            "ticker": "HIGHNY-24MAY24-T81",
            "count": 1,
            "created_time": "2024-05-23T15:55:05.767963Z",
            "yes_price": 16,
            "no_price": 84,
            "taker_side": "yes"
        },
        {
            "trade_id": "e0c69748-5c20-42ea-ae63-3c5f99631f50",
            "ticker": "HIGHNY-24MAY24-T81",
            "count": 189,
            "created_time": "2024-05-23T15:44:32.1567Z",
            "yes_price": 15,
            "no_price": 85,
            "taker_side": "no"
        },
        {
            "trade_id": "7883cb95-e5b0-40f0-a10e-b3c91cc98571",
            "ticker": "HIGHNY-24MAY24-T81",
            "count": 11,
            "created_time": "2024-05-23T14:21:11.932271Z",
            "yes_price": 15,
            "no_price": 85,
            "taker_side": "no"
        }
    ],
    "HIGHNY-24MAY24-B81.5": [
        {
            "trade_id": "6d2d87c9-0be7-4bcb-9607-e01cc9d31b52",
            "ticker": "HIGHNY-24MAY24-B81.5",
            "count": 935,
            "created_time": "2024-05-24T21:57:13.751309Z",
            "yes_price": 1,
            "no_price": 99,
            "taker_side": "yes"
        },
        {
            "trade_id": "8843fba9-76c5-4ae3-aeca-f0ec19642893",
            "ticker": "HIGHNY-24MAY24-B81.5",
            "count": 935,
            "created_time": "2024-05-24T19:38:14.847928Z",
            "yes_price": 1,
            "no_price": 99,
            "taker_side": "yes"
        },
        {
            "trade_id": "e6e77338-0a0b-4885-b447-d012ac72ee9c",
            "ticker": "HIGHNY-24MAY24-B81.5",
            "count": 1,
            "created_time": "2024-05-24T17:52:51.496475Z",
            "yes_price": 1,
            "no_price": 99,
            "taker_side": "no"
        },
        {
            "trade_id": "9e752a0e-a768-42cd-a19c-1ec91979aa88",
            "ticker": "HIGHNY-24MAY24-B81.5",
            "count": 2,
            "created_time": "2024-05-24T17:52:51.496475Z",
            "yes_price": 1,
            "no_price": 99,
            "taker_side": "no"
        },
        {
            "trade_id": "a87eec4f-3eb4-43dc-9fa5-509cc6971a3a",
            "ticker": "HIGHNY-24MAY24-B81.5",
            "count": 60,
            "created_time": "2024-05-24T14:02:07.115008Z",
            "yes_price": 7,
            "no_price": 93,
            "taker_side": "no"
        },
        {
            "trade_id": "f50bacce-f48e-4580-9e5b-5f329b8d6324",
            "ticker": "HIGHNY-24MAY24-B81.5",
            "count": 67,
            "created_time": "2024-05-24T14:01:54.674514Z",
            "yes_price": 8,
            "no_price": 92,
            "taker_side": "no"
        },
        {
            "trade_id": "79216ef9-a6d1-423d-b932-2950f3b96b95",
            "ticker": "HIGHNY-24MAY24-B81.5",
            "count": 45,
            "created_time": "2024-05-24T14:01:39.444604Z",
            "yes_price": 9,
            "no_price": 91,
            "taker_side": "no"
        },
        {
            "trade_id": "a7fb2739-3969-4319-bab0-895b03447bbd",
            "ticker": "HIGHNY-24MAY24-B81.5",
            "count": 75,
            "created_time": "2024-05-24T13:43:14.250258Z",
            "yes_price": 9,
            "no_price": 91,
            "taker_side": "no"
        },
        {
            "trade_id": "696054ef-db99-4e16-ba04-470b1341e92c",
            "ticker": "HIGHNY-24MAY24-B81.5",
            "count": 14,
            "created_time": "2024-05-24T13:43:14.250258Z",
            "yes_price": 10,
            "no_price": 90,
            "taker_side": "no"
        },
        {
            "trade_id": "8e01f1d4-faf6-4716-ad3d-4be8dfbb66d0",
            "ticker": "HIGHNY-24MAY24-B81.5",
            "count": 10,
            "created_time": "2024-05-24T13:33:32.069488Z",
            "yes_price": 10,
            "no_price": 90,
            "taker_side": "no"
        },
        {
            "trade_id": "94380901-c25f-4953-80b5-ec2193b7db22",
            "ticker": "HIGHNY-24MAY24-B81.5",
            "count": 9,
            "created_time": "2024-05-24T13:04:56.086152Z",
            "yes_price": 10,
            "no_price": 90,
            "taker_side": "no"
        },
        {
            "trade_id": "38fa9389-0adb-42d4-aea8-23e04e19dce4",
            "ticker": "HIGHNY-24MAY24-B81.5",
            "count": 120,
            "created_time": "2024-05-24T12:27:06.073846Z",
            "yes_price": 11,
            "no_price": 89,
            "taker_side": "no"
        },
        {
            "trade_id": "21a29cbb-13c4-4986-ae60-4a204edb96a6",
            "ticker": "HIGHNY-24MAY24-B81.5",
            "count": 12,
            "created_time": "2024-05-24T12:27:06.073846Z",
            "yes_price": 12,
            "no_price": 88,
            "taker_side": "no"
        },
        {
            "trade_id": "9e8b3e1d-2dfc-403d-87f1-2cba2e2919aa",
            "ticker": "HIGHNY-24MAY24-B81.5",
            "count": 108,
            "created_time": "2024-05-24T12:26:44.572786Z",
            "yes_price": 12,
            "no_price": 88,
            "taker_side": "no"
        },
        {
            "trade_id": "8aa83e32-a1b5-43c9-b80b-c3a32737371c",
            "ticker": "HIGHNY-24MAY24-B81.5",
            "count": 10,
            "created_time": "2024-05-24T00:25:31.198342Z",
            "yes_price": 13,
            "no_price": 87,
            "taker_side": "no"
        },
        {
            "trade_id": "4424f88b-8af3-4471-babf-4c9217ac14ef",
            "ticker": "HIGHNY-24MAY24-B81.5",
            "count": 75,
            "created_time": "2024-05-23T21:32:29.900463Z",
            "yes_price": 15,
            "no_price": 85,
            "taker_side": "no"
        },
        {
            "trade_id": "7588f301-748e-4ab0-b622-20a0a1fb31e6",
            "ticker": "HIGHNY-24MAY24-B81.5",
            "count": 18,
            "created_time": "2024-05-23T21:08:56.041646Z",
            "yes_price": 15,
            "no_price": 85,
            "taker_side": "no"
        },
        {
            "trade_id": "fcc3f0f2-ceb6-44d2-a1cb-8be060cb5f40",
            "ticker": "HIGHNY-24MAY24-B81.5",
            "count": 2,
            "created_time": "2024-05-23T20:54:31.45763Z",
            "yes_price": 15,
            "no_price": 85,
            "taker_side": "no"
        },
        {
            "trade_id": "444c6bfd-2099-4ea1-9492-4e00441c76b6",
            "ticker": "HIGHNY-24MAY24-B81.5",
            "count": 30,
            "created_time": "2024-05-23T17:48:31.084567Z",
            "yes_price": 15,
            "no_price": 85,
            "taker_side": "no"
        },
        {
            "trade_id": "e4ea0fd0-a464-405f-ba1b-91b1d60c2199",
            "ticker": "HIGHNY-24MAY24-B81.5",
            "count": 30,
            "created_time": "2024-05-23T17:48:27.20214Z",
            "yes_price": 15,
            "no_price": 85,
            "taker_side": "no"
        },
        {
            "trade_id": "98f4a3e6-e6ef-4f05-82f5-918b8a0c2397",
            "ticker": "HIGHNY-24MAY24-B81.5",
            "count": 45,
            "created_time": "2024-05-23T17:44:32.050873Z",
            "yes_price": 15,
            "no_price": 85,
            "taker_side": "no"
        },
        {
            "trade_id": "2f61d490-4085-416a-bc80-be39520343d4",
            "ticker": "HIGHNY-24MAY24-B81.5",
            "count": 15,
            "created_time": "2024-05-23T17:44:32.050873Z",
            "yes_price": 16,
            "no_price": 84,
            "taker_side": "no"
        },
        {
            "trade_id": "95faf6dc-3084-4b20-8081-ce71d47b5b64",
            "ticker": "HIGHNY-24MAY24-B81.5",
            "count": 60,
            "created_time": "2024-05-23T17:44:27.637504Z",
            "yes_price": 16,
            "no_price": 84,
            "taker_side": "no"
        },
        {
            "trade_id": "b8bddaaa-4056-40d1-a394-9baaac22031a",
            "ticker": "HIGHNY-24MAY24-B81.5",
            "count": 15,
            "created_time": "2024-05-23T17:40:36.262921Z",
            "yes_price": 16,
            "no_price": 84,
            "taker_side": "no"
        },
        {
            "trade_id": "0253d3c7-4869-4f5e-bf56-06c225fa2ad7",
            "ticker": "HIGHNY-24MAY24-B81.5",
            "count": 60,
            "created_time": "2024-05-23T15:59:42.358036Z",
            "yes_price": 20,
            "no_price": 80,
            "taker_side": "yes"
        },
        {
            "trade_id": "ab62cc03-a3a8-479e-8f34-f7385f1a3281",
            "ticker": "HIGHNY-24MAY24-B81.5",
            "count": 32,
            "created_time": "2024-05-23T15:53:19.894093Z",
            "yes_price": 17,
            "no_price": 83,
            "taker_side": "yes"
        },
        {
            "trade_id": "58e53642-c0d6-495c-b637-1c016bec27e5",
            "ticker": "HIGHNY-24MAY24-B81.5",
            "count": 11,
            "created_time": "2024-05-23T14:41:16.916498Z",
            "yes_price": 21,
            "no_price": 79,
            "taker_side": "yes"
        },
        {
            "trade_id": "a5ada3a8-dac2-4a6f-8dde-c48ae5ef5b52",
            "ticker": "HIGHNY-24MAY24-B81.5",
            "count": 41,
            "created_time": "2024-05-23T14:41:08.553153Z",
            "yes_price": 20,
            "no_price": 80,
            "taker_side": "yes"
        },
        {
            "trade_id": "5d0f2811-4615-4195-a87b-f5730d953541",
            "ticker": "HIGHNY-24MAY24-B81.5",
            "count": 1,
            "created_time": "2024-05-23T14:37:07.41876Z",
            "yes_price": 19,
            "no_price": 81,
            "taker_side": "yes"
        },
        {
            "trade_id": "edd72483-aaf9-456b-99a4-a9c28c91a8b3",
            "ticker": "HIGHNY-24MAY24-B81.5",
            "count": 48,
            "created_time": "2024-05-23T14:13:45.233842Z",
            "yes_price": 20,
            "no_price": 80,
            "taker_side": "yes"
        },
        {
            "trade_id": "99d5e9f3-5256-4688-a4ed-6aeccad93bed",
            "ticker": "HIGHNY-24MAY24-B81.5",
            "count": 48,
            "created_time": "2024-05-23T14:13:45.233842Z",
            "yes_price": 19,
            "no_price": 81,
            "taker_side": "yes"
        },
        {
            "trade_id": "1faa12c4-56e3-4d55-9bc6-15bc67ec8c3c",
            "ticker": "HIGHNY-24MAY24-B81.5",
            "count": 14,
            "created_time": "2024-05-23T14:13:45.233842Z",
            "yes_price": 17,
            "no_price": 83,
            "taker_side": "yes"
        }
    ],
    "HIGHNY-24MAY24-B83.5": [
        {
            "trade_id": "8523f2fc-2c23-4467-ae36-f1b0dfd3ea07",
            "ticker": "HIGHNY-24MAY24-B83.5",
            "count": 1,
            "created_time": "2024-05-25T03:12:05.761455Z",
            "yes_price": 97,
            "no_price": 3,
            "taker_side": "no"
        },
        {
            "trade_id": "298d4772-58fe-4efb-9bc8-ebb5a30d42cc",
            "ticker": "HIGHNY-24MAY24-B83.5",
            "count": 1,
            "created_time": "2024-05-24T22:46:23.946104Z",
            "yes_price": 99,
            "no_price": 1,
            "taker_side": "yes"
        },
        {
            "trade_id": "981cb642-f60a-4072-aaf3-6e06dce8440f",
            "ticker": "HIGHNY-24MAY24-B83.5",
            "count": 1,
            "created_time": "2024-05-24T18:02:06.860328Z",
            "yes_price": 68,
            "no_price": 32,
            "taker_side": "yes"
        },
        {
            "trade_id": "b915f0f3-215e-4112-9493-1bde505bbe63",
            "ticker": "HIGHNY-24MAY24-B83.5",
            "count": 12,
            "created_time": "2024-05-24T17:56:29.393976Z",
            "yes_price": 47,
            "no_price": 53,
            "taker_side": "yes"
        },
        {
            "trade_id": "123d91c9-b603-46ad-b8c6-9eb563bd29b9",
            "ticker": "HIGHNY-24MAY24-B83.5",
            "count": 11,
            "created_time": "2024-05-24T17:56:29.393976Z",
            "yes_price": 48,
            "no_price": 52,
            "taker_side": "yes"
        },
        {
            "trade_id": "6d53df4e-b1cb-4a06-9dea-9839876caaff",
            "ticker": "HIGHNY-24MAY24-B83.5",
            "count": 37,
            "created_time": "2024-05-24T17:43:08.786006Z",
            "yes_price": 47,
            "no_price": 53,
            "taker_side": "yes"
        },
        {
            "trade_id": "5a87ee9b-f987-4032-b06d-69aaa9acbd48",
            "ticker": "HIGHNY-24MAY24-B83.5",
            "count": 1,
            "created_time": "2024-05-24T17:43:08.786006Z",
            "yes_price": 39,
            "no_price": 61,
            "taker_side": "yes"
        },
        {
            "trade_id": "530bf1f0-36c2-495b-8ae8-f8a590900fb4",
            "ticker": "HIGHNY-24MAY24-B83.5",
            "count": 3,
            "created_time": "2024-05-24T17:43:08.786006Z",
            "yes_price": 40,
            "no_price": 60,
            "taker_side": "yes"
        },
        {
            "trade_id": "cbc1eddf-6315-46f2-8b90-ee1efa05e397",
            "ticker": "HIGHNY-24MAY24-B83.5",
            "count": 1,
            "created_time": "2024-05-24T16:44:41.014463Z",
            "yes_price": 15,
            "no_price": 85,
            "taker_side": "no"
        },
        {
            "trade_id": "d6924ca1-0d92-465f-a32f-f69ca0881df3",
            "ticker": "HIGHNY-24MAY24-B83.5",
            "count": 20,
            "created_time": "2024-05-24T13:53:09.602072Z",
            "yes_price": 37,
            "no_price": 63,
            "taker_side": "no"
        },
        {
            "trade_id": "591f517e-366f-4d91-b71d-2a7656fa262d",
            "ticker": "HIGHNY-24MAY24-B83.5",
            "count": 10,
            "created_time": "2024-05-24T13:53:09.602072Z",
            "yes_price": 35,
            "no_price": 65,
            "taker_side": "no"
        },
        {
            "trade_id": "5898babb-4a10-41e2-872f-af20870c989d",
            "ticker": "HIGHNY-24MAY24-B83.5",
            "count": 75,
            "created_time": "2024-05-24T13:43:32.344335Z",
            "yes_price": 37,
            "no_price": 63,
            "taker_side": "no"
        },
        {
            "trade_id": "5c0551ea-a3a0-4079-9c45-d0c83e8976d1",
            "ticker": "HIGHNY-24MAY24-B83.5",
            "count": 27,
            "created_time": "2024-05-24T13:42:53.466371Z",
            "yes_price": 39,
            "no_price": 61,
            "taker_side": "no"
        },
        {
            "trade_id": "f74277bb-8b88-43e3-8ea9-145b9d7bdb01",
            "ticker": "HIGHNY-24MAY24-B83.5",
            "count": 10,
            "created_time": "2024-05-24T13:33:23.448836Z",
            "yes_price": 39,
            "no_price": 61,
            "taker_side": "no"
        },
        {
            "trade_id": "47aa9fc3-bc63-4fa2-bd18-5188b6d545ad",
            "ticker": "HIGHNY-24MAY24-B83.5",
            "count": 54,
            "created_time": "2024-05-24T13:20:12.251555Z",
            "yes_price": 38,
            "no_price": 62,
            "taker_side": "no"
        },
        {
            "trade_id": "8fd5cf6d-5fe4-4a8a-a2a6-5cc8285af172",
            "ticker": "HIGHNY-24MAY24-B83.5",
            "count": 20,
            "created_time": "2024-05-24T13:15:33.375668Z",
            "yes_price": 39,
            "no_price": 61,
            "taker_side": "no"
        },
        {
            "trade_id": "8555f833-abee-42f1-869a-8bcf9519d28f",
            "ticker": "HIGHNY-24MAY24-B83.5",
            "count": 9,
            "created_time": "2024-05-24T13:04:56.07072Z",
            "yes_price": 40,
            "no_price": 60,
            "taker_side": "no"
        },
        {
            "trade_id": "bb541104-65e3-4b58-a01b-7850c1a66fcb",
            "ticker": "HIGHNY-24MAY24-B83.5",
            "count": 2,
            "created_time": "2024-05-24T12:40:37.435998Z",
            "yes_price": 47,
            "no_price": 53,
            "taker_side": "yes"
        },
        {
            "trade_id": "b8db38ce-3050-4144-a451-6985a182e5bc",
            "ticker": "HIGHNY-24MAY24-B83.5",
            "count": 20,
            "created_time": "2024-05-24T12:39:04.427145Z",
            "yes_price": 47,
            "no_price": 53,
            "taker_side": "yes"
        },
        {
            "trade_id": "cbc70d58-b368-489c-8379-1a49083166b4",
            "ticker": "HIGHNY-24MAY24-B83.5",
            "count": 12,
            "created_time": "2024-05-24T12:29:01.144345Z",
            "yes_price": 41,
            "no_price": 59,
            "taker_side": "no"
        },
        {
            "trade_id": "c14d8ae7-2703-4853-b141-90ceefe81774",
            "ticker": "HIGHNY-24MAY24-B83.5",
            "count": 36,
            "created_time": "2024-05-24T12:26:54.139557Z",
            "yes_price": 40,
            "no_price": 60,
            "taker_side": "no"
        },
        {
            "trade_id": "1a932c23-f076-421e-a145-6f99c6da810b",
            "ticker": "HIGHNY-24MAY24-B83.5",
            "count": 20,
            "created_time": "2024-05-24T12:26:31.673193Z",
            "yes_price": 40,
            "no_price": 60,
            "taker_side": "no"
        },
        {
            "trade_id": "18729736-0422-4403-a51f-61306761fe4e",
            "ticker": "HIGHNY-24MAY24-B83.5",
            "count": 10,
            "created_time": "2024-05-24T12:25:53.589597Z",
            "yes_price": 40,
            "no_price": 60,
            "taker_side": "no"
        },
        {
            "trade_id": "8c0cb166-ea0a-41da-8e35-4e43285ee0b3",
            "ticker": "HIGHNY-24MAY24-B83.5",
            "count": 15,
            "created_time": "2024-05-24T12:25:34.161314Z",
            "yes_price": 40,
            "no_price": 60,
            "taker_side": "no"
        },
        {
            "trade_id": "af4cf965-99b2-4792-9f4d-c25214bcc0a6",
            "ticker": "HIGHNY-24MAY24-B83.5",
            "count": 11,
            "created_time": "2024-05-24T12:25:27.748174Z",
            "yes_price": 47,
            "no_price": 53,
            "taker_side": "yes"
        },
        {
            "trade_id": "bdbb5c07-2fbf-459f-b359-1fb481dfd6e8",
            "ticker": "HIGHNY-24MAY24-B83.5",
            "count": 60,
            "created_time": "2024-05-24T12:25:16.844578Z",
            "yes_price": 46,
            "no_price": 54,
            "taker_side": "yes"
        },
        {
            "trade_id": "669702b8-717e-48d8-811b-584e63468084",
            "ticker": "HIGHNY-24MAY24-B83.5",
            "count": 48,
            "created_time": "2024-05-24T12:23:49.362788Z",
            "yes_price": 40,
            "no_price": 60,
            "taker_side": "no"
        },
        {
            "trade_id": "a1881baf-a00f-4a56-b166-2be263e16518",
            "ticker": "HIGHNY-24MAY24-B83.5",
            "count": 75,
            "created_time": "2024-05-24T00:51:57.1311Z",
            "yes_price": 33,
            "no_price": 67,
            "taker_side": "yes"
        },
        {
            "trade_id": "c649af4c-8c4d-463d-bff6-cd7c2075a8b9",
            "ticker": "HIGHNY-24MAY24-B83.5",
            "count": 60,
            "created_time": "2024-05-24T00:51:36.811087Z",
            "yes_price": 32,
            "no_price": 68,
            "taker_side": "yes"
        },
        {
            "trade_id": "9613e07a-1a75-4548-8d15-5cfcea4a1ba6",
            "ticker": "HIGHNY-24MAY24-B83.5",
            "count": 75,
            "created_time": "2024-05-24T00:36:13.654771Z",
            "yes_price": 32,
            "no_price": 68,
            "taker_side": "yes"
        },
        {
            "trade_id": "491ba12d-cdde-4b3a-9549-5638b3b9863a",
            "ticker": "HIGHNY-24MAY24-B83.5",
            "count": 30,
            "created_time": "2024-05-24T00:35:59.502337Z",
            "yes_price": 31,
            "no_price": 69,
            "taker_side": "yes"
        },
        {
            "trade_id": "715bf34b-45a7-4986-b079-625cb98869c1",
            "ticker": "HIGHNY-24MAY24-B83.5",
            "count": 10,
            "created_time": "2024-05-24T00:25:23.40504Z",
            "yes_price": 25,
            "no_price": 75,
            "taker_side": "no"
        },
        {
            "trade_id": "826938c2-2a00-4903-a9ec-144300c8a668",
            "ticker": "HIGHNY-24MAY24-B83.5",
            "count": 2,
            "created_time": "2024-05-24T00:13:32.235296Z",
            "yes_price": 24,
            "no_price": 76,
            "taker_side": "no"
        },
        {
            "trade_id": "2d36c04d-8051-4402-91dc-070c9141d165",
            "ticker": "HIGHNY-24MAY24-B83.5",
            "count": 30,
            "created_time": "2024-05-24T00:13:32.235296Z",
            "yes_price": 26,
            "no_price": 74,
            "taker_side": "no"
        },
        {
            "trade_id": "f01cc4bb-705d-48f5-b4f4-dfe28a668635",
            "ticker": "HIGHNY-24MAY24-B83.5",
            "count": 1,
            "created_time": "2024-05-23T23:20:12.141014Z",
            "yes_price": 23,
            "no_price": 77,
            "taker_side": "yes"
        },
        {
            "trade_id": "e27a9735-f3d8-41ec-8f91-22f6e0716d69",
            "ticker": "HIGHNY-24MAY24-B83.5",
            "count": 28,
            "created_time": "2024-05-23T23:19:50.634242Z",
            "yes_price": 23,
            "no_price": 77,
            "taker_side": "yes"
        },
        {
            "trade_id": "954ea468-05d5-4278-918d-291675d8abc7",
            "ticker": "HIGHNY-24MAY24-B83.5",
            "count": 18,
            "created_time": "2024-05-23T21:08:56.039019Z",
            "yes_price": 18,
            "no_price": 82,
            "taker_side": "no"
        },
        {
            "trade_id": "113e10f7-74ae-463f-ab3a-aeded1351530",
            "ticker": "HIGHNY-24MAY24-B83.5",
            "count": 60,
            "created_time": "2024-05-23T20:44:30.710843Z",
            "yes_price": 18,
            "no_price": 82,
            "taker_side": "no"
        },
        {
            "trade_id": "ec715114-d1e2-4edf-886e-9da860a88e9b",
            "ticker": "HIGHNY-24MAY24-B83.5",
            "count": 100,
            "created_time": "2024-05-23T20:44:30.684761Z",
            "yes_price": 20,
            "no_price": 80,
            "taker_side": "no"
        },
        {
            "trade_id": "22a0f043-50aa-4a9c-a6d8-69e06624c27b",
            "ticker": "HIGHNY-24MAY24-B83.5",
            "count": 50,
            "created_time": "2024-05-23T20:44:30.684761Z",
            "yes_price": 22,
            "no_price": 78,
            "taker_side": "no"
        },
        {
            "trade_id": "19a98b7f-67d4-47a8-8c3c-ad33fafce245",
            "ticker": "HIGHNY-24MAY24-B83.5",
            "count": 10,
            "created_time": "2024-05-23T18:43:31.871143Z",
            "yes_price": 24,
            "no_price": 76,
            "taker_side": "yes"
        },
        {
            "trade_id": "cae44c80-6174-4d04-af08-0450990a0248",
            "ticker": "HIGHNY-24MAY24-B83.5",
            "count": 50,
            "created_time": "2024-05-23T17:48:27.046766Z",
            "yes_price": 24,
            "no_price": 76,
            "taker_side": "no"
        },
        {
            "trade_id": "70a45691-d105-40a9-9967-477b5f2c916c",
            "ticker": "HIGHNY-24MAY24-B83.5",
            "count": 5,
            "created_time": "2024-05-23T17:44:27.740916Z",
            "yes_price": 26,
            "no_price": 74,
            "taker_side": "no"
        },
        {
            "trade_id": "f358585b-70f3-4a92-bb94-f678a0b6ab57",
            "ticker": "HIGHNY-24MAY24-B83.5",
            "count": 45,
            "created_time": "2024-05-23T17:40:29.886868Z",
            "yes_price": 26,
            "no_price": 74,
            "taker_side": "no"
        },
        {
            "trade_id": "754c45ad-d72e-448f-b1c5-effd56d62e39",
            "ticker": "HIGHNY-24MAY24-B83.5",
            "count": 30,
            "created_time": "2024-05-23T16:11:38.538162Z",
            "yes_price": 29,
            "no_price": 71,
            "taker_side": "yes"
        },
        {
            "trade_id": "12f68d28-2a55-4aed-8c64-839002745321",
            "ticker": "HIGHNY-24MAY24-B83.5",
            "count": 2,
            "created_time": "2024-05-23T16:11:38.538162Z",
            "yes_price": 31,
            "no_price": 69,
            "taker_side": "yes"
        },
        {
            "trade_id": "1c2ead97-fc73-4665-bc77-073f49b49e84",
            "ticker": "HIGHNY-24MAY24-B83.5",
            "count": 1,
            "created_time": "2024-05-23T15:54:48.804578Z",
            "yes_price": 29,
            "no_price": 71,
            "taker_side": "yes"
        }
    ],
    "HIGHNY-24MAY24-B85.5": [
        {
            "trade_id": "3569c4fc-52f5-490f-ad2e-5a96f4b730b1",
            "ticker": "HIGHNY-24MAY24-B85.5",
            "count": 29,
            "created_time": "2024-05-25T03:05:19.656936Z",
            "yes_price": 3,
            "no_price": 97,
            "taker_side": "yes"
        },
        {
            "trade_id": "d28cb638-ac5f-401e-b620-d900a8eec6a4",
            "ticker": "HIGHNY-24MAY24-B85.5",
            "count": 2,
            "created_time": "2024-05-24T20:11:08.10209Z",
            "yes_price": 1,
            "no_price": 99,
            "taker_side": "no"
        },
        {
            "trade_id": "6766c4d7-3eaa-4b72-9624-e01f1e2cb816",
            "ticker": "HIGHNY-24MAY24-B85.5",
            "count": 28,
            "created_time": "2024-05-24T19:29:21.690029Z",
            "yes_price": 33,
            "no_price": 67,
            "taker_side": "yes"
        },
        {
            "trade_id": "fda9d0e9-1997-457e-bd1d-8b54c30503b0",
            "ticker": "HIGHNY-24MAY24-B85.5",
            "count": 1,
            "created_time": "2024-05-24T18:02:06.92494Z",
            "yes_price": 33,
            "no_price": 67,
            "taker_side": "no"
        },
        {
            "trade_id": "f568e39b-8d17-40be-85ed-96e10f0d9319",
            "ticker": "HIGHNY-24MAY24-B85.5",
            "count": 2,
            "created_time": "2024-05-24T17:41:12.994829Z",
            "yes_price": 34,
            "no_price": 66,
            "taker_side": "no"
        },
        {
            "trade_id": "9c695bef-78e9-401a-95e2-372ec623d01a",
            "ticker": "HIGHNY-24MAY24-B85.5",
            "count": 27,
            "created_time": "2024-05-24T17:41:12.994829Z",
            "yes_price": 33,
            "no_price": 67,
            "taker_side": "no"
        },
        {
            "trade_id": "809547ac-792d-46f0-afb4-975083064f03",
            "ticker": "HIGHNY-24MAY24-B85.5",
            "count": 2,
            "created_time": "2024-05-24T17:04:44.974381Z",
            "yes_price": 58,
            "no_price": 42,
            "taker_side": "yes"
        },
        {
            "trade_id": "09c49b04-175b-4c66-b8fa-76f222ceb456",
            "ticker": "HIGHNY-24MAY24-B85.5",
            "count": 1,
            "created_time": "2024-05-24T17:04:44.974381Z",
            "yes_price": 59,
            "no_price": 41,
            "taker_side": "yes"
        },
        {
            "trade_id": "e6c076c1-840c-4045-bdb3-f6f79f8d40c1",
            "ticker": "HIGHNY-24MAY24-B85.5",
            "count": 1,
            "created_time": "2024-05-24T16:45:45.016903Z",
            "yes_price": 45,
            "no_price": 55,
            "taker_side": "no"
        },
        {
            "trade_id": "0d5bdc15-3239-4c02-8d9d-8c8421019b5b",
            "ticker": "HIGHNY-24MAY24-B85.5",
            "count": 1,
            "created_time": "2024-05-24T16:45:45.016903Z",
            "yes_price": 33,
            "no_price": 67,
            "taker_side": "no"
        },
        {
            "trade_id": "20ac6a1e-82dc-4181-be35-f762aaa9be25",
            "ticker": "HIGHNY-24MAY24-B85.5",
            "count": 2,
            "created_time": "2024-05-24T16:43:55.204149Z",
            "yes_price": 45,
            "no_price": 55,
            "taker_side": "no"
        },
        {
            "trade_id": "41f05618-d4c9-42ad-9d4b-09d61532a866",
            "ticker": "HIGHNY-24MAY24-B85.5",
            "count": 10,
            "created_time": "2024-05-24T13:33:49.582935Z",
            "yes_price": 44,
            "no_price": 56,
            "taker_side": "yes"
        },
        {
            "trade_id": "8e12e254-80b3-47c9-9b06-bd3e8cacd93f",
            "ticker": "HIGHNY-24MAY24-B85.5",
            "count": 53,
            "created_time": "2024-05-24T13:14:15.660905Z",
            "yes_price": 44,
            "no_price": 56,
            "taker_side": "yes"
        },
        {
            "trade_id": "bf47e84e-52b8-42b6-8b0c-4559af62e670",
            "ticker": "HIGHNY-24MAY24-B85.5",
            "count": 18,
            "created_time": "2024-05-24T13:14:07.737018Z",
            "yes_price": 41,
            "no_price": 59,
            "taker_side": "yes"
        },
        {
            "trade_id": "6bcce516-0053-4de6-ba76-0e4073a7b356",
            "ticker": "HIGHNY-24MAY24-B85.5",
            "count": 37,
            "created_time": "2024-05-24T13:14:07.737018Z",
            "yes_price": 44,
            "no_price": 56,
            "taker_side": "yes"
        },
        {
            "trade_id": "2dc5f1d0-11af-499e-9d1f-77dfe4287603",
            "ticker": "HIGHNY-24MAY24-B85.5",
            "count": 9,
            "created_time": "2024-05-24T13:04:56.100933Z",
            "yes_price": 36,
            "no_price": 64,
            "taker_side": "no"
        },
        {
            "trade_id": "6286a3ce-1be3-4a52-8b09-5456a2067d21",
            "ticker": "HIGHNY-24MAY24-B85.5",
            "count": 10,
            "created_time": "2024-05-24T12:46:57.04472Z",
            "yes_price": 41,
            "no_price": 59,
            "taker_side": "yes"
        },
        {
            "trade_id": "49ba6289-44bd-4f50-a9d4-e9e10824c1cb",
            "ticker": "HIGHNY-24MAY24-B85.5",
            "count": 12,
            "created_time": "2024-05-24T12:46:57.04472Z",
            "yes_price": 44,
            "no_price": 56,
            "taker_side": "yes"
        },
        {
            "trade_id": "17f67e3c-ab90-4a4c-bcd8-58d2b881bec0",
            "ticker": "HIGHNY-24MAY24-B85.5",
            "count": 4,
            "created_time": "2024-05-24T12:43:54.484376Z",
            "yes_price": 41,
            "no_price": 59,
            "taker_side": "yes"
        },
        {
            "trade_id": "0be587e8-c3c9-4786-a167-7232a5b5e5b8",
            "ticker": "HIGHNY-24MAY24-B85.5",
            "count": 56,
            "created_time": "2024-05-24T12:43:54.484376Z",
            "yes_price": 41,
            "no_price": 59,
            "taker_side": "yes"
        },
        {
            "trade_id": "6896e343-b1ff-4627-8b5b-e32790538e4f",
            "ticker": "HIGHNY-24MAY24-B85.5",
            "count": 10,
            "created_time": "2024-05-24T12:43:43.31631Z",
            "yes_price": 40,
            "no_price": 60,
            "taker_side": "yes"
        },
        {
            "trade_id": "bd8e7c2a-26e0-45b2-8095-813c38cd9636",
            "ticker": "HIGHNY-24MAY24-B85.5",
            "count": 2,
            "created_time": "2024-05-24T12:40:30.360594Z",
            "yes_price": 40,
            "no_price": 60,
            "taker_side": "yes"
        },
        {
            "trade_id": "c8119448-9dab-4eed-ac9a-e9d1a0e5a5ba",
            "ticker": "HIGHNY-24MAY24-B85.5",
            "count": 24,
            "created_time": "2024-05-24T12:27:44.267801Z",
            "yes_price": 35,
            "no_price": 65,
            "taker_side": "no"
        },
        {
            "trade_id": "7e8c8c69-a250-4ac8-9cfb-c86233b298e3",
            "ticker": "HIGHNY-24MAY24-B85.5",
            "count": 24,
            "created_time": "2024-05-24T12:27:15.061841Z",
            "yes_price": 35,
            "no_price": 65,
            "taker_side": "no"
        },
        {
            "trade_id": "91c02a4b-3572-4165-af44-3fe6a9c4225d",
            "ticker": "HIGHNY-24MAY24-B85.5",
            "count": 76,
            "created_time": "2024-05-24T12:24:05.30212Z",
            "yes_price": 39,
            "no_price": 61,
            "taker_side": "no"
        },
        {
            "trade_id": "e1a0bec7-aa70-4342-80f5-ab3bb1d8e632",
            "ticker": "HIGHNY-24MAY24-B85.5",
            "count": 24,
            "created_time": "2024-05-24T12:23:19.939108Z",
            "yes_price": 39,
            "no_price": 61,
            "taker_side": "yes"
        },
        {
            "trade_id": "0c2e5a7a-ea8b-4ea4-a24a-741b9f7559d2",
            "ticker": "HIGHNY-24MAY24-B85.5",
            "count": 53,
            "created_time": "2024-05-24T12:05:03.625966Z",
            "yes_price": 39,
            "no_price": 61,
            "taker_side": "yes"
        },
        {
            "trade_id": "fd964919-2eeb-44d2-aff1-a0d6257babdb",
            "ticker": "HIGHNY-24MAY24-B85.5",
            "count": 50,
            "created_time": "2024-05-24T01:11:00.12036Z",
            "yes_price": 34,
            "no_price": 66,
            "taker_side": "yes"
        },
        {
            "trade_id": "02af6483-e282-4d61-8d9e-43907bf58d58",
            "ticker": "HIGHNY-24MAY24-B85.5",
            "count": 90,
            "created_time": "2024-05-24T00:57:15.837903Z",
            "yes_price": 33,
            "no_price": 67,
            "taker_side": "yes"
        },
        {
            "trade_id": "8f35c743-1f71-4fb9-9ed9-787178d32f4e",
            "ticker": "HIGHNY-24MAY24-B85.5",
            "count": 75,
            "created_time": "2024-05-24T00:56:59.813562Z",
            "yes_price": 32,
            "no_price": 68,
            "taker_side": "yes"
        },
        {
            "trade_id": "2cf1a93d-3bd8-442d-bbcc-d79df230b576",
            "ticker": "HIGHNY-24MAY24-B85.5",
            "count": 30,
            "created_time": "2024-05-24T00:56:46.453419Z",
            "yes_price": 31,
            "no_price": 69,
            "taker_side": "yes"
        },
        {
            "trade_id": "86114549-9058-4995-b156-3820974b04ae",
            "ticker": "HIGHNY-24MAY24-B85.5",
            "count": 10,
            "created_time": "2024-05-24T00:25:02.545681Z",
            "yes_price": 32,
            "no_price": 68,
            "taker_side": "yes"
        },
        {
            "trade_id": "d9dbd539-1616-4ff4-9ddd-6faf414b00ae",
            "ticker": "HIGHNY-24MAY24-B85.5",
            "count": 30,
            "created_time": "2024-05-23T21:57:17.336922Z",
            "yes_price": 30,
            "no_price": 70,
            "taker_side": "yes"
        },
        {
            "trade_id": "ad9bd19d-aed2-46b7-af75-deff83d13dae",
            "ticker": "HIGHNY-24MAY24-B85.5",
            "count": 1,
            "created_time": "2024-05-23T21:57:17.336922Z",
            "yes_price": 32,
            "no_price": 68,
            "taker_side": "yes"
        },
        {
            "trade_id": "114c6454-8954-4362-ac7c-039c51d93ef6",
            "ticker": "HIGHNY-24MAY24-B85.5",
            "count": 2,
            "created_time": "2024-05-23T21:34:59.586432Z",
            "yes_price": 31,
            "no_price": 69,
            "taker_side": "yes"
        },
        {
            "trade_id": "8b8caf00-4a47-49df-907d-2f0fcd0ca4e4",
            "ticker": "HIGHNY-24MAY24-B85.5",
            "count": 11,
            "created_time": "2024-05-23T21:34:19.857574Z",
            "yes_price": 29,
            "no_price": 71,
            "taker_side": "yes"
        },
        {
            "trade_id": "41d70d0a-c146-4921-9b1c-50788e11615c",
            "ticker": "HIGHNY-24MAY24-B85.5",
            "count": 60,
            "created_time": "2024-05-23T21:34:19.857574Z",
            "yes_price": 30,
            "no_price": 70,
            "taker_side": "yes"
        },
        {
            "trade_id": "cb5446ef-4f11-4d84-9dbc-d6297b2ce2b8",
            "ticker": "HIGHNY-24MAY24-B85.5",
            "count": 8,
            "created_time": "2024-05-23T21:13:11.203506Z",
            "yes_price": 27,
            "no_price": 73,
            "taker_side": "yes"
        },
        {
            "trade_id": "6ac52fe6-846a-418c-8b9e-5076c15e9d2f",
            "ticker": "HIGHNY-24MAY24-B85.5",
            "count": 18,
            "created_time": "2024-05-23T21:08:55.976395Z",
            "yes_price": 26,
            "no_price": 74,
            "taker_side": "yes"
        },
        {
            "trade_id": "eeef8ef8-d8bd-4048-a211-47b2a7fc95bd",
            "ticker": "HIGHNY-24MAY24-B85.5",
            "count": 1,
            "created_time": "2024-05-23T18:35:21.216891Z",
            "yes_price": 27,
            "no_price": 73,
            "taker_side": "no"
        }
    ],
    "HIGHNY-24MAY24-B87.5": [
        {
            "trade_id": "73da79e3-c95b-4009-abed-8a65764bd902",
            "ticker": "HIGHNY-24MAY24-B87.5",
            "count": 2,
            "created_time": "2024-05-24T19:32:20.587276Z",
            "yes_price": 1,
            "no_price": 99,
            "taker_side": "no"
        },
        {
            "trade_id": "9306b0f0-f056-4c84-96e8-b58e6b72f02f",
            "ticker": "HIGHNY-24MAY24-B87.5",
            "count": 1,
            "created_time": "2024-05-24T19:32:06.218656Z",
            "yes_price": 2,
            "no_price": 98,
            "taker_side": "no"
        },
        {
            "trade_id": "f5263520-ab0a-463b-8675-a778da146251",
            "ticker": "HIGHNY-24MAY24-B87.5",
            "count": 1,
            "created_time": "2024-05-24T18:02:06.913374Z",
            "yes_price": 2,
            "no_price": 98,
            "taker_side": "no"
        },
        {
            "trade_id": "c8fa34a4-9420-4c9a-87b3-1535fd149416",
            "ticker": "HIGHNY-24MAY24-B87.5",
            "count": 1,
            "created_time": "2024-05-24T13:04:55.989263Z",
            "yes_price": 35,
            "no_price": 65,
            "taker_side": "yes"
        },
        {
            "trade_id": "9522e7fa-b977-4a2b-819b-41d1579ee6cb",
            "ticker": "HIGHNY-24MAY24-B87.5",
            "count": 9,
            "created_time": "2024-05-24T13:04:55.989263Z",
            "yes_price": 34,
            "no_price": 66,
            "taker_side": "yes"
        },
        {
            "trade_id": "2417edfc-b78a-49c5-9991-c0d0d2273582",
            "ticker": "HIGHNY-24MAY24-B87.5",
            "count": 1,
            "created_time": "2024-05-24T13:04:55.989263Z",
            "yes_price": 65,
            "no_price": 35,
            "taker_side": "yes"
        },
        {
            "trade_id": "eff6fe0e-1cbf-4e53-b177-1d3254f1d217",
            "ticker": "HIGHNY-24MAY24-B87.5",
            "count": 10,
            "created_time": "2024-05-24T00:25:13.83851Z",
            "yes_price": 14,
            "no_price": 86,
            "taker_side": "no"
        },
        {
            "trade_id": "08ed5d4a-56f6-47ce-bead-24c3c3ab7660",
            "ticker": "HIGHNY-24MAY24-B87.5",
            "count": 33,
            "created_time": "2024-05-24T00:14:46.420733Z",
            "yes_price": 20,
            "no_price": 80,
            "taker_side": "yes"
        },
        {
            "trade_id": "242e81cb-c5ed-4469-9605-ca8eef938010",
            "ticker": "HIGHNY-24MAY24-B87.5",
            "count": 75,
            "created_time": "2024-05-23T21:31:12.613419Z",
            "yes_price": 26,
            "no_price": 74,
            "taker_side": "no"
        },
        {
            "trade_id": "0d86a318-5532-4b61-a488-0e47e4c66b5d",
            "ticker": "HIGHNY-24MAY24-B87.5",
            "count": 75,
            "created_time": "2024-05-23T21:31:12.613419Z",
            "yes_price": 24,
            "no_price": 76,
            "taker_side": "no"
        },
        {
            "trade_id": "74b649d9-11e8-4d53-9841-049b143999dc",
            "ticker": "HIGHNY-24MAY24-B87.5",
            "count": 7,
            "created_time": "2024-05-23T21:13:41.131748Z",
            "yes_price": 28,
            "no_price": 72,
            "taker_side": "yes"
        },
        {
            "trade_id": "043ae68b-40f0-4567-af15-253f97068587",
            "ticker": "HIGHNY-24MAY24-B87.5",
            "count": 17,
            "created_time": "2024-05-23T21:09:26.601789Z",
            "yes_price": 28,
            "no_price": 72,
            "taker_side": "yes"
        },
        {
            "trade_id": "0bcc46c6-8f9b-4aa0-ab64-2a3f6686849e",
            "ticker": "HIGHNY-24MAY24-B87.5",
            "count": 18,
            "created_time": "2024-05-23T21:08:56.064433Z",
            "yes_price": 26,
            "no_price": 74,
            "taker_side": "no"
        },
        {
            "trade_id": "d589556d-c03f-4b82-a77a-fab0380f0f0a",
            "ticker": "HIGHNY-24MAY24-B87.5",
            "count": 11,
            "created_time": "2024-05-23T20:44:30.785844Z",
            "yes_price": 23,
            "no_price": 77,
            "taker_side": "yes"
        },
        {
            "trade_id": "5a73c7fe-b318-40db-a80f-c1423f7e69b6",
            "ticker": "HIGHNY-24MAY24-B87.5",
            "count": 1,
            "created_time": "2024-05-23T18:35:21.728237Z",
            "yes_price": 21,
            "no_price": 79,
            "taker_side": "no"
        },
        {
            "trade_id": "72da556e-3f43-4b2e-a93f-54ef96414ad0",
            "ticker": "HIGHNY-24MAY24-B87.5",
            "count": 1,
            "created_time": "2024-05-23T17:30:37.776941Z",
            "yes_price": 14,
            "no_price": 86,
            "taker_side": "no"
        },
        {
            "trade_id": "dd723462-7ea9-42df-b2ae-51348f4322cb",
            "ticker": "HIGHNY-24MAY24-B87.5",
            "count": 2,
            "created_time": "2024-05-23T17:16:33.168933Z",
            "yes_price": 14,
            "no_price": 86,
            "taker_side": "no"
        },
        {
            "trade_id": "836e8e04-6d62-44a7-8222-0ed5b69d3898",
            "ticker": "HIGHNY-24MAY24-B87.5",
            "count": 120,
            "created_time": "2024-05-23T15:45:35.399424Z",
            "yes_price": 19,
            "no_price": 81,
            "taker_side": "yes"
        },
        {
            "trade_id": "a194cbf6-e4a6-454b-afae-b3231ef0aa61",
            "ticker": "HIGHNY-24MAY24-B87.5",
            "count": 30,
            "created_time": "2024-05-23T15:45:06.895329Z",
            "yes_price": 18,
            "no_price": 82,
            "taker_side": "yes"
        }
    ],
    "HIGHNY-24MAY24-T88": [
        {
            "trade_id": "408ebc7a-0b9f-4571-b360-48b28496e69c",
            "ticker": "HIGHNY-24MAY24-T88",
            "count": 1,
            "created_time": "2024-05-24T21:29:49.561898Z",
            "yes_price": 1,
            "no_price": 99,
            "taker_side": "no"
        },
        {
            "trade_id": "62acb61c-28f5-4fb4-bbac-e149ab8aab43",
            "ticker": "HIGHNY-24MAY24-T88",
            "count": 1,
            "created_time": "2024-05-24T18:02:06.914986Z",
            "yes_price": 1,
            "no_price": 99,
            "taker_side": "no"
        },
        {
            "trade_id": "97d13049-89e3-4d71-a2f0-f95d52915dae",
            "ticker": "HIGHNY-24MAY24-T88",
            "count": 1,
            "created_time": "2024-05-24T13:39:03.562658Z",
            "yes_price": 90,
            "no_price": 10,
            "taker_side": "yes"
        },
        {
            "trade_id": "921dacf9-dc98-4bf8-b554-e4c3e2d58eb3",
            "ticker": "HIGHNY-24MAY24-T88",
            "count": 1,
            "created_time": "2024-05-24T13:39:03.562658Z",
            "yes_price": 10,
            "no_price": 90,
            "taker_side": "yes"
        },
        {
            "trade_id": "1ff90bed-ce35-4e74-9b7a-c9c061efea1b",
            "ticker": "HIGHNY-24MAY24-T88",
            "count": 10,
            "created_time": "2024-05-24T12:22:33.079085Z",
            "yes_price": 1,
            "no_price": 99,
            "taker_side": "yes"
        },
        {
            "trade_id": "37e4049f-b854-466d-b8d5-f59dedd1d8df",
            "ticker": "HIGHNY-24MAY24-T88",
            "count": 10,
            "created_time": "2024-05-23T23:30:25.804184Z",
            "yes_price": 9,
            "no_price": 91,
            "taker_side": "no"
        },
        {
            "trade_id": "5af17d60-cb42-49a7-9859-71845ea2b72a",
            "ticker": "HIGHNY-24MAY24-T88",
            "count": 18,
            "created_time": "2024-05-23T21:08:56.044244Z",
            "yes_price": 17,
            "no_price": 83,
            "taker_side": "no"
        },
        {
            "trade_id": "0b0e1b40-583b-4783-bcfc-dbb4e6b97ed9",
            "ticker": "HIGHNY-24MAY24-T88",
            "count": 11,
            "created_time": "2024-05-23T20:44:30.881297Z",
            "yes_price": 17,
            "no_price": 83,
            "taker_side": "yes"
        },
        {
            "trade_id": "17b640d5-bbbe-4a01-9b8a-bf390a00e276",
            "ticker": "HIGHNY-24MAY24-T88",
            "count": 1,
            "created_time": "2024-05-23T18:35:22.296388Z",
            "yes_price": 8,
            "no_price": 92,
            "taker_side": "no"
        }
    ]
}