{
    "HIGHNY-24JUN05-T76": [
        {
            "trade_id": "5f0de9e5-c781-4b00-af9c-5f9299702754",
            "ticker": "HIGHNY-24JUN05-T76",
            "count": 184,
            "created_time": "2024-06-05T13:54:14.677896Z",
            "yes_price": 1,
            "no_price": 99,
            "taker_side": "no"
        },
        {
            "trade_id": "7261a2ce-7185-4f01-9d89-fcfa77a98215",
            "ticker": "HIGHNY-24JUN05-T76",
            "count": 6,
            "created_time": "2024-06-05T13:20:29.451419Z",
            "yes_price": 1,
            "no_price": 99,
            "taker_side": "no"
        },
        {
            "trade_id": "6e787dc7-116b-4276-bdf7-fd86a19c000e",
            "ticker": "HIGHNY-24JUN05-T76",
            "count": 10,
            "created_time": "2024-06-05T13:13:17.427984Z",
            "yes_price": 1,
            "no_price": 99,
            "taker_side": "no"
        }
    ],
    "HIGHNY-24JUN05-B76.5": [
        {
            "trade_id": "348d10de-ba8c-4cda-820d-21650cccedf6",
            "ticker": "HIGHNY-24JUN05-B76.5",
            "count": 205,
            "created_time": "2024-06-05T23:02:25.021883Z",
            "yes_price": 1,
            "no_price": 99,
            "taker_side": "yes"
        },
        {
            "trade_id": "893c9017-8d78-4aa0-9a9b-2ac0620659d1",
            "ticker": "HIGHNY-24JUN05-B76.5",
            "count": 33,
            "created_time": "2024-06-05T22:32:28.954249Z",
            "yes_price": 1,
            "no_price": 99,
            "taker_side": "yes"
        },
        {
            "trade_id": "b15aa85a-a4e4-43bf-88c3-0d759551b59e",
            "ticker": "HIGHNY-24JUN05-B76.5",
            "count": 805,
            "created_time": "2024-06-05T21:07:11.623521Z",
            "yes_price": 1,
            "no_price": 99,
            "taker_side": "yes"
        },
        {
            "trade_id": "a63f1da7-eb3d-4305-a1cd-dee1e073c150",
            "ticker": "HIGHNY-24JUN05-B76.5",
            "count": 165,
            "created_time": "2024-06-05T21:04:01.650916Z",
            "yes_price": 7,
            "no_price": 93,
            "taker_side": "no"
        },
        {
            "trade_id": "806da641-f542-48a0-a5e1-f36069c1e0ed",
            "ticker": "HIGHNY-24JUN05-B76.5",
            "count": 15,
            "created_time": "2024-06-05T21:04:01.650916Z",
            "yes_price": 1,
            "no_price": 99,
            "taker_side": "no"
        },
        {
            "trade_id": "62b78487-c958-4e49-a30a-5d042bd8b5a6",
            "ticker": "HIGHNY-24JUN05-B76.5",
            "count": 15,
            "created_time": "2024-06-05T21:04:01.650916Z",
            "yes_price": 6,
            "no_price": 94,
            "taker_side": "no"
        },
        {
            "trade_id": "cbf8fd5b-2568-4d8d-ad5b-291ffa8b1854",
            "ticker": "HIGHNY-24JUN05-B76.5",
            "count": 18,
            "created_time": "2024-06-05T20:08:52.311728Z",
            "yes_price": 15,
            "no_price": 85,
            "taker_side": "no"
        },
        {
            "trade_id": "95681984-b4ef-4206-a8af-0e8255c7bab6",
            "ticker": "HIGHNY-24JUN05-B76.5",
            "count": 15,
            "created_time": "2024-06-05T20:08:52.311728Z",
            "yes_price": 35,
            "no_price": 65,
            "taker_side": "no"
        },
        {
            "trade_id": "3fea7076-e789-48be-9c08-b4d6d0ee08ef",
            "ticker": "HIGHNY-24JUN05-B76.5",
            "count": 10,
            "created_time": "2024-06-05T18:36:42.100838Z",
            "yes_price": 7,
            "no_price": 93,
            "taker_side": "no"
        },
        {
            "trade_id": "58d98ac7-3f51-45ef-8435-3d10aaa097b9",
            "ticker": "HIGHNY-24JUN05-B76.5",
            "count": 198,
            "created_time": "2024-06-05T18:01:47.95353Z",
            "yes_price": 15,
            "no_price": 85,
            "taker_side": "yes"
        },
        {
            "trade_id": "77b03e54-748a-40c7-a4cc-f0b2c8a2b25d",
            "ticker": "HIGHNY-24JUN05-B76.5",
            "count": 246,
            "created_time": "2024-06-05T18:01:30.845113Z",
            "yes_price": 15,
            "no_price": 85,
            "taker_side": "no"
        },
        {
            "trade_id": "e16a176b-6747-4f11-b115-07064ad7ed36",
            "ticker": "HIGHNY-24JUN05-B76.5",
            "count": 15,
            "created_time": "2024-06-05T16:02:28.921755Z",
            "yes_price": 7,
            "no_price": 93,
            "taker_side": "no"
        },
        {
            "trade_id": "5d4c5b61-deb3-4766-b48c-ed383926b8eb",
            "ticker": "HIGHNY-24JUN05-B76.5",
            "count": 4,
            "created_time": "2024-06-05T14:04:57.00391Z",
            "yes_price": 6,
            "no_price": 94,
            "taker_side": "no"
        },
        {
            "trade_id": "630fc0c6-88c7-47c5-acd1-e0f3bc0347b1",
            "ticker": "HIGHNY-24JUN05-B76.5",
            "count": 101,
            "created_time": "2024-06-05T13:53:42.501767Z",
            "yes_price": 9,
            "no_price": 91,
            "taker_side": "no"
        },
        {
            "trade_id": "cc8201b4-89a0-4351-a716-cd3fea603f31",
            "ticker": "HIGHNY-24JUN05-B76.5",
            "count": 20,
            "created_time": "2024-06-05T13:37:44.60997Z",
            "yes_price": 14,
            "no_price": 86,
            "taker_side": "no"
        },
        {
            "trade_id": "6dff17c7-9c63-4959-a6f8-e5d4c52e2d49",
            "ticker": "HIGHNY-24JUN05-B76.5",
            "count": 7,
            "created_time": "2024-06-05T13:35:25.3233Z",
            "yes_price": 13,
            "no_price": 87,
            "taker_side": "no"
        },
        {
            "trade_id": "508daf69-505b-4928-bdd0-a62e8b905a4d",
            "ticker": "HIGHNY-24JUN05-B76.5",
            "count": 3,
            "created_time": "2024-06-05T13:35:25.3233Z",
            "yes_price": 15,
            "no_price": 85,
            "taker_side": "no"
        },
        {
            "trade_id": "9e1d0d4e-d62d-4906-90cf-5a871cf19d88",
            "ticker": "HIGHNY-24JUN05-B76.5",
            "count": 30,
            "created_time": "2024-06-05T13:34:46.160908Z",
            "yes_price": 15,
            "no_price": 85,
            "taker_side": "no"
        },
        {
            "trade_id": "55f58e76-f8f5-44a3-a907-3b51627aafbd",
            "ticker": "HIGHNY-24JUN05-B76.5",
            "count": 6,
            "created_time": "2024-06-05T13:20:29.435805Z",
            "yes_price": 15,
            "no_price": 85,
            "taker_side": "no"
        },
        {
            "trade_id": "8899b9e6-0f98-4a82-b839-2d3dde894bec",
            "ticker": "HIGHNY-24JUN05-B76.5",
            "count": 10,
            "created_time": "2024-06-05T13:13:17.429348Z",
            "yes_price": 20,
            "no_price": 80,
            "taker_side": "no"
        },
        {
            "trade_id": "3bfcd166-4c69-4eda-aa46-cb56239e05d1",
            "ticker": "HIGHNY-24JUN05-B76.5",
            "count": 29,
            "created_time": "2024-06-05T13:11:52.395307Z",
            "yes_price": 9,
            "no_price": 91,
            "taker_side": "no"
        },
        {
            "trade_id": "7c31418a-0974-4f7f-8db0-8977310c6845",
            "ticker": "HIGHNY-24JUN05-B76.5",
            "count": 40,
            "created_time": "2024-06-05T13:11:48.490382Z",
            "yes_price": 9,
            "no_price": 91,
            "taker_side": "no"
        },
        {
            "trade_id": "38f31efa-f5f0-4690-a01f-54bf15548cfc",
            "ticker": "HIGHNY-24JUN05-B76.5",
            "count": 40,
            "created_time": "2024-06-05T13:08:47.538498Z",
            "yes_price": 9,
            "no_price": 91,
            "taker_side": "no"
        },
        {
            "trade_id": "047a4a0c-c5ca-4b5b-a7ed-8565573babca",
            "ticker": "HIGHNY-24JUN05-B76.5",
            "count": 40,
            "created_time": "2024-06-05T13:08:08.495478Z",
            "yes_price": 9,
            "no_price": 91,
            "taker_side": "no"
        },
        {
            "trade_id": "4d20d3cd-66b6-4cde-86fc-8b16c3ec7f0d",
            "ticker": "HIGHNY-24JUN05-B76.5",
            "count": 45,
            "created_time": "2024-06-05T03:53:20.765001Z",
            "yes_price": 19,
            "no_price": 81,
            "taker_side": "yes"
        },
        {
            "trade_id": "dd38cb11-d1d7-47ee-892b-23e3e0cf8b51",
            "ticker": "HIGHNY-24JUN05-B76.5",
            "count": 120,
            "created_time": "2024-06-05T03:49:07.484182Z",
            "yes_price": 19,
            "no_price": 81,
            "taker_side": "yes"
        },
        {
            "trade_id": "64b15c68-0657-494e-ad4b-6669d10feff7",
            "ticker": "HIGHNY-24JUN05-B76.5",
            "count": 60,
            "created_time": "2024-06-05T03:48:50.143394Z",
            "yes_price": 18,
            "no_price": 82,
            "taker_side": "yes"
        },
        {
            "trade_id": "f9fd6f68-0d42-4c82-ba78-01e94afa8c90",
            "ticker": "HIGHNY-24JUN05-B76.5",
            "count": 38,
            "created_time": "2024-06-05T02:20:02.156731Z",
            "yes_price": 15,
            "no_price": 85,
            "taker_side": "no"
        },
        {
            "trade_id": "eb655f71-a89b-4f6a-8350-32409a2098ab",
            "ticker": "HIGHNY-24JUN05-B76.5",
            "count": 52,
            "created_time": "2024-06-05T01:50:18.470253Z",
            "yes_price": 13,
            "no_price": 87,
            "taker_side": "no"
        },
        {
            "trade_id": "9051f388-91f6-431a-9576-d8865aa41936",
            "ticker": "HIGHNY-24JUN05-B76.5",
            "count": 30,
            "created_time": "2024-06-04T20:50:56.670593Z",
            "yes_price": 12,
            "no_price": 88,
            "taker_side": "no"
        },
        {
            "trade_id": "76fa4cc8-fc91-4648-aa18-139001e28e52",
            "ticker": "HIGHNY-24JUN05-B76.5",
            "count": 85,
            "created_time": "2024-06-04T20:50:56.670593Z",
            "yes_price": 11,
            "no_price": 89,
            "taker_side": "no"
        },
        {
            "trade_id": "80b695e7-9e00-4daa-b0dc-05a6190d6fea",
            "ticker": "HIGHNY-24JUN05-B76.5",
            "count": 5,
            "created_time": "2024-06-04T20:32:56.615715Z",
            "yes_price": 19,
            "no_price": 81,
            "taker_side": "yes"
        },
        {
            "trade_id": "dc20686c-ac2f-4fc8-b6f7-cbbd383df7ec",
            "ticker": "HIGHNY-24JUN05-B76.5",
            "count": 4,
            "created_time": "2024-06-04T20:31:57.86858Z",
            "yes_price": 21,
            "no_price": 79,
            "taker_side": "yes"
        },
        {
            "trade_id": "c77d7bdd-ad43-45ab-9808-b512e7ac84ff",
            "ticker": "HIGHNY-24JUN05-B76.5",
            "count": 3,
            "created_time": "2024-06-04T20:31:40.909369Z",
            "yes_price": 21,
            "no_price": 79,
            "taker_side": "yes"
        },
        {
            "trade_id": "2b37ee3c-48b8-4774-8388-bca72dd2e716",
            "ticker": "HIGHNY-24JUN05-B76.5",
            "count": 2,
            "created_time": "2024-06-04T20:26:31.431946Z",
            "yes_price": 23,
            "no_price": 77,
            "taker_side": "yes"
        },
        {
            "trade_id": "09dc6a6e-e2dc-483f-8cc5-826dd7a1f788",
            "ticker": "HIGHNY-24JUN05-B76.5",
            "count": 3,
            "created_time": "2024-06-04T20:09:00.420261Z",
            "yes_price": 25,
            "no_price": 75,
            "taker_side": "yes"
        },
        {
            "trade_id": "265cb86a-a6d7-4fc8-810e-0652cc31ec8f",
            "ticker": "HIGHNY-24JUN05-B76.5",
            "count": 30,
            "created_time": "2024-06-04T16:31:50.441586Z",
            "yes_price": 27,
            "no_price": 73,
            "taker_side": "yes"
        },
        {
            "trade_id": "fed462a8-c42a-44a3-a521-533d0aad0f15",
            "ticker": "HIGHNY-24JUN05-B76.5",
            "count": 90,
            "created_time": "2024-06-04T16:25:00.072499Z",
            "yes_price": 27,
            "no_price": 73,
            "taker_side": "yes"
        },
        {
            "trade_id": "c6fc89ed-d542-4344-af68-3c262f239c0a",
            "ticker": "HIGHNY-24JUN05-B76.5",
            "count": 15,
            "created_time": "2024-06-04T16:24:45.388967Z",
            "yes_price": 26,
            "no_price": 74,
            "taker_side": "yes"
        },
        {
            "trade_id": "a57a7e3a-d0e2-467d-9193-fda7eaf55de5",
            "ticker": "HIGHNY-24JUN05-B76.5",
            "count": 2,
            "created_time": "2024-06-04T16:24:45.388967Z",
            "yes_price": 26,
            "no_price": 74,
            "taker_side": "yes"
        },
        {
            "trade_id": "5b0d8ba7-f6ba-4f6b-a9c1-9cf4ce6fd981",
            "ticker": "HIGHNY-24JUN05-B76.5",
            "count": 8,
            "created_time": "2024-06-04T15:12:26.042467Z",
            "yes_price": 12,
            "no_price": 88,
            "taker_side": "yes"
        },
        {
            "trade_id": "a869aa25-0847-4e3b-8b83-c441357f46c0",
            "ticker": "HIGHNY-24JUN05-B76.5",
            "count": 10,
            "created_time": "2024-06-04T14:24:03.439423Z",
            "yes_price": 15,
            "no_price": 85,
            "taker_side": "no"
        }
    ],
    "HIGHNY-24JUN05-B78.5": [
        {
            "trade_id": "f30c0fad-0516-4744-aa67-81da38476a29",
            "ticker": "HIGHNY-24JUN05-B78.5",
            "count": 100,
            "created_time": "2024-06-05T23:09:12.939056Z",
            "yes_price": 98,
            "no_price": 2,
            "taker_side": "no"
        },
        {
            "trade_id": "c185c145-5df7-4a9f-87cc-98c4ad1f1b7f",
            "ticker": "HIGHNY-24JUN05-B78.5",
            "count": 200,
            "created_time": "2024-06-05T23:06:12.026725Z",
            "yes_price": 98,
            "no_price": 2,
            "taker_side": "no"
        },
        {
            "trade_id": "d7675160-81b9-4b23-b084-7d6cc31cc33a",
            "ticker": "HIGHNY-24JUN05-B78.5",
            "count": 200,
            "created_time": "2024-06-05T23:04:58.942229Z",
            "yes_price": 98,
            "no_price": 2,
            "taker_side": "no"
        },
        {
            "trade_id": "5ba8c340-67d8-4178-8137-6a1d873b53a0",
            "ticker": "HIGHNY-24JUN05-B78.5",
            "count": 5,
            "created_time": "2024-06-05T21:54:11.153442Z",
            "yes_price": 99,
            "no_price": 1,
            "taker_side": "yes"
        },
        {
            "trade_id": "8c09cce4-4d34-4143-804a-c6913d8c348e",
            "ticker": "HIGHNY-24JUN05-B78.5",
            "count": 11,
            "created_time": "2024-06-05T18:18:24.038019Z",
            "yes_price": 35,
            "no_price": 65,
            "taker_side": "no"
        },
        {
            "trade_id": "36d5a06f-5dca-4b82-83e6-a92ceaaee7f9",
            "ticker": "HIGHNY-24JUN05-B78.5",
            "count": 1,
            "created_time": "2024-06-05T15:37:16.160686Z",
            "yes_price": 42,
            "no_price": 58,
            "taker_side": "yes"
        },
        {
            "trade_id": "cc73e516-7062-4577-a3de-37155bd2edee",
            "ticker": "HIGHNY-24JUN05-B78.5",
            "count": 4,
            "created_time": "2024-06-05T14:04:57.005286Z",
            "yes_price": 38,
            "no_price": 62,
            "taker_side": "no"
        },
        {
            "trade_id": "2e69fb7a-ac88-4a71-a295-251015af618a",
            "ticker": "HIGHNY-24JUN05-B78.5",
            "count": 3,
            "created_time": "2024-06-05T13:33:12.22188Z",
            "yes_price": 37,
            "no_price": 63,
            "taker_side": "yes"
        },
        {
            "trade_id": "304acafc-9003-4182-8c5d-83d82347a5d9",
            "ticker": "HIGHNY-24JUN05-B78.5",
            "count": 37,
            "created_time": "2024-06-05T13:33:07.354396Z",
            "yes_price": 39,
            "no_price": 61,
            "taker_side": "no"
        },
        {
            "trade_id": "3a23747a-a9df-4b3f-bdba-d21ccfb637c3",
            "ticker": "HIGHNY-24JUN05-B78.5",
            "count": 6,
            "created_time": "2024-06-05T13:20:29.417499Z",
            "yes_price": 40,
            "no_price": 60,
            "taker_side": "no"
        },
        {
            "trade_id": "2b19b8b3-8e78-4fda-bd2a-63fa19d6cc78",
            "ticker": "HIGHNY-24JUN05-B78.5",
            "count": 10,
            "created_time": "2024-06-05T13:13:17.427041Z",
            "yes_price": 35,
            "no_price": 65,
            "taker_side": "no"
        },
        {
            "trade_id": "0cf98246-f2c6-4bee-aa42-d112161d1f20",
            "ticker": "HIGHNY-24JUN05-B78.5",
            "count": 29,
            "created_time": "2024-06-05T13:11:52.342602Z",
            "yes_price": 46,
            "no_price": 54,
            "taker_side": "yes"
        },
        {
            "trade_id": "ec243067-481b-4f48-b8d6-2c337a339cfb",
            "ticker": "HIGHNY-24JUN05-B78.5",
            "count": 60,
            "created_time": "2024-06-05T12:59:28.851533Z",
            "yes_price": 40,
            "no_price": 60,
            "taker_side": "no"
        },
        {
            "trade_id": "438603a2-0a53-48f0-851b-d6e55c6de589",
            "ticker": "HIGHNY-24JUN05-B78.5",
            "count": 18,
            "created_time": "2024-06-05T12:59:21.176899Z",
            "yes_price": 45,
            "no_price": 55,
            "taker_side": "no"
        },
        {
            "trade_id": "054d4692-7355-438f-bef7-13a75bdc056d",
            "ticker": "HIGHNY-24JUN05-B78.5",
            "count": 60,
            "created_time": "2024-06-05T12:59:21.176899Z",
            "yes_price": 42,
            "no_price": 58,
            "taker_side": "no"
        },
        {
            "trade_id": "fd248eaa-3710-4a99-84b7-1022ea7a2e3b",
            "ticker": "HIGHNY-24JUN05-B78.5",
            "count": 40,
            "created_time": "2024-06-05T12:58:12.014104Z",
            "yes_price": 44,
            "no_price": 56,
            "taker_side": "no"
        },
        {
            "trade_id": "ef50c678-d0b9-46c3-abe8-05b3f354e41d",
            "ticker": "HIGHNY-24JUN05-B78.5",
            "count": 60,
            "created_time": "2024-06-05T12:58:12.014104Z",
            "yes_price": 47,
            "no_price": 53,
            "taker_side": "no"
        },
        {
            "trade_id": "cad1b273-76dd-4737-aa45-95fbb58f648a",
            "ticker": "HIGHNY-24JUN05-B78.5",
            "count": 1,
            "created_time": "2024-06-05T12:24:26.213774Z",
            "yes_price": 40,
            "no_price": 60,
            "taker_side": "yes"
        },
        {
            "trade_id": "9eaecc1e-72e3-4f66-a288-be83a6983fb5",
            "ticker": "HIGHNY-24JUN05-B78.5",
            "count": 75,
            "created_time": "2024-06-05T03:52:45.075436Z",
            "yes_price": 39,
            "no_price": 61,
            "taker_side": "yes"
        },
        {
            "trade_id": "230dc871-89e1-44b5-b947-60190f9f542e",
            "ticker": "HIGHNY-24JUN05-B78.5",
            "count": 75,
            "created_time": "2024-06-05T03:49:21.343608Z",
            "yes_price": 38,
            "no_price": 62,
            "taker_side": "yes"
        },
        {
            "trade_id": "36be3d71-ecf8-427c-a504-0139888ad9eb",
            "ticker": "HIGHNY-24JUN05-B78.5",
            "count": 1,
            "created_time": "2024-06-04T23:23:43.273556Z",
            "yes_price": 37,
            "no_price": 63,
            "taker_side": "yes"
        },
        {
            "trade_id": "afb8dbb6-8d71-4250-9c13-bab2c5d17ac5",
            "ticker": "HIGHNY-24JUN05-B78.5",
            "count": 3,
            "created_time": "2024-06-04T23:23:30.459185Z",
            "yes_price": 37,
            "no_price": 63,
            "taker_side": "yes"
        },
        {
            "trade_id": "42d82e94-fcff-4195-888c-573b2cd26e35",
            "ticker": "HIGHNY-24JUN05-B78.5",
            "count": 30,
            "created_time": "2024-06-04T21:18:22.841892Z",
            "yes_price": 31,
            "no_price": 69,
            "taker_side": "yes"
        },
        {
            "trade_id": "0f2b8c9f-1ea1-4a68-b9e0-bff494ba8140",
            "ticker": "HIGHNY-24JUN05-B78.5",
            "count": 120,
            "created_time": "2024-06-04T21:18:22.841892Z",
            "yes_price": 33,
            "no_price": 67,
            "taker_side": "yes"
        },
        {
            "trade_id": "f84dc1e4-ae4d-4b27-a700-26b15265a9a7",
            "ticker": "HIGHNY-24JUN05-B78.5",
            "count": 2,
            "created_time": "2024-06-04T20:32:25.722176Z",
            "yes_price": 32,
            "no_price": 68,
            "taker_side": "yes"
        },
        {
            "trade_id": "7cc5ebb4-e2f6-4608-a8ce-4f489fdb4208",
            "ticker": "HIGHNY-24JUN05-B78.5",
            "count": 2,
            "created_time": "2024-06-04T20:08:10.594386Z",
            "yes_price": 32,
            "no_price": 68,
            "taker_side": "yes"
        },
        {
            "trade_id": "92316dd3-6708-47b7-8e07-571e73a4d379",
            "ticker": "HIGHNY-24JUN05-B78.5",
            "count": 1,
            "created_time": "2024-06-04T17:30:41.280822Z",
            "yes_price": 32,
            "no_price": 68,
            "taker_side": "no"
        },
        {
            "trade_id": "1d59404d-b32c-475c-8723-c63fc6d71ac2",
            "ticker": "HIGHNY-24JUN05-B78.5",
            "count": 10,
            "created_time": "2024-06-04T15:55:13.587529Z",
            "yes_price": 32,
            "no_price": 68,
            "taker_side": "yes"
        },
        {
            "trade_id": "4dd670de-b851-4ed9-a174-ecd26b20d340",
            "ticker": "HIGHNY-24JUN05-B78.5",
            "count": 8,
            "created_time": "2024-06-04T15:12:25.879052Z",
            "yes_price": 16,
            "no_price": 84,
            "taker_side": "yes"
        }
    ],
    "HIGHNY-24JUN05-B80.5": [
        {
            "trade_id": "1c497c42-41fc-4d05-8087-e19602459397",
            "ticker": "HIGHNY-24JUN05-B80.5",
            "count": 5,
            "created_time": "2024-06-05T21:54:11.211299Z",
            "yes_price": 3,
            "no_price": 97,
            "taker_side": "no"
        },
        {
            "trade_id": "ebca95f5-0eb9-4f57-8d21-7fcd6a0c6d29",
            "ticker": "HIGHNY-24JUN05-B80.5",
            "count": 30,
            "created_time": "2024-06-05T18:41:56.499503Z",
            "yes_price": 55,
            "no_price": 45,
            "taker_side": "yes"
        },
        {
            "trade_id": "e94dbab8-cbf5-4b81-964c-7cf1a694a94e",
            "ticker": "HIGHNY-24JUN05-B80.5",
            "count": 5,
            "created_time": "2024-06-05T18:41:56.499503Z",
            "yes_price": 35,
            "no_price": 65,
            "taker_side": "yes"
        },
        {
            "trade_id": "9d2377ea-227f-493a-b337-e47bd6da22a7",
            "ticker": "HIGHNY-24JUN05-B80.5",
            "count": 10,
            "created_time": "2024-06-05T18:41:56.499503Z",
            "yes_price": 55,
            "no_price": 45,
            "taker_side": "yes"
        },
        {
            "trade_id": "3b2a599c-db47-4c32-a6bf-9f2e7a81da76",
            "ticker": "HIGHNY-24JUN05-B80.5",
            "count": 7,
            "created_time": "2024-06-05T17:49:17.903584Z",
            "yes_price": 55,
            "no_price": 45,
            "taker_side": "yes"
        },
        {
            "trade_id": "b6f93104-52f6-4317-939a-b0447586b0d0",
            "ticker": "HIGHNY-24JUN05-B80.5",
            "count": 35,
            "created_time": "2024-06-05T17:03:50.885223Z",
            "yes_price": 55,
            "no_price": 45,
            "taker_side": "yes"
        },
        {
            "trade_id": "6ae7cf6a-abe0-4042-811e-a1c26e8ad897",
            "ticker": "HIGHNY-24JUN05-B80.5",
            "count": 5,
            "created_time": "2024-06-05T16:58:44.672673Z",
            "yes_price": 56,
            "no_price": 44,
            "taker_side": "yes"
        },
        {
            "trade_id": "6b991747-94ee-41ff-b351-c89929c3a97e",
            "ticker": "HIGHNY-24JUN05-B80.5",
            "count": 11,
            "created_time": "2024-06-05T16:58:10.880557Z",
            "yes_price": 22,
            "no_price": 78,
            "taker_side": "yes"
        },
        {
            "trade_id": "1d2bce3d-4e7d-47fc-a246-dd494eb8e9d8",
            "ticker": "HIGHNY-24JUN05-B80.5",
            "count": 22,
            "created_time": "2024-06-05T16:17:01.107123Z",
            "yes_price": 21,
            "no_price": 79,
            "taker_side": "yes"
        },
        {
            "trade_id": "a91bd626-d14f-47b2-a752-3ad981ff7cb2",
            "ticker": "HIGHNY-24JUN05-B80.5",
            "count": 3,
            "created_time": "2024-06-05T15:49:46.510396Z",
            "yes_price": 11,
            "no_price": 89,
            "taker_side": "no"
        },
        {
            "trade_id": "361f6ef3-cc9b-4d9e-8789-d97c1453d9f3",
            "ticker": "HIGHNY-24JUN05-B80.5",
            "count": 5,
            "created_time": "2024-06-05T15:49:46.510396Z",
            "yes_price": 10,
            "no_price": 90,
            "taker_side": "no"
        },
        {
            "trade_id": "7b8006ac-801a-4d82-bebf-0da6da1bcba3",
            "ticker": "HIGHNY-24JUN05-B80.5",
            "count": 11,
            "created_time": "2024-06-05T14:38:59.122938Z",
            "yes_price": 22,
            "no_price": 78,
            "taker_side": "no"
        },
        {
            "trade_id": "f2fb8b8d-fa03-412a-86c1-378711e09d14",
            "ticker": "HIGHNY-24JUN05-B80.5",
            "count": 4,
            "created_time": "2024-06-05T14:04:56.922053Z",
            "yes_price": 55,
            "no_price": 45,
            "taker_side": "yes"
        },
        {
            "trade_id": "e28d3667-c471-4646-bdd3-51b003704f50",
            "ticker": "HIGHNY-24JUN05-B80.5",
            "count": 6,
            "created_time": "2024-06-05T14:04:56.922053Z",
            "yes_price": 46,
            "no_price": 54,
            "taker_side": "yes"
        },
        {
            "trade_id": "fd186974-94e7-41f3-9bf4-9d8dc1c85fdd",
            "ticker": "HIGHNY-24JUN05-B80.5",
            "count": 15,
            "created_time": "2024-06-05T13:39:34.375899Z",
            "yes_price": 40,
            "no_price": 60,
            "taker_side": "yes"
        },
        {
            "trade_id": "e9e3bb26-5ca2-4daf-b502-b6ee52fc718d",
            "ticker": "HIGHNY-24JUN05-B80.5",
            "count": 6,
            "created_time": "2024-06-05T13:20:29.40065Z",
            "yes_price": 46,
            "no_price": 54,
            "taker_side": "no"
        },
        {
            "trade_id": "986ddbe0-8dff-4b0d-85ea-3364458e02a6",
            "ticker": "HIGHNY-24JUN05-B80.5",
            "count": 10,
            "created_time": "2024-06-05T13:13:17.435883Z",
            "yes_price": 46,
            "no_price": 54,
            "taker_side": "no"
        },
        {
            "trade_id": "c4ca61e8-e5a2-4de5-9c24-47257e2d74e1",
            "ticker": "HIGHNY-24JUN05-B80.5",
            "count": 29,
            "created_time": "2024-06-05T13:11:52.393289Z",
            "yes_price": 44,
            "no_price": 56,
            "taker_side": "no"
        },
        {
            "trade_id": "e7ee2809-23fe-4eee-abe3-1c941e32451f",
            "ticker": "HIGHNY-24JUN05-B80.5",
            "count": 2,
            "created_time": "2024-06-05T13:04:48.251614Z",
            "yes_price": 41,
            "no_price": 59,
            "taker_side": "no"
        },
        {
            "trade_id": "4b69626c-8b36-44d9-a274-97952a2034fa",
            "ticker": "HIGHNY-24JUN05-B80.5",
            "count": 1,
            "created_time": "2024-06-05T13:04:31.108549Z",
            "yes_price": 38,
            "no_price": 62,
            "taker_side": "yes"
        },
        {
            "trade_id": "d3288d24-dc4d-49b8-9f1c-787b8dd023a5",
            "ticker": "HIGHNY-24JUN05-B80.5",
            "count": 2,
            "created_time": "2024-06-05T13:03:43.131227Z",
            "yes_price": 31,
            "no_price": 69,
            "taker_side": "yes"
        },
        {
            "trade_id": "8954e9e7-cf45-4f23-bc56-a3fe1c051de2",
            "ticker": "HIGHNY-24JUN05-B80.5",
            "count": 2,
            "created_time": "2024-06-05T12:59:37.042791Z",
            "yes_price": 25,
            "no_price": 75,
            "taker_side": "yes"
        },
        {
            "trade_id": "46a22ae8-71a2-4aed-bdb5-b07c4c1591d3",
            "ticker": "HIGHNY-24JUN05-B80.5",
            "count": 1,
            "created_time": "2024-06-05T12:57:26.389622Z",
            "yes_price": 23,
            "no_price": 77,
            "taker_side": "no"
        },
        {
            "trade_id": "1bcb6dcb-9897-4c5b-ba21-3ebf716d2034",
            "ticker": "HIGHNY-24JUN05-B80.5",
            "count": 15,
            "created_time": "2024-06-05T12:49:39.43139Z",
            "yes_price": 30,
            "no_price": 70,
            "taker_side": "yes"
        },
        {
            "trade_id": "911e388b-c256-4c99-b872-ad927d4058ea",
            "ticker": "HIGHNY-24JUN05-B80.5",
            "count": 8,
            "created_time": "2024-06-04T20:36:26.72425Z",
            "yes_price": 29,
            "no_price": 71,
            "taker_side": "yes"
        },
        {
            "trade_id": "03e71b08-a5f9-406d-9452-3abb358fbc84",
            "ticker": "HIGHNY-24JUN05-B80.5",
            "count": 90,
            "created_time": "2024-06-04T16:26:02.59308Z",
            "yes_price": 27,
            "no_price": 73,
            "taker_side": "yes"
        },
        {
            "trade_id": "8be68236-540b-4832-9f76-cb9349857f08",
            "ticker": "HIGHNY-24JUN05-B80.5",
            "count": 30,
            "created_time": "2024-06-04T16:25:41.724038Z",
            "yes_price": 26,
            "no_price": 74,
            "taker_side": "yes"
        },
        {
            "trade_id": "56539daf-be4e-404c-ab9f-a3a036ab91f8",
            "ticker": "HIGHNY-24JUN05-B80.5",
            "count": 90,
            "created_time": "2024-06-04T16:24:24.289222Z",
            "yes_price": 26,
            "no_price": 74,
            "taker_side": "yes"
        },
        {
            "trade_id": "f6979c02-9816-493e-912d-875a2ac6b134",
            "ticker": "HIGHNY-24JUN05-B80.5",
            "count": 75,
            "created_time": "2024-06-04T16:24:05.418442Z",
            "yes_price": 25,
            "no_price": 75,
            "taker_side": "yes"
        },
        {
            "trade_id": "1afb28fd-f2ad-4aa0-ab7c-0bb7b24fe926",
            "ticker": "HIGHNY-24JUN05-B80.5",
            "count": 10,
            "created_time": "2024-06-04T15:55:26.24538Z",
            "yes_price": 25,
            "no_price": 75,
            "taker_side": "yes"
        }
    ],
    "HIGHNY-24JUN05-B82.5": [
        {
            "trade_id": "ba0c6d94-3623-4e43-9564-4ebeafae3416",
            "ticker": "HIGHNY-24JUN05-B82.5",
            "count": 93,
            "created_time": "2024-06-06T02:20:00.78683Z",
            "yes_price": 1,
            "no_price": 99,
            "taker_side": "yes"
        },
        {
            "trade_id": "d9a67019-4287-48f4-9026-94bcf9eda65e",
            "ticker": "HIGHNY-24JUN05-B82.5",
            "count": 2,
            "created_time": "2024-06-05T15:54:13.056005Z",
            "yes_price": 4,
            "no_price": 96,
            "taker_side": "no"
        },
        {
            "trade_id": "b2e6807e-9cd5-4f45-a35e-ba9a2329c8b8",
            "ticker": "HIGHNY-24JUN05-B82.5",
            "count": 351,
            "created_time": "2024-06-05T15:54:13.056005Z",
            "yes_price": 3,
            "no_price": 97,
            "taker_side": "no"
        },
        {
            "trade_id": "6b6ac820-491a-4573-8c69-04536ecf1e65",
            "ticker": "HIGHNY-24JUN05-B82.5",
            "count": 4,
            "created_time": "2024-06-05T14:04:57.00662Z",
            "yes_price": 3,
            "no_price": 97,
            "taker_side": "no"
        },
        {
            "trade_id": "5d040a84-5adf-44b2-9b90-5d6d0d69f03e",
            "ticker": "HIGHNY-24JUN05-B82.5",
            "count": 6,
            "created_time": "2024-06-05T13:20:29.433242Z",
            "yes_price": 3,
            "no_price": 97,
            "taker_side": "no"
        },
        {
            "trade_id": "2f44b048-6fed-4f97-88c4-422924c31320",
            "ticker": "HIGHNY-24JUN05-B82.5",
            "count": 10,
            "created_time": "2024-06-05T13:13:17.431079Z",
            "yes_price": 3,
            "no_price": 97,
            "taker_side": "no"
        },
        {
            "trade_id": "9cde43b9-3f0e-47ce-96a0-e0ccdb52069b",
            "ticker": "HIGHNY-24JUN05-B82.5",
            "count": 29,
            "created_time": "2024-06-05T13:11:52.396113Z",
            "yes_price": 3,
            "no_price": 97,
            "taker_side": "no"
        },
        {
            "trade_id": "617f3ad2-5f9d-4f80-ac84-c1d64635a146",
            "ticker": "HIGHNY-24JUN05-B82.5",
            "count": 114,
            "created_time": "2024-06-05T12:05:32.384621Z",
            "yes_price": 13,
            "no_price": 87,
            "taker_side": "yes"
        },
        {
            "trade_id": "1c87e999-8cce-4b1b-a6c8-a4369d8931e5",
            "ticker": "HIGHNY-24JUN05-B82.5",
            "count": 2,
            "created_time": "2024-06-05T12:05:32.384621Z",
            "yes_price": 12,
            "no_price": 88,
            "taker_side": "yes"
        },
        {
            "trade_id": "fc8bfcb3-f434-40d8-8b6a-0ffee92b5f74",
            "ticker": "HIGHNY-24JUN05-B82.5",
            "count": 60,
            "created_time": "2024-06-04T21:17:50.490248Z",
            "yes_price": 13,
            "no_price": 87,
            "taker_side": "no"
        },
        {
            "trade_id": "a2126e08-ea3b-4e13-8247-a49fa7cdd080",
            "ticker": "HIGHNY-24JUN05-B82.5",
            "count": 150,
            "created_time": "2024-06-04T21:17:50.490248Z",
            "yes_price": 12,
            "no_price": 88,
            "taker_side": "no"
        },
        {
            "trade_id": "663dd4e2-c64d-4e9c-a890-3f89173bb11e",
            "ticker": "HIGHNY-24JUN05-B82.5",
            "count": 10,
            "created_time": "2024-06-04T20:21:14.553849Z",
            "yes_price": 15,
            "no_price": 85,
            "taker_side": "yes"
        }
    ],
    "HIGHNY-24JUN05-T83": [
        {
            "trade_id": "d5d5d411-39d4-4d2b-8ab3-8715942a41c3",
            "ticker": "HIGHNY-24JUN05-T83",
            "count": 155,
            "created_time": "2024-06-05T13:53:52.775583Z",
            "yes_price": 1,
            "no_price": 99,
            "taker_side": "no"
        },
        {
            "trade_id": "535b1c3a-101a-41e8-834e-6c6b4e572348",
            "ticker": "HIGHNY-24JUN05-T83",
            "count": 6,
            "created_time": "2024-06-05T13:20:29.43477Z",
            "yes_price": 1,
            "no_price": 99,
            "taker_side": "no"
        },
        {
            "trade_id": "103b3ec3-8f0b-4f73-940a-bcda5f42acb3",
            "ticker": "HIGHNY-24JUN05-T83",
            "count": 10,
            "created_time": "2024-06-05T13:13:17.432966Z",
            "yes_price": 1,
            "no_price": 99,
            "taker_side": "no"
        },
        {
            "trade_id": "d05f30ff-8122-4ca4-973f-c5a6aacae2a3",
            "ticker": "HIGHNY-24JUN05-T83",
            "count": 29,
            "created_time": "2024-06-05T13:11:52.394068Z",
            "yes_price": 1,
            "no_price": 99,
            "taker_side": "no"
        }
    ]
}