{
    "HIGHNY-24MAR31-T57": [
        {
            "trade_id": "d40b4f97-b05b-46d8-907a-4c3cb942f0ab",
            "ticker": "HIGHNY-24MAR31-T57",
            "count": 10,
            "created_time": "2024-03-30T15:10:37.851249Z",
            "yes_price": 8,
            "no_price": 92,
            "taker_side": "yes"
        }
    ],
    "HIGHNY-24MAR31-B57.5": [
        {
            "trade_id": "c01329ec-518d-46d0-a228-395824a912e3",
            "ticker": "HIGHNY-24MAR31-B57.5",
            "count": 6,
            "created_time": "2024-03-30T15:10:59.879154Z",
            "yes_price": 14,
            "no_price": 86,
            "taker_side": "yes"
        }
    ],
    "HIGHNY-24MAR31-B59.5": [
        {
            "trade_id": "77ee16b4-f9d8-4d21-9075-a74f5781db36",
            "ticker": "HIGHNY-24MAR31-B59.5",
            "count": 255,
            "created_time": "2024-04-01T03:48:43.304076Z",
            "yes_price": 1,
            "no_price": 99,
            "taker_side": "yes"
        },
        {
            "trade_id": "aedad468-e7f3-4a66-8dfd-b50240f2032c",
            "ticker": "HIGHNY-24MAR31-B59.5",
            "count": 280,
            "created_time": "2024-03-31T19:02:58.039071Z",
            "yes_price": 1,
            "no_price": 99,
            "taker_side": "yes"
        },
        {
            "trade_id": "8050778e-b7d6-48f4-b9e5-a2f72bb6cff8",
            "ticker": "HIGHNY-24MAR31-B59.5",
            "count": 15,
            "created_time": "2024-03-31T15:12:37.046706Z",
            "yes_price": 12,
            "no_price": 88,
            "taker_side": "no"
        },
        {
            "trade_id": "4c6aea68-6692-46fa-b054-98f2105b00c2",
            "ticker": "HIGHNY-24MAR31-B59.5",
            "count": 11,
            "created_time": "2024-03-31T15:12:37.030186Z",
            "yes_price": 13,
            "no_price": 87,
            "taker_side": "no"
        },
        {
            "trade_id": "c5dd581f-3dc3-4617-813d-8c38e6dc5842",
            "ticker": "HIGHNY-24MAR31-B59.5",
            "count": 11,
            "created_time": "2024-03-31T14:56:34.745903Z",
            "yes_price": 11,
            "no_price": 89,
            "taker_side": "no"
        },
        {
            "trade_id": "9352f486-efef-4170-9d11-d7d878f30067",
            "ticker": "HIGHNY-24MAR31-B59.5",
            "count": 19,
            "created_time": "2024-03-31T14:22:20.604402Z",
            "yes_price": 10,
            "no_price": 90,
            "taker_side": "no"
        },
        {
            "trade_id": "c4a5cddd-4e53-4d1b-a7bc-cd15c290729e",
            "ticker": "HIGHNY-24MAR31-B59.5",
            "count": 8,
            "created_time": "2024-03-31T13:18:13.247792Z",
            "yes_price": 8,
            "no_price": 92,
            "taker_side": "no"
        },
        {
            "trade_id": "c3f4b46d-8931-4abe-a9ed-ad6304f4451b",
            "ticker": "HIGHNY-24MAR31-B59.5",
            "count": 28,
            "created_time": "2024-03-31T13:17:51.736652Z",
            "yes_price": 9,
            "no_price": 91,
            "taker_side": "no"
        },
        {
            "trade_id": "36557f33-480a-4fd5-b3fd-473b7d824947",
            "ticker": "HIGHNY-24MAR31-B59.5",
            "count": 20,
            "created_time": "2024-03-31T13:12:29.757011Z",
            "yes_price": 9,
            "no_price": 91,
            "taker_side": "no"
        },
        {
            "trade_id": "ab2f4d25-b4d4-4106-b98a-10abe156db61",
            "ticker": "HIGHNY-24MAR31-B59.5",
            "count": 14,
            "created_time": "2024-03-31T13:12:19.989502Z",
            "yes_price": 9,
            "no_price": 91,
            "taker_side": "no"
        },
        {
            "trade_id": "e85807dc-cc34-4106-b4bd-43d17f44e749",
            "ticker": "HIGHNY-24MAR31-B59.5",
            "count": 14,
            "created_time": "2024-03-31T12:27:18.507459Z",
            "yes_price": 13,
            "no_price": 87,
            "taker_side": "yes"
        },
        {
            "trade_id": "cde17ea3-175c-4cf2-8760-c83fa549b266",
            "ticker": "HIGHNY-24MAR31-B59.5",
            "count": 112,
            "created_time": "2024-03-30T22:33:43.772765Z",
            "yes_price": 12,
            "no_price": 88,
            "taker_side": "no"
        },
        {
            "trade_id": "427a6227-2fad-41fc-a09b-5331e6e275f0",
            "ticker": "HIGHNY-24MAR31-B59.5",
            "count": 110,
            "created_time": "2024-03-30T22:33:43.772765Z",
            "yes_price": 13,
            "no_price": 87,
            "taker_side": "no"
        },
        {
            "trade_id": "38b64d97-caf9-465f-8ec3-4fad0fa66c3b",
            "ticker": "HIGHNY-24MAR31-B59.5",
            "count": 33,
            "created_time": "2024-03-30T22:33:43.772765Z",
            "yes_price": 15,
            "no_price": 85,
            "taker_side": "no"
        },
        {
            "trade_id": "30dff277-bfe5-46d4-9d6a-f2f1e3cfb535",
            "ticker": "HIGHNY-24MAR31-B59.5",
            "count": 22,
            "created_time": "2024-03-30T15:52:35.961973Z",
            "yes_price": 21,
            "no_price": 79,
            "taker_side": "yes"
        },
        {
            "trade_id": "413ae05e-e959-4ae9-b599-7794e0c06133",
            "ticker": "HIGHNY-24MAR31-B59.5",
            "count": 4,
            "created_time": "2024-03-30T15:11:09.645247Z",
            "yes_price": 21,
            "no_price": 79,
            "taker_side": "yes"
        }
    ],
    "HIGHNY-24MAR31-B61.5": [
        {
            "trade_id": "f3eedcf8-74ab-4024-a0c1-a556f54c7f7f",
            "ticker": "HIGHNY-24MAR31-B61.5",
            "count": 385,
            "created_time": "2024-04-01T03:48:56.231758Z",
            "yes_price": 98,
            "no_price": 2,
            "taker_side": "no"
        },
        {
            "trade_id": "f3d1dc92-d041-494b-9b9f-bb3268a79268",
            "ticker": "HIGHNY-24MAR31-B61.5",
            "count": 220,
            "created_time": "2024-03-31T23:42:21.474964Z",
            "yes_price": 99,
            "no_price": 1,
            "taker_side": "no"
        },
        {
            "trade_id": "e64b8937-87c4-401a-a363-6c147efeb9af",
            "ticker": "HIGHNY-24MAR31-B61.5",
            "count": 21,
            "created_time": "2024-03-31T21:54:25.042196Z",
            "yes_price": 97,
            "no_price": 3,
            "taker_side": "yes"
        },
        {
            "trade_id": "25cf897d-4fd9-4016-9dfb-ae1f1c707907",
            "ticker": "HIGHNY-24MAR31-B61.5",
            "count": 35,
            "created_time": "2024-03-31T19:45:16.959017Z",
            "yes_price": 89,
            "no_price": 11,
            "taker_side": "yes"
        },
        {
            "trade_id": "a443da2b-039e-4346-8194-15260d72cd99",
            "ticker": "HIGHNY-24MAR31-B61.5",
            "count": 11,
            "created_time": "2024-03-31T17:24:33.935347Z",
            "yes_price": 90,
            "no_price": 10,
            "taker_side": "yes"
        },
        {
            "trade_id": "0ac9a004-021a-4b8e-bb5b-31ba342c2e6e",
            "ticker": "HIGHNY-24MAR31-B61.5",
            "count": 11,
            "created_time": "2024-03-31T16:09:36.268339Z",
            "yes_price": 66,
            "no_price": 34,
            "taker_side": "yes"
        },
        {
            "trade_id": "0922275a-011f-4a4b-8d61-d2596e531e20",
            "ticker": "HIGHNY-24MAR31-B61.5",
            "count": 4,
            "created_time": "2024-03-31T15:12:37.015613Z",
            "yes_price": 66,
            "no_price": 34,
            "taker_side": "no"
        },
        {
            "trade_id": "0c2307f7-47c3-47ce-b476-7168a190f4e4",
            "ticker": "HIGHNY-24MAR31-B61.5",
            "count": 11,
            "created_time": "2024-03-31T15:12:36.998421Z",
            "yes_price": 66,
            "no_price": 34,
            "taker_side": "no"
        },
        {
            "trade_id": "25d3f636-d2b3-4403-ba02-c0146afa192c",
            "ticker": "HIGHNY-24MAR31-B61.5",
            "count": 11,
            "created_time": "2024-03-31T14:56:34.77203Z",
            "yes_price": 66,
            "no_price": 34,
            "taker_side": "no"
        },
        {
            "trade_id": "7f37b400-2d6c-4422-8ef3-89d98c54e013",
            "ticker": "HIGHNY-24MAR31-B61.5",
            "count": 19,
            "created_time": "2024-03-31T14:22:20.62087Z",
            "yes_price": 65,
            "no_price": 35,
            "taker_side": "no"
        },
        {
            "trade_id": "bf1a78c1-fc9d-421d-a4c1-2004bef4ac42",
            "ticker": "HIGHNY-24MAR31-B61.5",
            "count": 8,
            "created_time": "2024-03-31T13:18:13.268108Z",
            "yes_price": 62,
            "no_price": 38,
            "taker_side": "no"
        },
        {
            "trade_id": "83154566-a060-427b-89da-e3e9d65fe343",
            "ticker": "HIGHNY-24MAR31-B61.5",
            "count": 28,
            "created_time": "2024-03-31T13:17:51.632517Z",
            "yes_price": 69,
            "no_price": 31,
            "taker_side": "yes"
        },
        {
            "trade_id": "6a0a47d1-8d8b-400b-847e-f652b6607002",
            "ticker": "HIGHNY-24MAR31-B61.5",
            "count": 6,
            "created_time": "2024-03-31T13:17:51.632517Z",
            "yes_price": 72,
            "no_price": 28,
            "taker_side": "yes"
        },
        {
            "trade_id": "023351cd-530a-4666-8d9a-cd5885cd6d77",
            "ticker": "HIGHNY-24MAR31-B61.5",
            "count": 36,
            "created_time": "2024-03-31T13:17:51.632517Z",
            "yes_price": 70,
            "no_price": 30,
            "taker_side": "yes"
        },
        {
            "trade_id": "45e42d8e-a087-4fc7-953c-c29ec8add3bf",
            "ticker": "HIGHNY-24MAR31-B61.5",
            "count": 20,
            "created_time": "2024-03-31T13:12:29.727989Z",
            "yes_price": 64,
            "no_price": 36,
            "taker_side": "no"
        },
        {
            "trade_id": "09535f1e-b157-4968-bcbb-09889ecd6ee9",
            "ticker": "HIGHNY-24MAR31-B61.5",
            "count": 14,
            "created_time": "2024-03-31T13:12:19.972472Z",
            "yes_price": 64,
            "no_price": 36,
            "taker_side": "no"
        },
        {
            "trade_id": "a31da0ba-ea56-40c1-a81d-7beb2458c69e",
            "ticker": "HIGHNY-24MAR31-B61.5",
            "count": 14,
            "created_time": "2024-03-31T12:27:18.577798Z",
            "yes_price": 63,
            "no_price": 37,
            "taker_side": "no"
        },
        {
            "trade_id": "c2201819-b505-4edc-b668-516233a8cebe",
            "ticker": "HIGHNY-24MAR31-B61.5",
            "count": 7,
            "created_time": "2024-03-30T22:31:00.979811Z",
            "yes_price": 55,
            "no_price": 45,
            "taker_side": "yes"
        },
        {
            "trade_id": "edb9cf31-b87e-492c-bfac-f71dcc8473b5",
            "ticker": "HIGHNY-24MAR31-B61.5",
            "count": 56,
            "created_time": "2024-03-30T19:31:32.46828Z",
            "yes_price": 48,
            "no_price": 52,
            "taker_side": "yes"
        },
        {
            "trade_id": "e1648c0c-1ca8-4354-88a6-38a2ea8c1709",
            "ticker": "HIGHNY-24MAR31-B61.5",
            "count": 45,
            "created_time": "2024-03-30T19:26:50.514218Z",
            "yes_price": 49,
            "no_price": 51,
            "taker_side": "yes"
        },
        {
            "trade_id": "df1bd2a1-4a58-4ccc-a80c-19725e35022d",
            "ticker": "HIGHNY-24MAR31-B61.5",
            "count": 45,
            "created_time": "2024-03-30T19:26:33.460582Z",
            "yes_price": 44,
            "no_price": 56,
            "taker_side": "yes"
        },
        {
            "trade_id": "7163b6b7-a892-490d-9f49-da9ff4e3c39b",
            "ticker": "HIGHNY-24MAR31-B61.5",
            "count": 15,
            "created_time": "2024-03-30T19:26:33.460582Z",
            "yes_price": 45,
            "no_price": 55,
            "taker_side": "yes"
        },
        {
            "trade_id": "19319ca5-ef72-406a-967e-76d2ce9c44e0",
            "ticker": "HIGHNY-24MAR31-B61.5",
            "count": 112,
            "created_time": "2024-03-30T19:26:33.460582Z",
            "yes_price": 46,
            "no_price": 54,
            "taker_side": "yes"
        },
        {
            "trade_id": "0bf27049-ba13-44dc-af7c-7b929b2ec772",
            "ticker": "HIGHNY-24MAR31-B61.5",
            "count": 112,
            "created_time": "2024-03-30T19:26:33.460582Z",
            "yes_price": 49,
            "no_price": 51,
            "taker_side": "yes"
        },
        {
            "trade_id": "bd45ee66-d49f-4ce2-8105-43d2a78b91b7",
            "ticker": "HIGHNY-24MAR31-B61.5",
            "count": 20,
            "created_time": "2024-03-30T18:56:37.410645Z",
            "yes_price": 46,
            "no_price": 54,
            "taker_side": "yes"
        },
        {
            "trade_id": "8864c4a3-c1b4-4c4b-ad2b-a513bbe05c42",
            "ticker": "HIGHNY-24MAR31-B61.5",
            "count": 11,
            "created_time": "2024-03-30T18:06:49.322849Z",
            "yes_price": 45,
            "no_price": 55,
            "taker_side": "yes"
        },
        {
            "trade_id": "bc1b19cb-cbc5-4ac3-b5e1-86f1604f3c37",
            "ticker": "HIGHNY-24MAR31-B61.5",
            "count": 10,
            "created_time": "2024-03-30T14:32:29.859232Z",
            "yes_price": 42,
            "no_price": 58,
            "taker_side": "yes"
        },
        {
            "trade_id": "eece01db-93e9-47e1-89df-4f0a6ff0a3b5",
            "ticker": "HIGHNY-24MAR31-B61.5",
            "count": 20,
            "created_time": "2024-03-30T14:15:13.829964Z",
            "yes_price": 45,
            "no_price": 55,
            "taker_side": "yes"
        },
        {
            "trade_id": "0dfaa8a1-22aa-47d8-889d-31cd952dc3f1",
            "ticker": "HIGHNY-24MAR31-B61.5",
            "count": 16,
            "created_time": "2024-03-30T14:14:39.675974Z",
            "yes_price": 44,
            "no_price": 56,
            "taker_side": "yes"
        }
    ],
    "HIGHNY-24MAR31-B63.5": [
        {
            "trade_id": "42cae3b0-551a-4b88-81a3-87468824661c",
            "ticker": "HIGHNY-24MAR31-B63.5",
            "count": 246,
            "created_time": "2024-04-01T03:49:15.965293Z",
            "yes_price": 2,
            "no_price": 98,
            "taker_side": "yes"
        },
        {
            "trade_id": "1c406133-7a24-429b-b07e-f81298bdfc3b",
            "ticker": "HIGHNY-24MAR31-B63.5",
            "count": 140,
            "created_time": "2024-04-01T02:34:39.716413Z",
            "yes_price": 2,
            "no_price": 98,
            "taker_side": "yes"
        },
        {
            "trade_id": "4663cf6a-d7a4-4daf-9728-7430112a6567",
            "ticker": "HIGHNY-24MAR31-B63.5",
            "count": 19,
            "created_time": "2024-04-01T01:45:11.501049Z",
            "yes_price": 1,
            "no_price": 99,
            "taker_side": "no"
        },
        {
            "trade_id": "16b8561d-13d6-44c2-8d16-a44c6b74efab",
            "ticker": "HIGHNY-24MAR31-B63.5",
            "count": 3,
            "created_time": "2024-03-31T23:43:08.910313Z",
            "yes_price": 5,
            "no_price": 95,
            "taker_side": "yes"
        },
        {
            "trade_id": "95f5627c-97d9-4cb2-b383-5104769ca18e",
            "ticker": "HIGHNY-24MAR31-B63.5",
            "count": 35,
            "created_time": "2024-03-31T19:45:17.057954Z",
            "yes_price": 21,
            "no_price": 79,
            "taker_side": "no"
        },
        {
            "trade_id": "7296761a-8c1a-40c9-85d2-caa40e4f9eda",
            "ticker": "HIGHNY-24MAR31-B63.5",
            "count": 9,
            "created_time": "2024-03-31T19:41:03.619013Z",
            "yes_price": 21,
            "no_price": 79,
            "taker_side": "no"
        },
        {
            "trade_id": "bfb5469f-018e-4381-b701-c8a2d1d19b25",
            "ticker": "HIGHNY-24MAR31-B63.5",
            "count": 11,
            "created_time": "2024-03-31T18:38:30.047681Z",
            "yes_price": 40,
            "no_price": 60,
            "taker_side": "yes"
        },
        {
            "trade_id": "6f92629f-b21e-4921-ae11-7d1def382aa7",
            "ticker": "HIGHNY-24MAR31-B63.5",
            "count": 11,
            "created_time": "2024-03-31T18:36:59.769155Z",
            "yes_price": 15,
            "no_price": 85,
            "taker_side": "no"
        },
        {
            "trade_id": "1650f809-1440-4a5b-b1bb-fae53c2418fa",
            "ticker": "HIGHNY-24MAR31-B63.5",
            "count": 33,
            "created_time": "2024-03-31T15:12:39.434386Z",
            "yes_price": 16,
            "no_price": 84,
            "taker_side": "no"
        },
        {
            "trade_id": "fbe19913-307e-4fce-ba53-1054a22cbe1d",
            "ticker": "HIGHNY-24MAR31-B63.5",
            "count": 22,
            "created_time": "2024-03-31T15:12:37.125325Z",
            "yes_price": 16,
            "no_price": 84,
            "taker_side": "no"
        },
        {
            "trade_id": "a7500058-f9fd-4f18-9b07-333fcefeb0ac",
            "ticker": "HIGHNY-24MAR31-B63.5",
            "count": 15,
            "created_time": "2024-03-31T15:12:37.125325Z",
            "yes_price": 18,
            "no_price": 82,
            "taker_side": "no"
        },
        {
            "trade_id": "bd7247fa-487e-4113-9397-bb6849fac7c2",
            "ticker": "HIGHNY-24MAR31-B63.5",
            "count": 37,
            "created_time": "2024-03-31T15:12:37.077482Z",
            "yes_price": 18,
            "no_price": 82,
            "taker_side": "no"
        },
        {
            "trade_id": "b689fb02-3500-41d3-aef9-a9a373595169",
            "ticker": "HIGHNY-24MAR31-B63.5",
            "count": 15,
            "created_time": "2024-03-31T15:12:37.028903Z",
            "yes_price": 18,
            "no_price": 82,
            "taker_side": "no"
        },
        {
            "trade_id": "c82efcd7-a342-402b-8a15-57c74de30058",
            "ticker": "HIGHNY-24MAR31-B63.5",
            "count": 11,
            "created_time": "2024-03-31T15:12:37.014311Z",
            "yes_price": 18,
            "no_price": 82,
            "taker_side": "no"
        },
        {
            "trade_id": "53a2f2f6-2236-4bd4-91fe-38d401a36dfc",
            "ticker": "HIGHNY-24MAR31-B63.5",
            "count": 11,
            "created_time": "2024-03-31T14:56:34.701142Z",
            "yes_price": 18,
            "no_price": 82,
            "taker_side": "no"
        },
        {
            "trade_id": "8d6cb903-5b0d-4e32-996d-7d7ce6dec477",
            "ticker": "HIGHNY-24MAR31-B63.5",
            "count": 11,
            "created_time": "2024-03-31T14:56:31.914465Z",
            "yes_price": 18,
            "no_price": 82,
            "taker_side": "no"
        },
        {
            "trade_id": "7d16ce92-7170-4194-913c-f435c82a8bf5",
            "ticker": "HIGHNY-24MAR31-B63.5",
            "count": 20,
            "created_time": "2024-03-31T14:22:20.533779Z",
            "yes_price": 20,
            "no_price": 80,
            "taker_side": "yes"
        },
        {
            "trade_id": "4a54bcbc-6280-4cff-8525-3de12076a355",
            "ticker": "HIGHNY-24MAR31-B63.5",
            "count": 19,
            "created_time": "2024-03-31T14:22:20.533779Z",
            "yes_price": 20,
            "no_price": 80,
            "taker_side": "yes"
        },
        {
            "trade_id": "90e5f9e0-8949-482f-b0c8-2b7055914aca",
            "ticker": "HIGHNY-24MAR31-B63.5",
            "count": 13,
            "created_time": "2024-03-31T14:20:40.948073Z",
            "yes_price": 20,
            "no_price": 80,
            "taker_side": "no"
        },
        {
            "trade_id": "1a312c6e-6d7b-44e8-89f4-78b12d1042b8",
            "ticker": "HIGHNY-24MAR31-B63.5",
            "count": 13,
            "created_time": "2024-03-31T14:08:27.907508Z",
            "yes_price": 20,
            "no_price": 80,
            "taker_side": "no"
        },
        {
            "trade_id": "80c399e4-76a6-4400-82fe-49f8552de97a",
            "ticker": "HIGHNY-24MAR31-B63.5",
            "count": 8,
            "created_time": "2024-03-31T13:18:13.266375Z",
            "yes_price": 20,
            "no_price": 80,
            "taker_side": "no"
        },
        {
            "trade_id": "ea103d9b-b7c7-408a-ac3d-544bd7d22984",
            "ticker": "HIGHNY-24MAR31-B63.5",
            "count": 28,
            "created_time": "2024-03-31T13:17:51.734998Z",
            "yes_price": 20,
            "no_price": 80,
            "taker_side": "no"
        },
        {
            "trade_id": "e24a149c-bc75-4cdb-bc7f-580f5faa7d80",
            "ticker": "HIGHNY-24MAR31-B63.5",
            "count": 20,
            "created_time": "2024-03-31T13:17:32.165198Z",
            "yes_price": 23,
            "no_price": 77,
            "taker_side": "yes"
        },
        {
            "trade_id": "d22c6812-8acf-4a32-84e4-108fee8dd353",
            "ticker": "HIGHNY-24MAR31-B63.5",
            "count": 20,
            "created_time": "2024-03-31T13:12:29.643972Z",
            "yes_price": 22,
            "no_price": 78,
            "taker_side": "yes"
        },
        {
            "trade_id": "47ac0750-1506-4c8d-a266-fddb932baed6",
            "ticker": "HIGHNY-24MAR31-B63.5",
            "count": 13,
            "created_time": "2024-03-31T13:12:29.643972Z",
            "yes_price": 22,
            "no_price": 78,
            "taker_side": "yes"
        },
        {
            "trade_id": "fb81a99a-0cc1-4555-8c0f-f99dd9ddcf99",
            "ticker": "HIGHNY-24MAR31-B63.5",
            "count": 13,
            "created_time": "2024-03-31T13:12:19.872013Z",
            "yes_price": 22,
            "no_price": 78,
            "taker_side": "yes"
        },
        {
            "trade_id": "c2875540-357d-4143-94d7-7d49dc09878a",
            "ticker": "HIGHNY-24MAR31-B63.5",
            "count": 14,
            "created_time": "2024-03-31T13:12:19.872013Z",
            "yes_price": 22,
            "no_price": 78,
            "taker_side": "yes"
        },
        {
            "trade_id": "4bca82db-1ff4-412d-b65d-ce4a786db175",
            "ticker": "HIGHNY-24MAR31-B63.5",
            "count": 14,
            "created_time": "2024-03-31T12:27:18.570126Z",
            "yes_price": 20,
            "no_price": 80,
            "taker_side": "no"
        },
        {
            "trade_id": "f8555a99-fcc7-4180-88d3-46788b984303",
            "ticker": "HIGHNY-24MAR31-B63.5",
            "count": 21,
            "created_time": "2024-03-31T12:25:19.543951Z",
            "yes_price": 23,
            "no_price": 77,
            "taker_side": "yes"
        },
        {
            "trade_id": "6471c497-694a-49c6-827d-46a9bf0098a2",
            "ticker": "HIGHNY-24MAR31-B63.5",
            "count": 65,
            "created_time": "2024-03-31T12:17:07.471119Z",
            "yes_price": 23,
            "no_price": 77,
            "taker_side": "yes"
        },
        {
            "trade_id": "4409ea19-13e3-4cb9-9519-dd2f022b70e9",
            "ticker": "HIGHNY-24MAR31-B63.5",
            "count": 13,
            "created_time": "2024-03-31T12:17:07.471119Z",
            "yes_price": 20,
            "no_price": 80,
            "taker_side": "yes"
        },
        {
            "trade_id": "43a72c58-6568-42df-b4b2-6e04ce208b1d",
            "ticker": "HIGHNY-24MAR31-B63.5",
            "count": 65,
            "created_time": "2024-03-31T12:17:07.471119Z",
            "yes_price": 22,
            "no_price": 78,
            "taker_side": "yes"
        },
        {
            "trade_id": "93d55326-54ac-41df-8ffd-a1a088e17fa3",
            "ticker": "HIGHNY-24MAR31-B63.5",
            "count": 22,
            "created_time": "2024-03-30T19:32:00.634111Z",
            "yes_price": 28,
            "no_price": 72,
            "taker_side": "no"
        },
        {
            "trade_id": "365b0745-f8b8-46c9-b519-8d2e9f1f8a95",
            "ticker": "HIGHNY-24MAR31-B63.5",
            "count": 112,
            "created_time": "2024-03-30T19:32:00.634111Z",
            "yes_price": 27,
            "no_price": 73,
            "taker_side": "no"
        },
        {
            "trade_id": "086a0ab6-c811-4d98-9fc1-6d46ca12d134",
            "ticker": "HIGHNY-24MAR31-B63.5",
            "count": 112,
            "created_time": "2024-03-30T19:32:00.634111Z",
            "yes_price": 25,
            "no_price": 75,
            "taker_side": "no"
        }
    ],
    "HIGHNY-24MAR31-T64": [
        {
            "trade_id": "81084a93-903d-4725-9039-64660cdce13d",
            "ticker": "HIGHNY-24MAR31-T64",
            "count": 140,
            "created_time": "2024-04-01T02:34:56.938948Z",
            "yes_price": 2,
            "no_price": 98,
            "taker_side": "yes"
        },
        {
            "trade_id": "b694e601-a706-4a00-adcf-cccc407340af",
            "ticker": "HIGHNY-24MAR31-T64",
            "count": 100,
            "created_time": "2024-04-01T01:25:17.148971Z",
            "yes_price": 2,
            "no_price": 98,
            "taker_side": "yes"
        },
        {
            "trade_id": "8bbd33f4-3a79-4844-bf2d-f7db9d57c6d1",
            "ticker": "HIGHNY-24MAR31-T64",
            "count": 367,
            "created_time": "2024-04-01T01:25:17.148971Z",
            "yes_price": 2,
            "no_price": 98,
            "taker_side": "yes"
        },
        {
            "trade_id": "f2c40579-7e2f-4b38-abfe-fd6cb5312ffe",
            "ticker": "HIGHNY-24MAR31-T64",
            "count": 90,
            "created_time": "2024-03-31T23:49:48.422121Z",
            "yes_price": 5,
            "no_price": 95,
            "taker_side": "yes"
        },
        {
            "trade_id": "26f0386a-51fb-4a45-8d69-3f214e5a4916",
            "ticker": "HIGHNY-24MAR31-T64",
            "count": 6,
            "created_time": "2024-03-31T23:49:48.422121Z",
            "yes_price": 22,
            "no_price": 78,
            "taker_side": "yes"
        },
        {
            "trade_id": "5ce8b7b3-9c1e-4869-8c3e-7903399f0af7",
            "ticker": "HIGHNY-24MAR31-T64",
            "count": 10,
            "created_time": "2024-03-31T23:42:21.422311Z",
            "yes_price": 5,
            "no_price": 95,
            "taker_side": "yes"
        },
        {
            "trade_id": "3f1029d0-0533-42ca-88b4-231ed39579a5",
            "ticker": "HIGHNY-24MAR31-T64",
            "count": 220,
            "created_time": "2024-03-31T23:42:21.422311Z",
            "yes_price": 4,
            "no_price": 96,
            "taker_side": "yes"
        },
        {
            "trade_id": "0525116a-4e12-4ac4-9b61-6246026395e3",
            "ticker": "HIGHNY-24MAR31-T64",
            "count": 1,
            "created_time": "2024-03-31T23:42:21.422311Z",
            "yes_price": 4,
            "no_price": 96,
            "taker_side": "yes"
        },
        {
            "trade_id": "34870533-5aae-4098-b809-947c72aae1e3",
            "ticker": "HIGHNY-24MAR31-T64",
            "count": 35,
            "created_time": "2024-03-31T19:45:17.060095Z",
            "yes_price": 1,
            "no_price": 99,
            "taker_side": "no"
        },
        {
            "trade_id": "66ade25e-e735-48ad-ae95-d685d54fa54c",
            "ticker": "HIGHNY-24MAR31-T64",
            "count": 9,
            "created_time": "2024-03-31T18:35:14.724547Z",
            "yes_price": 6,
            "no_price": 94,
            "taker_side": "no"
        },
        {
            "trade_id": "08c9917a-d86e-4116-9d45-9c0d46974b38",
            "ticker": "HIGHNY-24MAR31-T64",
            "count": 1,
            "created_time": "2024-03-31T18:35:14.724547Z",
            "yes_price": 7,
            "no_price": 93,
            "taker_side": "no"
        },
        {
            "trade_id": "0cacbb01-fe5a-4645-9a4c-f2eb46f148be",
            "ticker": "HIGHNY-24MAR31-T64",
            "count": 8,
            "created_time": "2024-03-31T17:24:26.789597Z",
            "yes_price": 60,
            "no_price": 40,
            "taker_side": "yes"
        },
        {
            "trade_id": "ca693f93-70c3-4b5d-b25d-b216800fbb76",
            "ticker": "HIGHNY-24MAR31-T64",
            "count": 2,
            "created_time": "2024-03-31T17:22:15.161189Z",
            "yes_price": 69,
            "no_price": 31,
            "taker_side": "yes"
        },
        {
            "trade_id": "937768fe-61b6-4f65-9625-ca2a6e8007f4",
            "ticker": "HIGHNY-24MAR31-T64",
            "count": 1,
            "created_time": "2024-03-31T17:22:15.161189Z",
            "yes_price": 25,
            "no_price": 75,
            "taker_side": "yes"
        },
        {
            "trade_id": "477d9cf7-9514-4bf1-a662-7cee1720b0ca",
            "ticker": "HIGHNY-24MAR31-T64",
            "count": 10,
            "created_time": "2024-03-31T17:22:15.161189Z",
            "yes_price": 25,
            "no_price": 75,
            "taker_side": "yes"
        },
        {
            "trade_id": "214affda-485f-4cde-a934-6352e620beee",
            "ticker": "HIGHNY-24MAR31-T64",
            "count": 15,
            "created_time": "2024-03-31T15:12:37.045034Z",
            "yes_price": 6,
            "no_price": 94,
            "taker_side": "no"
        },
        {
            "trade_id": "32a5f581-3414-4af1-840a-ac4e033d93ce",
            "ticker": "HIGHNY-24MAR31-T64",
            "count": 11,
            "created_time": "2024-03-31T15:12:37.01216Z",
            "yes_price": 6,
            "no_price": 94,
            "taker_side": "no"
        },
        {
            "trade_id": "986a72f2-c711-475b-8b8d-8066f96acf0e",
            "ticker": "HIGHNY-24MAR31-T64",
            "count": 11,
            "created_time": "2024-03-31T14:56:34.792029Z",
            "yes_price": 6,
            "no_price": 94,
            "taker_side": "no"
        },
        {
            "trade_id": "7ac64f10-dff1-40ae-83e6-3cfbd3a85d71",
            "ticker": "HIGHNY-24MAR31-T64",
            "count": 1,
            "created_time": "2024-03-31T14:31:16.158611Z",
            "yes_price": 6,
            "no_price": 94,
            "taker_side": "no"
        },
        {
            "trade_id": "d2267eb4-10ea-4f2b-9cac-c6fc647b7432",
            "ticker": "HIGHNY-24MAR31-T64",
            "count": 19,
            "created_time": "2024-03-31T14:22:20.652266Z",
            "yes_price": 6,
            "no_price": 94,
            "taker_side": "no"
        },
        {
            "trade_id": "b1916436-681c-40aa-9f74-4b0eaa20dc02",
            "ticker": "HIGHNY-24MAR31-T64",
            "count": 8,
            "created_time": "2024-03-31T13:18:13.176214Z",
            "yes_price": 22,
            "no_price": 78,
            "taker_side": "yes"
        },
        {
            "trade_id": "caf796c3-0a2a-4494-a698-6e339be975bd",
            "ticker": "HIGHNY-24MAR31-T64",
            "count": 28,
            "created_time": "2024-03-31T13:17:51.752955Z",
            "yes_price": 6,
            "no_price": 94,
            "taker_side": "no"
        },
        {
            "trade_id": "0ec0f469-9541-40b3-b7b4-a57e680b7c8b",
            "ticker": "HIGHNY-24MAR31-T64",
            "count": 20,
            "created_time": "2024-03-31T13:12:29.755275Z",
            "yes_price": 6,
            "no_price": 94,
            "taker_side": "no"
        },
        {
            "trade_id": "8825c821-1eb6-4bbe-8eb4-a2a07c82e262",
            "ticker": "HIGHNY-24MAR31-T64",
            "count": 14,
            "created_time": "2024-03-31T13:12:20.006257Z",
            "yes_price": 6,
            "no_price": 94,
            "taker_side": "no"
        },
        {
            "trade_id": "5de859ce-03ab-4c75-9426-904323938414",
            "ticker": "HIGHNY-24MAR31-T64",
            "count": 14,
            "created_time": "2024-03-31T12:27:18.571988Z",
            "yes_price": 6,
            "no_price": 94,
            "taker_side": "no"
        }
    ]
}