{
    "KXHIGHNY-24NOV25-T50": [
        {
            "trade_id": "1b49e7e4-e82e-42d4-8c43-008d4e4c8ed7",
            "ticker": "KXHIGHNY-24NOV25-T50",
            "count": 8,
            "created_time": "2024-11-26T04:44:58.429716Z",
            "yes_price": 1,
            "no_price": 99,
            "taker_side": "yes"
        },
        {
            "trade_id": "f803da33-9b87-4f55-94d4-ab6fcc78c3a4",
            "ticker": "KXHIGHNY-24NOV25-T50",
            "count": 1674,
            "created_time": "2024-11-26T02:26:02.106298Z",
            "yes_price": 1,
            "no_price": 99,
            "taker_side": "yes"
        },
        {
            "trade_id": "f6b2ff3a-8f67-4831-b928-5123c717cc7b",
            "ticker": "KXHIGHNY-24NOV25-T50",
            "count": 100,
            "created_time": "2024-11-26T02:26:02.106298Z",
            "yes_price": 1,
            "no_price": 99,
            "taker_side": "yes"
        },
        {
            "trade_id": "a08797d5-a241-45bb-ac01-ba9375557986",
            "ticker": "KXHIGHNY-24NOV25-T50",
            "count": 250,
            "created_time": "2024-11-26T02:26:02.106298Z",
            "yes_price": 1,
            "no_price": 99,
            "taker_side": "yes"
        },
        {
            "trade_id": "7ae44f40-ff3a-4cdf-9a02-6c3d0a264123",
            "ticker": "KXHIGHNY-24NOV25-T50",
            "count": 2676,
            "created_time": "2024-11-26T02:26:02.106298Z",
            "yes_price": 1,
            "no_price": 99,
            "taker_side": "yes"
        },
        {
            "trade_id": "e8c1e715-f73b-4234-a34f-a6a2be9af429",
            "ticker": "KXHIGHNY-24NOV25-T50",
            "count": 1,
            "created_time": "2024-11-25T17:18:45.397879Z",
            "yes_price": 1,
            "no_price": 99,
            "taker_side": "yes"
        },
        {
            "trade_id": "ebec52dd-5911-4e07-9983-ffa5deb5aa08",
            "ticker": "KXHIGHNY-24NOV25-T50",
            "count": 250,
            "created_time": "2024-11-25T17:18:36.654073Z",
            "yes_price": 1,
            "no_price": 99,
            "taker_side": "yes"
        },
        {
            "trade_id": "0b1d8895-7822-468d-897c-a359cee9dd4d",
            "ticker": "KXHIGHNY-24NOV25-T50",
            "count": 49,
            "created_time": "2024-11-25T17:18:36.654073Z",
            "yes_price": 1,
            "no_price": 99,
            "taker_side": "yes"
        },
        {
            "trade_id": "b6b70c78-f5c3-47ca-bac7-8cf22d4db3f5",
            "ticker": "KXHIGHNY-24NOV25-T50",
            "count": 417,
            "created_time": "2024-11-25T13:18:21.04622Z",
            "yes_price": 1,
            "no_price": 99,
            "taker_side": "no"
        },
        {
            "trade_id": "a86c36ed-9951-4466-af6c-342cdd7e0116",
            "ticker": "KXHIGHNY-24NOV25-T50",
            "count": 77,
            "created_time": "2024-11-25T13:17:25.809628Z",
            "yes_price": 1,
            "no_price": 99,
            "taker_side": "no"
        },
        {
            "trade_id": "b1d3bbc4-a640-49b9-8ad5-3be57258742b",
            "ticker": "KXHIGHNY-24NOV25-T50",
            "count": 14,
            "created_time": "2024-11-25T13:17:01.689094Z",
            "yes_price": 1,
            "no_price": 99,
            "taker_side": "no"
        },
        {
            "trade_id": "81945792-f738-4aa5-a45c-e633be0634f5",
            "ticker": "KXHIGHNY-24NOV25-T50",
            "count": 15,
            "created_time": "2024-11-25T13:15:37.662825Z",
            "yes_price": 1,
            "no_price": 99,
            "taker_side": "no"
        },
        {
            "trade_id": "26f2fbbf-6b44-4ead-83ec-b78a55fce1d6",
            "ticker": "KXHIGHNY-24NOV25-T50",
            "count": 100,
            "created_time": "2024-11-25T13:14:58.620991Z",
            "yes_price": 1,
            "no_price": 99,
            "taker_side": "no"
        },
        {
            "trade_id": "14fde632-c2c6-483b-9be4-74ea6c001dfc",
            "ticker": "KXHIGHNY-24NOV25-T50",
            "count": 17,
            "created_time": "2024-11-25T13:13:46.560641Z",
            "yes_price": 1,
            "no_price": 99,
            "taker_side": "no"
        },
        {
            "trade_id": "e7bf6d0e-da5e-49a0-9c3a-6925db2cc32d",
            "ticker": "KXHIGHNY-24NOV25-T50",
            "count": 100,
            "created_time": "2024-11-25T13:04:15.786625Z",
            "yes_price": 3,
            "no_price": 97,
            "taker_side": "yes"
        },
        {
            "trade_id": "85ef39b5-f210-4757-9594-aa05a7fd11de",
            "ticker": "KXHIGHNY-24NOV25-T50",
            "count": 60,
            "created_time": "2024-11-25T07:32:59.870235Z",
            "yes_price": 3,
            "no_price": 97,
            "taker_side": "yes"
        },
        {
            "trade_id": "4c2f04bb-656e-460d-b40c-478c42b174d3",
            "ticker": "KXHIGHNY-24NOV25-T50",
            "count": 50,
            "created_time": "2024-11-25T07:32:59.870235Z",
            "yes_price": 2,
            "no_price": 98,
            "taker_side": "yes"
        },
        {
            "trade_id": "bf4f2236-94e6-4e5b-85a6-717714e89aed",
            "ticker": "KXHIGHNY-24NOV25-T50",
            "count": 5,
            "created_time": "2024-11-25T07:15:56.207604Z",
            "yes_price": 1,
            "no_price": 99,
            "taker_side": "no"
        },
        {
            "trade_id": "b99992f5-3f1f-479d-905d-c95f699993d3",
            "ticker": "KXHIGHNY-24NOV25-T50",
            "count": 31,
            "created_time": "2024-11-25T06:15:07.049809Z",
            "yes_price": 3,
            "no_price": 97,
            "taker_side": "yes"
        },
        {
            "trade_id": "6883c113-feb3-4b7e-b77a-78965f66b7e9",
            "ticker": "KXHIGHNY-24NOV25-T50",
            "count": 96,
            "created_time": "2024-11-25T06:14:19.05272Z",
            "yes_price": 1,
            "no_price": 99,
            "taker_side": "no"
        },
        {
            "trade_id": "c903e7fa-0874-4c19-a305-ac081d38fb40",
            "ticker": "KXHIGHNY-24NOV25-T50",
            "count": 103,
            "created_time": "2024-11-25T05:59:18.97334Z",
            "yes_price": 1,
            "no_price": 99,
            "taker_side": "no"
        },
        {
            "trade_id": "d20833a4-52c7-45d0-b9b3-671cc691428f",
            "ticker": "KXHIGHNY-24NOV25-T50",
            "count": 15,
            "created_time": "2024-11-25T05:52:18.747469Z",
            "yes_price": 1,
            "no_price": 99,
            "taker_side": "no"
        },
        {
            "trade_id": "c8459a50-5d73-44c9-84b0-7ed4eaa0b4c2",
            "ticker": "KXHIGHNY-24NOV25-T50",
            "count": 12,
            "created_time": "2024-11-25T05:51:42.696874Z",
            "yes_price": 1,
            "no_price": 99,
            "taker_side": "no"
        },
        {
            "trade_id": "576bbc5a-c92b-4b3b-bfd6-2c4b7b1ef2eb",
            "ticker": "KXHIGHNY-24NOV25-T50",
            "count": 2,
            "created_time": "2024-11-25T05:51:36.069081Z",
            "yes_price": 1,
            "no_price": 99,
            "taker_side": "no"
        },
        {
            "trade_id": "afbaafbf-1f93-4d00-b2de-36f965a80e06",
            "ticker": "KXHIGHNY-24NOV25-T50",
            "count": 100,
            "created_time": "2024-11-25T05:50:57.318258Z",
            "yes_price": 3,
            "no_price": 97,
            "taker_side": "yes"
        },
        {
            "trade_id": "8d3d42f5-f726-439c-abfe-b3db484e7675",
            "ticker": "KXHIGHNY-24NOV25-T50",
            "count": 101,
            "created_time": "2024-11-25T05:48:14.762032Z",
            "yes_price": 1,
            "no_price": 99,
            "taker_side": "no"
        },
        {
            "trade_id": "bb9ae72f-836d-4121-92d8-19fce3fcb32a",
            "ticker": "KXHIGHNY-24NOV25-T50",
            "count": 26,
            "created_time": "2024-11-25T05:48:07.120588Z",
            "yes_price": 1,
            "no_price": 99,
            "taker_side": "no"
        },
        {
            "trade_id": "d2f9ea2a-8d93-4605-b25d-8e866034851b",
            "ticker": "KXHIGHNY-24NOV25-T50",
            "count": 88,
            "created_time": "2024-11-25T04:16:34.320079Z",
            "yes_price": 1,
            "no_price": 99,
            "taker_side": "no"
        },
        {
            "trade_id": "094a41df-e415-4c0d-aeb6-6a248d7e7fe2",
            "ticker": "KXHIGHNY-24NOV25-T50",
            "count": 271,
            "created_time": "2024-11-25T03:58:11.745495Z",
            "yes_price": 2,
            "no_price": 98,
            "taker_side": "no"
        },
        {
            "trade_id": "8bad386c-a3ec-44b4-b2ea-cf6f800ca074",
            "ticker": "KXHIGHNY-24NOV25-T50",
            "count": 1,
            "created_time": "2024-11-25T03:54:48.504813Z",
            "yes_price": 2,
            "no_price": 98,
            "taker_side": "no"
        },
        {
            "trade_id": "4f796c99-730a-489f-bdb5-64c45c7a55a6",
            "ticker": "KXHIGHNY-24NOV25-T50",
            "count": 1,
            "created_time": "2024-11-25T03:51:59.813496Z",
            "yes_price": 2,
            "no_price": 98,
            "taker_side": "no"
        },
        {
            "trade_id": "864b806f-709b-4687-86be-35ef58d509a6",
            "ticker": "KXHIGHNY-24NOV25-T50",
            "count": 1,
            "created_time": "2024-11-25T03:48:30.172669Z",
            "yes_price": 2,
            "no_price": 98,
            "taker_side": "no"
        },
        {
            "trade_id": "1869db05-2af5-4950-8a43-adff6ac11691",
            "ticker": "KXHIGHNY-24NOV25-T50",
            "count": 1,
            "created_time": "2024-11-25T03:45:47.799961Z",
            "yes_price": 2,
            "no_price": 98,
            "taker_side": "no"
        },
        {
            "trade_id": "278e1fb4-307e-43b4-b03f-458490732ddb",
            "ticker": "KXHIGHNY-24NOV25-T50",
            "count": 1,
            "created_time": "2024-11-25T03:42:27.459959Z",
            "yes_price": 2,
            "no_price": 98,
            "taker_side": "no"
        },
        {
            "trade_id": "37deac96-e3d2-4366-8c0d-8468ac8eac76",
            "ticker": "KXHIGHNY-24NOV25-T50",
            "count": 1,
            "created_time": "2024-11-25T03:39:35.525127Z",
            "yes_price": 2,
            "no_price": 98,
            "taker_side": "no"
        },
        {
            "trade_id": "9f109c1d-4d46-4d92-a3b0-8fe9eb7f967e",
            "ticker": "KXHIGHNY-24NOV25-T50",
            "count": 1,
            "created_time": "2024-11-25T03:36:05.602032Z",
            "yes_price": 2,
            "no_price": 98,
            "taker_side": "no"
        },
        {
            "trade_id": "e8ab0007-c286-4038-8f11-8c0559b9875e",
            "ticker": "KXHIGHNY-24NOV25-T50",
            "count": 1,
            "created_time": "2024-11-25T03:33:20.179154Z",
            "yes_price": 2,
            "no_price": 98,
            "taker_side": "no"
        },
        {
            "trade_id": "851fcf1a-5335-46a7-8ec5-69871f3fd5a3",
            "ticker": "KXHIGHNY-24NOV25-T50",
            "count": 5,
            "created_time": "2024-11-25T03:29:59.478511Z",
            "yes_price": 2,
            "no_price": 98,
            "taker_side": "no"
        },
        {
            "trade_id": "16cbfa91-f553-40b1-8566-8526aeb5f78a",
            "ticker": "KXHIGHNY-24NOV25-T50",
            "count": 1,
            "created_time": "2024-11-25T03:27:03.204546Z",
            "yes_price": 2,
            "no_price": 98,
            "taker_side": "no"
        },
        {
            "trade_id": "881fc812-48ed-4e87-b436-adbeb02d8fc7",
            "ticker": "KXHIGHNY-24NOV25-T50",
            "count": 1,
            "created_time": "2024-11-25T03:23:52.517491Z",
            "yes_price": 2,
            "no_price": 98,
            "taker_side": "no"
        },
        {
            "trade_id": "38dade76-7b53-48f8-b148-846717c850f6",
            "ticker": "KXHIGHNY-24NOV25-T50",
            "count": 1,
            "created_time": "2024-11-25T03:21:14.27397Z",
            "yes_price": 2,
            "no_price": 98,
            "taker_side": "no"
        },
        {
            "trade_id": "f513292a-5026-4b0d-b1e3-e179fdab464f",
            "ticker": "KXHIGHNY-24NOV25-T50",
            "count": 4,
            "created_time": "2024-11-25T03:18:30.305127Z",
            "yes_price": 2,
            "no_price": 98,
            "taker_side": "no"
        },
        {
            "trade_id": "ec31f18f-3f5a-4957-910f-cc7aed94f798",
            "ticker": "KXHIGHNY-24NOV25-T50",
            "count": 1,
            "created_time": "2024-11-25T03:17:49.387515Z",
            "yes_price": 2,
            "no_price": 98,
            "taker_side": "no"
        },
        {
            "trade_id": "107be039-39ac-4ff7-99bf-f02c4979f3cf",
            "ticker": "KXHIGHNY-24NOV25-T50",
            "count": 1,
            "created_time": "2024-11-25T03:14:57.71136Z",
            "yes_price": 2,
            "no_price": 98,
            "taker_side": "no"
        },
        {
            "trade_id": "98b696ff-a59d-40d6-870b-466d8a907ae8",
            "ticker": "KXHIGHNY-24NOV25-T50",
            "count": 1,
            "created_time": "2024-11-25T03:11:27.321735Z",
            "yes_price": 2,
            "no_price": 98,
            "taker_side": "no"
        },
        {
            "trade_id": "7303e974-2f36-4541-8129-c3675de3f2dc",
            "ticker": "KXHIGHNY-24NOV25-T50",
            "count": 1,
            "created_time": "2024-11-25T03:08:43.43303Z",
            "yes_price": 2,
            "no_price": 98,
            "taker_side": "no"
        },
        {
            "trade_id": "d6b80bda-5f2c-41c9-b904-ead32805cfee",
            "ticker": "KXHIGHNY-24NOV25-T50",
            "count": 1,
            "created_time": "2024-11-25T03:05:23.371208Z",
            "yes_price": 2,
            "no_price": 98,
            "taker_side": "no"
        },
        {
            "trade_id": "82bda36c-0b02-4d32-8a6c-adf5908ae2fd",
            "ticker": "KXHIGHNY-24NOV25-T50",
            "count": 1,
            "created_time": "2024-11-25T03:02:31.883996Z",
            "yes_price": 2,
            "no_price": 98,
            "taker_side": "no"
        },
        {
            "trade_id": "897c2992-e949-4b77-a410-f438d6762698",
            "ticker": "KXHIGHNY-24NOV25-T50",
            "count": 1,
            "created_time": "2024-11-25T02:59:10.617653Z",
            "yes_price": 2,
            "no_price": 98,
            "taker_side": "no"
        },
        {
            "trade_id": "a58a5c6a-15ea-4868-8dc7-0db9a1069286",
            "ticker": "KXHIGHNY-24NOV25-T50",
            "count": 1,
            "created_time": "2024-11-25T02:56:31.579845Z",
            "yes_price": 2,
            "no_price": 98,
            "taker_side": "no"
        },
        {
            "trade_id": "ce3eeae5-47b8-460b-b36c-58b4354933aa",
            "ticker": "KXHIGHNY-24NOV25-T50",
            "count": 1,
            "created_time": "2024-11-25T02:53:07.01183Z",
            "yes_price": 2,
            "no_price": 98,
            "taker_side": "no"
        },
        {
            "trade_id": "dce73797-2f3e-43b2-bada-79ac0a0a89ea",
            "ticker": "KXHIGHNY-24NOV25-T50",
            "count": 1,
            "created_time": "2024-11-25T02:50:14.492057Z",
            "yes_price": 2,
            "no_price": 98,
            "taker_side": "no"
        },
        {
            "trade_id": "e735f61e-d35f-4810-9dfa-64af3af0fb77",
            "ticker": "KXHIGHNY-24NOV25-T50",
            "count": 1,
            "created_time": "2024-11-25T02:47:12.688496Z",
            "yes_price": 2,
            "no_price": 98,
            "taker_side": "no"
        },
        {
            "trade_id": "7ad821d0-2826-4642-8892-5b8e89bdcc9b",
            "ticker": "KXHIGHNY-24NOV25-T50",
            "count": 1,
            "created_time": "2024-11-25T02:44:03.349267Z",
            "yes_price": 2,
            "no_price": 98,
            "taker_side": "no"
        },
        {
            "trade_id": "112defc7-a84f-4490-a52a-baeaf99903a4",
            "ticker": "KXHIGHNY-24NOV25-T50",
            "count": 1,
            "created_time": "2024-11-25T02:41:06.819817Z",
            "yes_price": 2,
            "no_price": 98,
            "taker_side": "no"
        },
        {
            "trade_id": "14be9298-01e4-44c1-9eda-84bb8b738170",
            "ticker": "KXHIGHNY-24NOV25-T50",
            "count": 1,
            "created_time": "2024-11-25T02:37:56.632596Z",
            "yes_price": 2,
            "no_price": 98,
            "taker_side": "no"
        },
        {
            "trade_id": "cbefd5a0-2a98-414e-9994-0b3d45d248f3",
            "ticker": "KXHIGHNY-24NOV25-T50",
            "count": 1,
            "created_time": "2024-11-25T02:34:48.290628Z",
            "yes_price": 2,
            "no_price": 98,
            "taker_side": "no"
        },
        {
            "trade_id": "27f2bae8-9284-4b98-a046-89bc94c1f362",
            "ticker": "KXHIGHNY-24NOV25-T50",
            "count": 32,
            "created_time": "2024-11-25T02:31:51.43852Z",
            "yes_price": 2,
            "no_price": 98,
            "taker_side": "no"
        },
        {
            "trade_id": "9a0afe19-f8bf-4561-94f1-92ac10d187b6",
            "ticker": "KXHIGHNY-24NOV25-T50",
            "count": 1,
            "created_time": "2024-11-25T02:31:44.963703Z",
            "yes_price": 2,
            "no_price": 98,
            "taker_side": "no"
        },
        {
            "trade_id": "03ca4ff6-f2ef-4312-9ca9-cea69599da5f",
            "ticker": "KXHIGHNY-24NOV25-T50",
            "count": 100,
            "created_time": "2024-11-25T02:20:35.824477Z",
            "yes_price": 2,
            "no_price": 98,
            "taker_side": "no"
        },
        {
            "trade_id": "fc45fbbd-5e1f-4006-9586-6c07dddc022d",
            "ticker": "KXHIGHNY-24NOV25-T50",
            "count": 198,
            "created_time": "2024-11-25T01:29:41.197662Z",
            "yes_price": 2,
            "no_price": 98,
            "taker_side": "no"
        },
        {
            "trade_id": "ef7bf471-7a3c-42ab-ba09-6b96ba914ee0",
            "ticker": "KXHIGHNY-24NOV25-T50",
            "count": 305,
            "created_time": "2024-11-25T01:22:14.590358Z",
            "yes_price": 2,
            "no_price": 98,
            "taker_side": "no"
        },
        {
            "trade_id": "039bd807-a813-44bd-a047-4ec6e9f413f9",
            "ticker": "KXHIGHNY-24NOV25-T50",
            "count": 1,
            "created_time": "2024-11-25T01:19:27.20598Z",
            "yes_price": 2,
            "no_price": 98,
            "taker_side": "no"
        },
        {
            "trade_id": "a494375a-9f59-4ef1-b6c3-c83c0b46939b",
            "ticker": "KXHIGHNY-24NOV25-T50",
            "count": 5,
            "created_time": "2024-11-25T01:19:06.70154Z",
            "yes_price": 2,
            "no_price": 98,
            "taker_side": "no"
        },
        {
            "trade_id": "8fecf92c-b9c0-45ac-9316-6f79b6dd3507",
            "ticker": "KXHIGHNY-24NOV25-T50",
            "count": 1,
            "created_time": "2024-11-25T01:18:53.547976Z",
            "yes_price": 2,
            "no_price": 98,
            "taker_side": "no"
        },
        {
            "trade_id": "cb73ad3a-9e35-4ab5-8f11-11b4f12195ea",
            "ticker": "KXHIGHNY-24NOV25-T50",
            "count": 312,
            "created_time": "2024-11-25T01:18:52.506635Z",
            "yes_price": 3,
            "no_price": 97,
            "taker_side": "yes"
        },
        {
            "trade_id": "217c7ea5-fa94-485d-a373-620e4d59c21d",
            "ticker": "KXHIGHNY-24NOV25-T50",
            "count": 51,
            "created_time": "2024-11-25T01:16:17.550253Z",
            "yes_price": 2,
            "no_price": 98,
            "taker_side": "no"
        },
        {
            "trade_id": "a800f9b2-6eaa-4281-9c64-192da7486e10",
            "ticker": "KXHIGHNY-24NOV25-T50",
            "count": 93,
            "created_time": "2024-11-25T00:51:47.208104Z",
            "yes_price": 3,
            "no_price": 97,
            "taker_side": "yes"
        },
        {
            "trade_id": "95bc861a-007a-4f4c-81e0-21312dc1f71c",
            "ticker": "KXHIGHNY-24NOV25-T50",
            "count": 22,
            "created_time": "2024-11-25T00:44:57.658556Z",
            "yes_price": 1,
            "no_price": 99,
            "taker_side": "no"
        },
        {
            "trade_id": "826b1f79-e3bf-4be4-864c-8967ceae578d",
            "ticker": "KXHIGHNY-24NOV25-T50",
            "count": 18,
            "created_time": "2024-11-25T00:41:45.325784Z",
            "yes_price": 1,
            "no_price": 99,
            "taker_side": "no"
        },
        {
            "trade_id": "96ab8f5b-ae52-417a-8855-c429db7f78df",
            "ticker": "KXHIGHNY-24NOV25-T50",
            "count": 35,
            "created_time": "2024-11-25T00:39:02.828391Z",
            "yes_price": 1,
            "no_price": 99,
            "taker_side": "no"
        },
        {
            "trade_id": "80818381-e884-4cf3-a19e-208664677df5",
            "ticker": "KXHIGHNY-24NOV25-T50",
            "count": 10,
            "created_time": "2024-11-25T00:32:33.502988Z",
            "yes_price": 1,
            "no_price": 99,
            "taker_side": "no"
        },
        {
            "trade_id": "2ee8530e-750b-49f4-970e-1d84f7d16e6b",
            "ticker": "KXHIGHNY-24NOV25-T50",
            "count": 40,
            "created_time": "2024-11-25T00:21:37.332173Z",
            "yes_price": 1,
            "no_price": 99,
            "taker_side": "no"
        },
        {
            "trade_id": "d3903141-c942-40a7-ab43-d895f6b069ed",
            "ticker": "KXHIGHNY-24NOV25-T50",
            "count": 25,
            "created_time": "2024-11-25T00:16:43.72501Z",
            "yes_price": 1,
            "no_price": 99,
            "taker_side": "no"
        },
        {
            "trade_id": "b379a6f3-7adb-4c85-9711-bf1d9f55a10a",
            "ticker": "KXHIGHNY-24NOV25-T50",
            "count": 20,
            "created_time": "2024-11-25T00:10:47.10787Z",
            "yes_price": 1,
            "no_price": 99,
            "taker_side": "no"
        },
        {
            "trade_id": "a1307571-4c43-47d0-a549-ba78ce79116b",
            "ticker": "KXHIGHNY-24NOV25-T50",
            "count": 100,
            "created_time": "2024-11-25T00:10:26.365273Z",
            "yes_price": 1,
            "no_price": 99,
            "taker_side": "no"
        },
        {
            "trade_id": "258cba61-4abb-4e96-a99f-04f132cb67c2",
            "ticker": "KXHIGHNY-24NOV25-T50",
            "count": 9,
            "created_time": "2024-11-24T23:36:42.732807Z",
            "yes_price": 1,
            "no_price": 99,
            "taker_side": "no"
        },
        {
            "trade_id": "dd9dbec2-497b-41ed-be95-805b7b4f4b78",
            "ticker": "KXHIGHNY-24NOV25-T50",
            "count": 4,
            "created_time": "2024-11-24T23:36:42.707742Z",
            "yes_price": 1,
            "no_price": 99,
            "taker_side": "no"
        },
        {
            "trade_id": "ce35c8dd-757f-40b2-a294-5c2707b07aed",
            "ticker": "KXHIGHNY-24NOV25-T50",
            "count": 13,
            "created_time": "2024-11-24T23:36:42.698169Z",
            "yes_price": 1,
            "no_price": 99,
            "taker_side": "no"
        },
        {
            "trade_id": "3c119851-a9d2-43fe-865b-526cd2ffd920",
            "ticker": "KXHIGHNY-24NOV25-T50",
            "count": 9,
            "created_time": "2024-11-24T23:36:42.59203Z",
            "yes_price": 1,
            "no_price": 99,
            "taker_side": "no"
        },
        {
            "trade_id": "9ec2906b-508c-4d6e-95e4-f17d74795990",
            "ticker": "KXHIGHNY-24NOV25-T50",
            "count": 20,
            "created_time": "2024-11-24T23:18:35.889936Z",
            "yes_price": 2,
            "no_price": 98,
            "taker_side": "no"
        },
        {
            "trade_id": "e69c74d7-6b5a-4657-ba6b-d565be0aa213",
            "ticker": "KXHIGHNY-24NOV25-T50",
            "count": 5,
            "created_time": "2024-11-24T23:16:57.309491Z",
            "yes_price": 2,
            "no_price": 98,
            "taker_side": "no"
        },
        {
            "trade_id": "7245ef85-48a0-4095-aa5d-00bd2f1eaefd",
            "ticker": "KXHIGHNY-24NOV25-T50",
            "count": 93,
            "created_time": "2024-11-24T22:22:16.327403Z",
            "yes_price": 5,
            "no_price": 95,
            "taker_side": "yes"
        },
        {
            "trade_id": "6c64ad66-efee-4d73-9de0-6d47b8cc1cce",
            "ticker": "KXHIGHNY-24NOV25-T50",
            "count": 6,
            "created_time": "2024-11-24T21:40:12.21174Z",
            "yes_price": 5,
            "no_price": 95,
            "taker_side": "yes"
        },
        {
            "trade_id": "0fb5657b-1a73-4a43-9f42-f6e7757c36f4",
            "ticker": "KXHIGHNY-24NOV25-T50",
            "count": 504,
            "created_time": "2024-11-24T21:16:11.98401Z",
            "yes_price": 1,
            "no_price": 99,
            "taker_side": "no"
        },
        {
            "trade_id": "798f2657-0e08-4c04-9434-d1d86da2530c",
            "ticker": "KXHIGHNY-24NOV25-T50",
            "count": 57,
            "created_time": "2024-11-24T21:10:24.37916Z",
            "yes_price": 7,
            "no_price": 93,
            "taker_side": "yes"
        },
        {
            "trade_id": "74bda15d-1945-4879-9ef9-59a988b98d8c",
            "ticker": "KXHIGHNY-24NOV25-T50",
            "count": 24,
            "created_time": "2024-11-24T21:10:24.37916Z",
            "yes_price": 3,
            "no_price": 97,
            "taker_side": "yes"
        },
        {
            "trade_id": "44ad0349-8756-43e0-933a-e56d00c74adf",
            "ticker": "KXHIGHNY-24NOV25-T50",
            "count": 7,
            "created_time": "2024-11-24T21:10:24.37916Z",
            "yes_price": 6,
            "no_price": 94,
            "taker_side": "yes"
        },
        {
            "trade_id": "876e5d33-823d-4d75-872c-938f72845b66",
            "ticker": "KXHIGHNY-24NOV25-T50",
            "count": 1009,
            "created_time": "2024-11-24T21:09:25.753273Z",
            "yes_price": 1,
            "no_price": 99,
            "taker_side": "no"
        },
        {
            "trade_id": "c86cb383-676e-45ba-bbb7-3f251c92d619",
            "ticker": "KXHIGHNY-24NOV25-T50",
            "count": 20,
            "created_time": "2024-11-24T21:02:32.827045Z",
            "yes_price": 1,
            "no_price": 99,
            "taker_side": "no"
        },
        {
            "trade_id": "e5fa0bee-842a-48e6-b8a3-8dda1208fc96",
            "ticker": "KXHIGHNY-24NOV25-T50",
            "count": 410,
            "created_time": "2024-11-24T20:57:44.981359Z",
            "yes_price": 1,
            "no_price": 99,
            "taker_side": "no"
        },
        {
            "trade_id": "a888eed4-c66d-401a-bd0f-29c786f12213",
            "ticker": "KXHIGHNY-24NOV25-T50",
            "count": 18,
            "created_time": "2024-11-24T20:57:44.981359Z",
            "yes_price": 2,
            "no_price": 98,
            "taker_side": "no"
        },
        {
            "trade_id": "9dd5bf7f-a792-4dfa-aeb6-8d96144cfeb1",
            "ticker": "KXHIGHNY-24NOV25-T50",
            "count": 60,
            "created_time": "2024-11-24T20:57:29.788124Z",
            "yes_price": 2,
            "no_price": 98,
            "taker_side": "no"
        },
        {
            "trade_id": "2371492a-922a-40fc-805c-8217f87265d9",
            "ticker": "KXHIGHNY-24NOV25-T50",
            "count": 40,
            "created_time": "2024-11-24T20:57:29.788124Z",
            "yes_price": 2,
            "no_price": 98,
            "taker_side": "no"
        },
        {
            "trade_id": "31b56f8c-6de1-4e4c-ba08-37b3e96434cd",
            "ticker": "KXHIGHNY-24NOV25-T50",
            "count": 31,
            "created_time": "2024-11-24T20:57:29.681333Z",
            "yes_price": 3,
            "no_price": 97,
            "taker_side": "no"
        },
        {
            "trade_id": "972cf653-8476-47ff-af7a-e43681c151cf",
            "ticker": "KXHIGHNY-24NOV25-T50",
            "count": 25,
            "created_time": "2024-11-24T20:54:34.14999Z",
            "yes_price": 4,
            "no_price": 96,
            "taker_side": "no"
        },
        {
            "trade_id": "ea2a1c9e-c8d6-447c-b087-d15a725d460e",
            "ticker": "KXHIGHNY-24NOV25-T50",
            "count": 1,
            "created_time": "2024-11-24T20:49:05.164401Z",
            "yes_price": 5,
            "no_price": 95,
            "taker_side": "no"
        },
        {
            "trade_id": "4ec007b8-8933-42af-9c08-a12313743128",
            "ticker": "KXHIGHNY-24NOV25-T50",
            "count": 24,
            "created_time": "2024-11-24T20:48:27.625336Z",
            "yes_price": 5,
            "no_price": 95,
            "taker_side": "no"
        },
        {
            "trade_id": "1c529063-229d-4524-8766-ae23f0d38b26",
            "ticker": "KXHIGHNY-24NOV25-T50",
            "count": 3,
            "created_time": "2024-11-24T20:44:37.033123Z",
            "yes_price": 6,
            "no_price": 94,
            "taker_side": "yes"
        },
        {
            "trade_id": "2fd8b08d-e4c9-4771-a22e-3786861ab0bd",
            "ticker": "KXHIGHNY-24NOV25-T50",
            "count": 75,
            "created_time": "2024-11-24T20:42:24.397979Z",
            "yes_price": 3,
            "no_price": 97,
            "taker_side": "no"
        },
        {
            "trade_id": "4d19b6ab-1c56-4f86-81a7-4a72ba241c5c",
            "ticker": "KXHIGHNY-24NOV25-T50",
            "count": 1,
            "created_time": "2024-11-24T20:27:14.748672Z",
            "yes_price": 2,
            "no_price": 98,
            "taker_side": "yes"
        },
        {
            "trade_id": "d1d934da-e89c-4d65-8703-34034cbc3605",
            "ticker": "KXHIGHNY-24NOV25-T50",
            "count": 4,
            "created_time": "2024-11-24T19:18:08.48642Z",
            "yes_price": 6,
            "no_price": 94,
            "taker_side": "yes"
        },
        {
            "trade_id": "71c410a6-0be8-4a9a-a032-f0ab0a787270",
            "ticker": "KXHIGHNY-24NOV25-T50",
            "count": 30,
            "created_time": "2024-11-24T19:18:08.48642Z",
            "yes_price": 1,
            "no_price": 99,
            "taker_side": "yes"
        },
        {
            "trade_id": "40bbbfc4-c9b9-4542-9bd3-df354dc1c46e",
            "ticker": "KXHIGHNY-24NOV25-T50",
            "count": 394,
            "created_time": "2024-11-24T19:18:08.48642Z",
            "yes_price": 7,
            "no_price": 93,
            "taker_side": "yes"
        },
        {
            "trade_id": "384fca34-b2a2-4d55-979c-e71415b08df1",
            "ticker": "KXHIGHNY-24NOV25-T50",
            "count": 100,
            "created_time": "2024-11-24T15:11:45.124089Z",
            "yes_price": 1,
            "no_price": 99,
            "taker_side": "yes"
        },
        {
            "trade_id": "6b479335-d009-4995-843f-5212c70451d9",
            "ticker": "KXHIGHNY-24NOV25-T50",
            "count": 120,
            "created_time": "2024-11-24T15:05:13.924443Z",
            "yes_price": 1,
            "no_price": 99,
            "taker_side": "no"
        }
    ],
    "KXHIGHNY-24NOV25-B50.5": [
        {
            "trade_id": "4e287b9c-06d2-4261-b192-19e03b7b591a",
            "ticker": "KXHIGHNY-24NOV25-B50.5",
            "count": 93,
            "created_time": "2024-11-26T04:44:35.891613Z",
            "yes_price": 1,
            "no_price": 99,
            "taker_side": "yes"
        },
        {
            "trade_id": "127e77a9-9de5-44dc-bc0b-58b4801bce8a",
            "ticker": "KXHIGHNY-24NOV25-B50.5",
            "count": 1000,
            "created_time": "2024-11-25T19:57:35.830389Z",
            "yes_price": 1,
            "no_price": 99,
            "taker_side": "yes"
        },
        {
            "trade_id": "e22e7479-8155-405b-babb-bda817d78d45",
            "ticker": "KXHIGHNY-24NOV25-B50.5",
            "count": 90,
            "created_time": "2024-11-25T18:18:45.751222Z",
            "yes_price": 1,
            "no_price": 99,
            "taker_side": "yes"
        },
        {
            "trade_id": "42c04aa7-d1b4-441c-91a7-7ce809a0a852",
            "ticker": "KXHIGHNY-24NOV25-B50.5",
            "count": 300,
            "created_time": "2024-11-25T18:09:52.428492Z",
            "yes_price": 1,
            "no_price": 99,
            "taker_side": "yes"
        },
        {
            "trade_id": "e9f14cd4-0e8f-497f-b861-465f26c2c37d",
            "ticker": "KXHIGHNY-24NOV25-B50.5",
            "count": 239,
            "created_time": "2024-11-25T18:02:26.664409Z",
            "yes_price": 1,
            "no_price": 99,
            "taker_side": "yes"
        },
        {
            "trade_id": "7fd04db5-1ac3-4995-bbfd-c07079c4d4bf",
            "ticker": "KXHIGHNY-24NOV25-B50.5",
            "count": 125,
            "created_time": "2024-11-25T17:47:35.555248Z",
            "yes_price": 1,
            "no_price": 99,
            "taker_side": "no"
        },
        {
            "trade_id": "60380c7b-fcf3-4377-a61a-9cac19e0069d",
            "ticker": "KXHIGHNY-24NOV25-B50.5",
            "count": 25,
            "created_time": "2024-11-25T17:43:49.818944Z",
            "yes_price": 1,
            "no_price": 99,
            "taker_side": "no"
        },
        {
            "trade_id": "a048fcb1-2cba-41fc-8c7e-261bcf1c3420",
            "ticker": "KXHIGHNY-24NOV25-B50.5",
            "count": 205,
            "created_time": "2024-11-25T17:41:46.331078Z",
            "yes_price": 1,
            "no_price": 99,
            "taker_side": "no"
        },
        {
            "trade_id": "4bb52a9b-1f38-49e5-ba75-9bf2b649d55d",
            "ticker": "KXHIGHNY-24NOV25-B50.5",
            "count": 50,
            "created_time": "2024-11-25T17:40:41.862977Z",
            "yes_price": 1,
            "no_price": 99,
            "taker_side": "no"
        },
        {
            "trade_id": "328ccee6-e3f8-4f84-a2ab-73821da67b2a",
            "ticker": "KXHIGHNY-24NOV25-B50.5",
            "count": 192,
            "created_time": "2024-11-25T17:40:41.862977Z",
            "yes_price": 1,
            "no_price": 99,
            "taker_side": "no"
        },
        {
            "trade_id": "e1ddb4ba-914d-4df9-adff-f004f9cf6a2d",
            "ticker": "KXHIGHNY-24NOV25-B50.5",
            "count": 234,
            "created_time": "2024-11-25T17:31:34.864419Z",
            "yes_price": 4,
            "no_price": 96,
            "taker_side": "yes"
        },
        {
            "trade_id": "fbadd940-32a6-48c0-ba55-b2f0c5528bfd",
            "ticker": "KXHIGHNY-24NOV25-B50.5",
            "count": 468,
            "created_time": "2024-11-25T17:31:20.426899Z",
            "yes_price": 4,
            "no_price": 96,
            "taker_side": "yes"
        },
        {
            "trade_id": "72b92d66-deb7-4170-85a5-28dfd843c103",
            "ticker": "KXHIGHNY-24NOV25-B50.5",
            "count": 3,
            "created_time": "2024-11-25T17:28:56.328205Z",
            "yes_price": 1,
            "no_price": 99,
            "taker_side": "no"
        },
        {
            "trade_id": "72826c52-7624-47e8-b451-9328872ed439",
            "ticker": "KXHIGHNY-24NOV25-B50.5",
            "count": 585,
            "created_time": "2024-11-25T17:24:51.761287Z",
            "yes_price": 4,
            "no_price": 96,
            "taker_side": "yes"
        },
        {
            "trade_id": "c9329e47-edf4-47d2-8886-60451863d5f5",
            "ticker": "KXHIGHNY-24NOV25-B50.5",
            "count": 5,
            "created_time": "2024-11-25T17:24:17.706692Z",
            "yes_price": 4,
            "no_price": 96,
            "taker_side": "yes"
        },
        {
            "trade_id": "8a0cbf92-c8d4-4024-b988-14ad48e56c5e",
            "ticker": "KXHIGHNY-24NOV25-B50.5",
            "count": 40,
            "created_time": "2024-11-25T17:22:26.698461Z",
            "yes_price": 1,
            "no_price": 99,
            "taker_side": "no"
        },
        {
            "trade_id": "3b541c1b-e247-444a-a174-a6eb2318289a",
            "ticker": "KXHIGHNY-24NOV25-B50.5",
            "count": 188,
            "created_time": "2024-11-25T17:18:35.017594Z",
            "yes_price": 1,
            "no_price": 99,
            "taker_side": "no"
        },
        {
            "trade_id": "5c0b54b8-97e6-40ff-bcde-0c057970aa9e",
            "ticker": "KXHIGHNY-24NOV25-B50.5",
            "count": 60,
            "created_time": "2024-11-25T17:18:23.859594Z",
            "yes_price": 4,
            "no_price": 96,
            "taker_side": "yes"
        },
        {
            "trade_id": "6a1afeef-b40b-42f6-a587-6e05e2133304",
            "ticker": "KXHIGHNY-24NOV25-B50.5",
            "count": 100,
            "created_time": "2024-11-25T17:14:14.568335Z",
            "yes_price": 4,
            "no_price": 96,
            "taker_side": "yes"
        },
        {
            "trade_id": "4fcb8299-561c-4d26-9f5d-a08d3c64bbf9",
            "ticker": "KXHIGHNY-24NOV25-B50.5",
            "count": 39,
            "created_time": "2024-11-25T17:14:10.138502Z",
            "yes_price": 1,
            "no_price": 99,
            "taker_side": "no"
        },
        {
            "trade_id": "6479d5c6-5b92-46ff-aee7-5df19cf36901",
            "ticker": "KXHIGHNY-24NOV25-B50.5",
            "count": 1400,
            "created_time": "2024-11-25T17:12:04.635395Z",
            "yes_price": 4,
            "no_price": 96,
            "taker_side": "yes"
        },
        {
            "trade_id": "310c6f0e-5f9c-4667-82fc-d85e4e974c3f",
            "ticker": "KXHIGHNY-24NOV25-B50.5",
            "count": 3,
            "created_time": "2024-11-25T17:12:04.635395Z",
            "yes_price": 4,
            "no_price": 96,
            "taker_side": "yes"
        },
        {
            "trade_id": "155b7470-6493-45fc-9f17-61d39654f744",
            "ticker": "KXHIGHNY-24NOV25-B50.5",
            "count": 5,
            "created_time": "2024-11-25T17:11:19.512019Z",
            "yes_price": 1,
            "no_price": 99,
            "taker_side": "no"
        },
        {
            "trade_id": "00c1c377-7d21-45cd-bca4-7cc71f81138e",
            "ticker": "KXHIGHNY-24NOV25-B50.5",
            "count": 1,
            "created_time": "2024-11-25T17:00:46.921606Z",
            "yes_price": 3,
            "no_price": 97,
            "taker_side": "yes"
        },
        {
            "trade_id": "c6e47643-006e-47f3-8c5d-ec17bc4f8090",
            "ticker": "KXHIGHNY-24NOV25-B50.5",
            "count": 29,
            "created_time": "2024-11-25T16:52:12.156919Z",
            "yes_price": 1,
            "no_price": 99,
            "taker_side": "no"
        },
        {
            "trade_id": "ac72bff2-ef86-4374-8fe2-b9c508b7ac26",
            "ticker": "KXHIGHNY-24NOV25-B50.5",
            "count": 5,
            "created_time": "2024-11-25T16:46:23.987627Z",
            "yes_price": 4,
            "no_price": 96,
            "taker_side": "yes"
        },
        {
            "trade_id": "25f58ce6-bd1a-41a1-98a2-4698f8455ac3",
            "ticker": "KXHIGHNY-24NOV25-B50.5",
            "count": 5,
            "created_time": "2024-11-25T16:37:57.469012Z",
            "yes_price": 3,
            "no_price": 97,
            "taker_side": "no"
        },
        {
            "trade_id": "0a7a39dc-8c3e-4172-8b4b-a57cf4c4476c",
            "ticker": "KXHIGHNY-24NOV25-B50.5",
            "count": 20,
            "created_time": "2024-11-25T16:37:27.481824Z",
            "yes_price": 3,
            "no_price": 97,
            "taker_side": "no"
        },
        {
            "trade_id": "963ffb5f-c0a6-4b4f-8dcf-9370331136eb",
            "ticker": "KXHIGHNY-24NOV25-B50.5",
            "count": 1,
            "created_time": "2024-11-25T16:36:25.303612Z",
            "yes_price": 9,
            "no_price": 91,
            "taker_side": "yes"
        },
        {
            "trade_id": "821a70c8-cb1c-47ac-b5ec-d87d00494c45",
            "ticker": "KXHIGHNY-24NOV25-B50.5",
            "count": 1,
            "created_time": "2024-11-25T16:35:18.757337Z",
            "yes_price": 7,
            "no_price": 93,
            "taker_side": "yes"
        },
        {
            "trade_id": "7f50b70f-b370-4d22-9850-3aab4a647138",
            "ticker": "KXHIGHNY-24NOV25-B50.5",
            "count": 1,
            "created_time": "2024-11-25T16:35:18.757337Z",
            "yes_price": 8,
            "no_price": 92,
            "taker_side": "yes"
        },
        {
            "trade_id": "65077d8c-a8d5-4910-9140-61b3b5af8128",
            "ticker": "KXHIGHNY-24NOV25-B50.5",
            "count": 5,
            "created_time": "2024-11-25T16:35:18.757337Z",
            "yes_price": 10,
            "no_price": 90,
            "taker_side": "yes"
        },
        {
            "trade_id": "00c92973-eb44-4793-acf5-00553a22947b",
            "ticker": "KXHIGHNY-24NOV25-B50.5",
            "count": 12,
            "created_time": "2024-11-25T16:35:18.757337Z",
            "yes_price": 10,
            "no_price": 90,
            "taker_side": "yes"
        },
        {
            "trade_id": "5395f2e2-91bc-4de0-9d95-be1bdfe8fbd2",
            "ticker": "KXHIGHNY-24NOV25-B50.5",
            "count": 99,
            "created_time": "2024-11-25T16:27:36.87341Z",
            "yes_price": 6,
            "no_price": 94,
            "taker_side": "yes"
        },
        {
            "trade_id": "4357db64-7f22-4643-8cba-4c0419e7032b",
            "ticker": "KXHIGHNY-24NOV25-B50.5",
            "count": 40,
            "created_time": "2024-11-25T16:27:36.87341Z",
            "yes_price": 6,
            "no_price": 94,
            "taker_side": "yes"
        },
        {
            "trade_id": "397bcc9a-c8dd-4a5f-8d1f-633eebbe29ab",
            "ticker": "KXHIGHNY-24NOV25-B50.5",
            "count": 60,
            "created_time": "2024-11-25T16:27:36.87341Z",
            "yes_price": 6,
            "no_price": 94,
            "taker_side": "yes"
        },
        {
            "trade_id": "118fca6f-03ad-4173-9893-075fdcc23f9c",
            "ticker": "KXHIGHNY-24NOV25-B50.5",
            "count": 1,
            "created_time": "2024-11-25T16:27:36.87341Z",
            "yes_price": 6,
            "no_price": 94,
            "taker_side": "yes"
        },
        {
            "trade_id": "ff9bded3-4f7a-4aa1-9ac4-ee8a3c34afe1",
            "ticker": "KXHIGHNY-24NOV25-B50.5",
            "count": 158,
            "created_time": "2024-11-25T16:26:28.79315Z",
            "yes_price": 6,
            "no_price": 94,
            "taker_side": "yes"
        },
        {
            "trade_id": "d8a8511a-583a-42dc-a25c-0f1f0e84ed6a",
            "ticker": "KXHIGHNY-24NOV25-B50.5",
            "count": 40,
            "created_time": "2024-11-25T16:26:28.79315Z",
            "yes_price": 6,
            "no_price": 94,
            "taker_side": "yes"
        },
        {
            "trade_id": "7e8c1062-2f0e-46bf-9549-797801762855",
            "ticker": "KXHIGHNY-24NOV25-B50.5",
            "count": 2,
            "created_time": "2024-11-25T16:26:28.79315Z",
            "yes_price": 6,
            "no_price": 94,
            "taker_side": "yes"
        },
        {
            "trade_id": "ca9fa4f0-7d15-47b9-8347-0b08f3b91d01",
            "ticker": "KXHIGHNY-24NOV25-B50.5",
            "count": 1,
            "created_time": "2024-11-25T16:23:17.11686Z",
            "yes_price": 4,
            "no_price": 96,
            "taker_side": "yes"
        },
        {
            "trade_id": "25febff9-ec62-40e2-973f-4d18d0acd932",
            "ticker": "KXHIGHNY-24NOV25-B50.5",
            "count": 1,
            "created_time": "2024-11-25T16:23:17.11686Z",
            "yes_price": 5,
            "no_price": 95,
            "taker_side": "yes"
        },
        {
            "trade_id": "0abca844-c470-4b1d-8117-cc25ee921043",
            "ticker": "KXHIGHNY-24NOV25-B50.5",
            "count": 198,
            "created_time": "2024-11-25T16:23:17.11686Z",
            "yes_price": 6,
            "no_price": 94,
            "taker_side": "yes"
        },
        {
            "trade_id": "84c1ce3e-73bc-4eff-bcfc-3899ad4ea994",
            "ticker": "KXHIGHNY-24NOV25-B50.5",
            "count": 1,
            "created_time": "2024-11-25T16:22:16.496459Z",
            "yes_price": 3,
            "no_price": 97,
            "taker_side": "yes"
        },
        {
            "trade_id": "7915d03e-55ee-44d0-8377-671ad2f15cc9",
            "ticker": "KXHIGHNY-24NOV25-B50.5",
            "count": 240,
            "created_time": "2024-11-25T16:20:58.371183Z",
            "yes_price": 6,
            "no_price": 94,
            "taker_side": "yes"
        },
        {
            "trade_id": "64c5ae9d-9134-4798-81f3-bfe5790958fb",
            "ticker": "KXHIGHNY-24NOV25-B50.5",
            "count": 9,
            "created_time": "2024-11-25T16:20:56.248501Z",
            "yes_price": 2,
            "no_price": 98,
            "taker_side": "no"
        },
        {
            "trade_id": "afb49cf3-87c7-4d99-bf4c-e9502eced76a",
            "ticker": "KXHIGHNY-24NOV25-B50.5",
            "count": 150,
            "created_time": "2024-11-25T16:19:31.3654Z",
            "yes_price": 5,
            "no_price": 95,
            "taker_side": "yes"
        },
        {
            "trade_id": "d00678fd-6078-4dc0-8f62-54a825daf119",
            "ticker": "KXHIGHNY-24NOV25-B50.5",
            "count": 150,
            "created_time": "2024-11-25T16:18:43.062025Z",
            "yes_price": 5,
            "no_price": 95,
            "taker_side": "yes"
        },
        {
            "trade_id": "488c619e-3b1c-439c-84f8-68f0f65098e1",
            "ticker": "KXHIGHNY-24NOV25-B50.5",
            "count": 150,
            "created_time": "2024-11-25T16:18:22.045931Z",
            "yes_price": 5,
            "no_price": 95,
            "taker_side": "yes"
        },
        {
            "trade_id": "f46fe38c-637f-463b-9fec-a9b79bb55436",
            "ticker": "KXHIGHNY-24NOV25-B50.5",
            "count": 2,
            "created_time": "2024-11-25T16:17:34.048263Z",
            "yes_price": 5,
            "no_price": 95,
            "taker_side": "yes"
        },
        {
            "trade_id": "d587f508-586d-4d0f-a6a3-065f7cde8d54",
            "ticker": "KXHIGHNY-24NOV25-B50.5",
            "count": 20,
            "created_time": "2024-11-25T16:17:34.048263Z",
            "yes_price": 5,
            "no_price": 95,
            "taker_side": "yes"
        },
        {
            "trade_id": "706562ba-6de0-471a-ab50-eb204d058b83",
            "ticker": "KXHIGHNY-24NOV25-B50.5",
            "count": 140,
            "created_time": "2024-11-25T16:17:34.048263Z",
            "yes_price": 5,
            "no_price": 95,
            "taker_side": "yes"
        },
        {
            "trade_id": "565f7454-d878-48ee-97c6-9651769fcc85",
            "ticker": "KXHIGHNY-24NOV25-B50.5",
            "count": 4,
            "created_time": "2024-11-25T16:17:34.048263Z",
            "yes_price": 5,
            "no_price": 95,
            "taker_side": "yes"
        },
        {
            "trade_id": "4f771cc4-53d7-4b25-9e74-d95fc541296c",
            "ticker": "KXHIGHNY-24NOV25-B50.5",
            "count": 80,
            "created_time": "2024-11-25T16:17:34.048263Z",
            "yes_price": 6,
            "no_price": 94,
            "taker_side": "yes"
        },
        {
            "trade_id": "4ef453a5-4d75-49a4-92a8-a84555631d4a",
            "ticker": "KXHIGHNY-24NOV25-B50.5",
            "count": 77,
            "created_time": "2024-11-25T16:17:34.048263Z",
            "yes_price": 7,
            "no_price": 93,
            "taker_side": "yes"
        },
        {
            "trade_id": "430186dd-9290-4d27-bb97-2b13fd227e2f",
            "ticker": "KXHIGHNY-24NOV25-B50.5",
            "count": 160,
            "created_time": "2024-11-25T16:17:34.048263Z",
            "yes_price": 6,
            "no_price": 94,
            "taker_side": "yes"
        },
        {
            "trade_id": "1e21c721-a534-4ab4-8ae5-7ba0e54db57a",
            "ticker": "KXHIGHNY-24NOV25-B50.5",
            "count": 78,
            "created_time": "2024-11-25T16:17:19.467661Z",
            "yes_price": 5,
            "no_price": 95,
            "taker_side": "yes"
        },
        {
            "trade_id": "0009b6d2-0601-4f1c-9a3a-7ab2c73e6e65",
            "ticker": "KXHIGHNY-24NOV25-B50.5",
            "count": 122,
            "created_time": "2024-11-25T16:17:19.467661Z",
            "yes_price": 5,
            "no_price": 95,
            "taker_side": "yes"
        },
        {
            "trade_id": "9c393189-0502-4a20-a6ff-8b9ee1d63501",
            "ticker": "KXHIGHNY-24NOV25-B50.5",
            "count": 1,
            "created_time": "2024-11-25T16:14:45.397524Z",
            "yes_price": 2,
            "no_price": 98,
            "taker_side": "no"
        },
        {
            "trade_id": "50acd3a0-11f4-46d3-af34-c11a68de6b5f",
            "ticker": "KXHIGHNY-24NOV25-B50.5",
            "count": 7,
            "created_time": "2024-11-25T16:13:49.726766Z",
            "yes_price": 2,
            "no_price": 98,
            "taker_side": "no"
        },
        {
            "trade_id": "5e9a9264-e00e-44e2-ab3f-21a05456cd4b",
            "ticker": "KXHIGHNY-24NOV25-B50.5",
            "count": 467,
            "created_time": "2024-11-25T16:06:44.208084Z",
            "yes_price": 2,
            "no_price": 98,
            "taker_side": "yes"
        },
        {
            "trade_id": "3306d5a9-fbb7-48fb-99ee-fee25e14069c",
            "ticker": "KXHIGHNY-24NOV25-B50.5",
            "count": 7,
            "created_time": "2024-11-25T16:05:14.05648Z",
            "yes_price": 1,
            "no_price": 99,
            "taker_side": "no"
        },
        {
            "trade_id": "eab354c4-c243-442b-9057-81b1a562d9e7",
            "ticker": "KXHIGHNY-24NOV25-B50.5",
            "count": 268,
            "created_time": "2024-11-25T15:59:17.906991Z",
            "yes_price": 5,
            "no_price": 95,
            "taker_side": "yes"
        },
        {
            "trade_id": "ee079e3c-4f2c-4cbc-b2d5-09355879bb3f",
            "ticker": "KXHIGHNY-24NOV25-B50.5",
            "count": 72,
            "created_time": "2024-11-25T15:59:02.962626Z",
            "yes_price": 1,
            "no_price": 99,
            "taker_side": "no"
        },
        {
            "trade_id": "62a3f0e8-4088-40b0-b70d-edfea4c3d16a",
            "ticker": "KXHIGHNY-24NOV25-B50.5",
            "count": 26,
            "created_time": "2024-11-25T15:59:02.962626Z",
            "yes_price": 1,
            "no_price": 99,
            "taker_side": "no"
        },
        {
            "trade_id": "5bd27236-9333-4e2f-92f6-cb9d76c5a9e9",
            "ticker": "KXHIGHNY-24NOV25-B50.5",
            "count": 29,
            "created_time": "2024-11-25T15:59:02.962626Z",
            "yes_price": 1,
            "no_price": 99,
            "taker_side": "no"
        },
        {
            "trade_id": "f05a4e8a-0c84-4996-b60c-e59aa6461713",
            "ticker": "KXHIGHNY-24NOV25-B50.5",
            "count": 28,
            "created_time": "2024-11-25T15:58:35.703138Z",
            "yes_price": 2,
            "no_price": 98,
            "taker_side": "no"
        },
        {
            "trade_id": "c9afb47f-7874-4c8b-8ed7-d0d9d5cbb0b0",
            "ticker": "KXHIGHNY-24NOV25-B50.5",
            "count": 250,
            "created_time": "2024-11-25T15:58:35.703138Z",
            "yes_price": 2,
            "no_price": 98,
            "taker_side": "no"
        },
        {
            "trade_id": "887dca42-e4f0-4a30-920e-68405a135906",
            "ticker": "KXHIGHNY-24NOV25-B50.5",
            "count": 6,
            "created_time": "2024-11-25T15:58:35.703138Z",
            "yes_price": 2,
            "no_price": 98,
            "taker_side": "no"
        },
        {
            "trade_id": "128fcf0e-65b5-4179-9151-d713f093f143",
            "ticker": "KXHIGHNY-24NOV25-B50.5",
            "count": 2,
            "created_time": "2024-11-25T15:58:35.703138Z",
            "yes_price": 1,
            "no_price": 99,
            "taker_side": "no"
        },
        {
            "trade_id": "0bcf00b3-b5d0-430a-b3e6-dcf81bfcbdc1",
            "ticker": "KXHIGHNY-24NOV25-B50.5",
            "count": 221,
            "created_time": "2024-11-25T15:58:35.703138Z",
            "yes_price": 1,
            "no_price": 99,
            "taker_side": "no"
        },
        {
            "trade_id": "9c5ed059-6fdf-4979-acd9-cac19804fb6d",
            "ticker": "KXHIGHNY-24NOV25-B50.5",
            "count": 2,
            "created_time": "2024-11-25T15:57:39.295402Z",
            "yes_price": 2,
            "no_price": 98,
            "taker_side": "no"
        },
        {
            "trade_id": "8f631bf0-e189-4270-8a17-fad4d7fe4d2a",
            "ticker": "KXHIGHNY-24NOV25-B50.5",
            "count": 100,
            "created_time": "2024-11-25T15:54:30.53245Z",
            "yes_price": 2,
            "no_price": 98,
            "taker_side": "no"
        },
        {
            "trade_id": "c4b717d9-1890-402c-8585-5d5f5a9b22ad",
            "ticker": "KXHIGHNY-24NOV25-B50.5",
            "count": 25,
            "created_time": "2024-11-25T15:54:24.122249Z",
            "yes_price": 2,
            "no_price": 98,
            "taker_side": "no"
        },
        {
            "trade_id": "631a3d9c-e9f3-4863-8275-4c26bc936968",
            "ticker": "KXHIGHNY-24NOV25-B50.5",
            "count": 10,
            "created_time": "2024-11-25T15:50:13.183868Z",
            "yes_price": 5,
            "no_price": 95,
            "taker_side": "yes"
        },
        {
            "trade_id": "76cb0299-2729-4900-8302-d05e226a1870",
            "ticker": "KXHIGHNY-24NOV25-B50.5",
            "count": 21,
            "created_time": "2024-11-25T15:40:24.013026Z",
            "yes_price": 2,
            "no_price": 98,
            "taker_side": "no"
        },
        {
            "trade_id": "d869f80a-9f28-4f4a-8d91-cae14bd7b618",
            "ticker": "KXHIGHNY-24NOV25-B50.5",
            "count": 16,
            "created_time": "2024-11-25T15:39:49.011995Z",
            "yes_price": 2,
            "no_price": 98,
            "taker_side": "no"
        },
        {
            "trade_id": "ff00e13b-3b62-465d-8f92-ba738e9da5e1",
            "ticker": "KXHIGHNY-24NOV25-B50.5",
            "count": 12,
            "created_time": "2024-11-25T15:39:35.448083Z",
            "yes_price": 2,
            "no_price": 98,
            "taker_side": "no"
        },
        {
            "trade_id": "a2282987-7025-41d4-9059-433d93a8cba8",
            "ticker": "KXHIGHNY-24NOV25-B50.5",
            "count": 509,
            "created_time": "2024-11-25T15:33:08.452599Z",
            "yes_price": 2,
            "no_price": 98,
            "taker_side": "no"
        },
        {
            "trade_id": "cbc424a5-2870-4116-839b-cb60e976ba27",
            "ticker": "KXHIGHNY-24NOV25-B50.5",
            "count": 6,
            "created_time": "2024-11-25T15:29:45.286573Z",
            "yes_price": 2,
            "no_price": 98,
            "taker_side": "no"
        },
        {
            "trade_id": "b2c86433-e34a-489e-9652-5a45e088aa29",
            "ticker": "KXHIGHNY-24NOV25-B50.5",
            "count": 239,
            "created_time": "2024-11-25T15:29:19.849986Z",
            "yes_price": 3,
            "no_price": 97,
            "taker_side": "no"
        },
        {
            "trade_id": "bb0e7ece-2716-401d-97ba-4646f0cb2d49",
            "ticker": "KXHIGHNY-24NOV25-B50.5",
            "count": 205,
            "created_time": "2024-11-25T15:28:06.584105Z",
            "yes_price": 3,
            "no_price": 97,
            "taker_side": "no"
        },
        {
            "trade_id": "9e8ffd31-5079-4fa3-ab0d-26c74f7a14e2",
            "ticker": "KXHIGHNY-24NOV25-B50.5",
            "count": 10,
            "created_time": "2024-11-25T15:27:14.84153Z",
            "yes_price": 3,
            "no_price": 97,
            "taker_side": "no"
        },
        {
            "trade_id": "f36ab5fc-a69f-4b50-980c-2c4148816af2",
            "ticker": "KXHIGHNY-24NOV25-B50.5",
            "count": 5,
            "created_time": "2024-11-25T15:26:11.732661Z",
            "yes_price": 3,
            "no_price": 97,
            "taker_side": "no"
        },
        {
            "trade_id": "fa11ecf7-aef2-47e9-b78a-7278d59270f9",
            "ticker": "KXHIGHNY-24NOV25-B50.5",
            "count": 123,
            "created_time": "2024-11-25T15:24:05.123381Z",
            "yes_price": 3,
            "no_price": 97,
            "taker_side": "no"
        },
        {
            "trade_id": "bd8b20dd-e07d-4dc8-9e54-aac6dc7ffb05",
            "ticker": "KXHIGHNY-24NOV25-B50.5",
            "count": 50,
            "created_time": "2024-11-25T15:23:21.53922Z",
            "yes_price": 3,
            "no_price": 97,
            "taker_side": "no"
        },
        {
            "trade_id": "9c98d2fe-43a8-4da8-ad8a-db303b5fb0eb",
            "ticker": "KXHIGHNY-24NOV25-B50.5",
            "count": 9,
            "created_time": "2024-11-25T15:20:32.076276Z",
            "yes_price": 3,
            "no_price": 97,
            "taker_side": "no"
        },
        {
            "trade_id": "95ea56aa-1a85-4dc4-be21-14453c4237a2",
            "ticker": "KXHIGHNY-24NOV25-B50.5",
            "count": 9,
            "created_time": "2024-11-25T15:20:32.019727Z",
            "yes_price": 3,
            "no_price": 97,
            "taker_side": "no"
        },
        {
            "trade_id": "51c433aa-58b4-4b53-af35-6ad880b2abbd",
            "ticker": "KXHIGHNY-24NOV25-B50.5",
            "count": 267,
            "created_time": "2024-11-25T15:14:59.44697Z",
            "yes_price": 3,
            "no_price": 97,
            "taker_side": "no"
        },
        {
            "trade_id": "18df23c0-4a24-4e1b-86b8-b2d96f5b735c",
            "ticker": "KXHIGHNY-24NOV25-B50.5",
            "count": 247,
            "created_time": "2024-11-25T15:14:59.44697Z",
            "yes_price": 3,
            "no_price": 97,
            "taker_side": "no"
        },
        {
            "trade_id": "6b88cf72-e7d7-4091-9f8b-2306f46b80f0",
            "ticker": "KXHIGHNY-24NOV25-B50.5",
            "count": 200,
            "created_time": "2024-11-25T15:14:56.404748Z",
            "yes_price": 5,
            "no_price": 95,
            "taker_side": "yes"
        },
        {
            "trade_id": "f433c35f-a76f-463b-a1ac-e09cc9f7301c",
            "ticker": "KXHIGHNY-24NOV25-B50.5",
            "count": 300,
            "created_time": "2024-11-25T15:14:49.156234Z",
            "yes_price": 4,
            "no_price": 96,
            "taker_side": "yes"
        },
        {
            "trade_id": "8e21c64d-4ef0-4fe9-abdc-9436151eda77",
            "ticker": "KXHIGHNY-24NOV25-B50.5",
            "count": 50,
            "created_time": "2024-11-25T15:14:49.156234Z",
            "yes_price": 4,
            "no_price": 96,
            "taker_side": "yes"
        },
        {
            "trade_id": "c61f5986-22b4-4333-b53e-97b6d750c9bf",
            "ticker": "KXHIGHNY-24NOV25-B50.5",
            "count": 3,
            "created_time": "2024-11-25T15:14:21.742101Z",
            "yes_price": 3,
            "no_price": 97,
            "taker_side": "no"
        },
        {
            "trade_id": "e8e9aec5-8645-41df-8a02-7758117e4a1a",
            "ticker": "KXHIGHNY-24NOV25-B50.5",
            "count": 4,
            "created_time": "2024-11-25T15:08:06.902022Z",
            "yes_price": 6,
            "no_price": 94,
            "taker_side": "yes"
        },
        {
            "trade_id": "b9e3ac91-0438-472a-af24-e056519d0bb9",
            "ticker": "KXHIGHNY-24NOV25-B50.5",
            "count": 417,
            "created_time": "2024-11-25T15:08:06.902022Z",
            "yes_price": 10,
            "no_price": 90,
            "taker_side": "yes"
        },
        {
            "trade_id": "b3e7402c-6931-4a97-8041-18f616e88df9",
            "ticker": "KXHIGHNY-24NOV25-B50.5",
            "count": 3,
            "created_time": "2024-11-25T15:08:06.902022Z",
            "yes_price": 4,
            "no_price": 96,
            "taker_side": "yes"
        },
        {
            "trade_id": "93f74610-410c-4f01-bace-a680583037ad",
            "ticker": "KXHIGHNY-24NOV25-B50.5",
            "count": 40,
            "created_time": "2024-11-25T15:08:06.902022Z",
            "yes_price": 6,
            "no_price": 94,
            "taker_side": "yes"
        },
        {
            "trade_id": "50990848-7574-49e4-9f7e-f70667c9963b",
            "ticker": "KXHIGHNY-24NOV25-B50.5",
            "count": 2,
            "created_time": "2024-11-25T15:08:06.902022Z",
            "yes_price": 7,
            "no_price": 93,
            "taker_side": "yes"
        },
        {
            "trade_id": "47ec057e-cf94-4783-9f94-9fa3181c632d",
            "ticker": "KXHIGHNY-24NOV25-B50.5",
            "count": 240,
            "created_time": "2024-11-25T15:08:06.902022Z",
            "yes_price": 4,
            "no_price": 96,
            "taker_side": "yes"
        },
        {
            "trade_id": "297f8ec6-4359-4054-9e89-209d20c7b380",
            "ticker": "KXHIGHNY-24NOV25-B50.5",
            "count": 6,
            "created_time": "2024-11-25T15:08:06.902022Z",
            "yes_price": 9,
            "no_price": 91,
            "taker_side": "yes"
        },
        {
            "trade_id": "23604839-f698-4813-aac1-241c90ead928",
            "ticker": "KXHIGHNY-24NOV25-B50.5",
            "count": 2,
            "created_time": "2024-11-25T15:08:06.902022Z",
            "yes_price": 5,
            "no_price": 95,
            "taker_side": "yes"
        },
        {
            "trade_id": "168a9537-4813-4d21-a44b-e12ff743311a",
            "ticker": "KXHIGHNY-24NOV25-B50.5",
            "count": 500,
            "created_time": "2024-11-25T15:08:06.902022Z",
            "yes_price": 3,
            "no_price": 97,
            "taker_side": "yes"
        },
        {
            "trade_id": "06d282af-bdba-46f9-ba81-a4d9efd397a6",
            "ticker": "KXHIGHNY-24NOV25-B50.5",
            "count": 240,
            "created_time": "2024-11-25T15:08:06.902022Z",
            "yes_price": 5,
            "no_price": 95,
            "taker_side": "yes"
        },
        {
            "trade_id": "0379c3c6-1ec4-4397-ab17-e11f1a942d1c",
            "ticker": "KXHIGHNY-24NOV25-B50.5",
            "count": 200,
            "created_time": "2024-11-25T15:08:06.902022Z",
            "yes_price": 6,
            "no_price": 94,
            "taker_side": "yes"
        },
        {
            "trade_id": "238d9032-1a4f-48cf-b97d-c5a676d7d94c",
            "ticker": "KXHIGHNY-24NOV25-B50.5",
            "count": 17,
            "created_time": "2024-11-25T15:07:40.960821Z",
            "yes_price": 2,
            "no_price": 98,
            "taker_side": "yes"
        },
        {
            "trade_id": "2272e9a0-132b-4cc4-a2a3-4dc86ae2e684",
            "ticker": "KXHIGHNY-24NOV25-B50.5",
            "count": 5,
            "created_time": "2024-11-25T15:07:40.960821Z",
            "yes_price": 2,
            "no_price": 98,
            "taker_side": "yes"
        },
        {
            "trade_id": "bef2e37b-b0dc-4e99-a8d8-07be7ab914e6",
            "ticker": "KXHIGHNY-24NOV25-B50.5",
            "count": 10,
            "created_time": "2024-11-25T15:05:18.241169Z",
            "yes_price": 1,
            "no_price": 99,
            "taker_side": "no"
        },
        {
            "trade_id": "1efbf1db-fd84-4528-a88f-fc7697452489",
            "ticker": "KXHIGHNY-24NOV25-B50.5",
            "count": 6,
            "created_time": "2024-11-25T14:46:58.670221Z",
            "yes_price": 2,
            "no_price": 98,
            "taker_side": "no"
        },
        {
            "trade_id": "de6403c7-bde8-4ac5-bf38-ee9da4be6085",
            "ticker": "KXHIGHNY-24NOV25-B50.5",
            "count": 81,
            "created_time": "2024-11-25T14:46:54.307364Z",
            "yes_price": 5,
            "no_price": 95,
            "taker_side": "yes"
        },
        {
            "trade_id": "c5b63883-713c-487c-8a92-23112e487f1d",
            "ticker": "KXHIGHNY-24NOV25-B50.5",
            "count": 461,
            "created_time": "2024-11-25T14:46:54.307364Z",
            "yes_price": 12,
            "no_price": 88,
            "taker_side": "yes"
        },
        {
            "trade_id": "b3a46b9a-d07f-4a99-b8a0-44c4aa8af0e3",
            "ticker": "KXHIGHNY-24NOV25-B50.5",
            "count": 5,
            "created_time": "2024-11-25T14:46:54.307364Z",
            "yes_price": 8,
            "no_price": 92,
            "taker_side": "yes"
        },
        {
            "trade_id": "75cc491b-32db-4b17-ab59-79c1267aaf43",
            "ticker": "KXHIGHNY-24NOV25-B50.5",
            "count": 4,
            "created_time": "2024-11-25T14:46:54.307364Z",
            "yes_price": 7,
            "no_price": 93,
            "taker_side": "yes"
        },
        {
            "trade_id": "68a4654e-2d1c-4979-bb30-18718ba75e76",
            "ticker": "KXHIGHNY-24NOV25-B50.5",
            "count": 240,
            "created_time": "2024-11-25T14:46:54.307364Z",
            "yes_price": 4,
            "no_price": 96,
            "taker_side": "yes"
        },
        {
            "trade_id": "604e6b58-e0c3-4d9a-813f-e7d0463e7f89",
            "ticker": "KXHIGHNY-24NOV25-B50.5",
            "count": 11,
            "created_time": "2024-11-25T14:46:54.307364Z",
            "yes_price": 11,
            "no_price": 89,
            "taker_side": "yes"
        },
        {
            "trade_id": "4f40d79f-cbc1-4971-a5d2-5f1bbcfe37fe",
            "ticker": "KXHIGHNY-24NOV25-B50.5",
            "count": 240,
            "created_time": "2024-11-25T14:46:54.307364Z",
            "yes_price": 6,
            "no_price": 94,
            "taker_side": "yes"
        },
        {
            "trade_id": "3e28f254-4bf8-4bc3-b9a3-a7e3b9a3db11",
            "ticker": "KXHIGHNY-24NOV25-B50.5",
            "count": 159,
            "created_time": "2024-11-25T14:46:54.307364Z",
            "yes_price": 5,
            "no_price": 95,
            "taker_side": "yes"
        },
        {
            "trade_id": "2dfad868-d8fa-4415-9c13-44a0324ea6a7",
            "ticker": "KXHIGHNY-24NOV25-B50.5",
            "count": 4,
            "created_time": "2024-11-25T14:46:54.307364Z",
            "yes_price": 5,
            "no_price": 95,
            "taker_side": "yes"
        },
        {
            "trade_id": "1f4a10d4-c693-44ee-ba7f-fc8ccf6b47f0",
            "ticker": "KXHIGHNY-24NOV25-B50.5",
            "count": 8,
            "created_time": "2024-11-25T14:46:54.307364Z",
            "yes_price": 6,
            "no_price": 94,
            "taker_side": "yes"
        },
        {
            "trade_id": "d8556208-06e1-4e36-82ac-711f4a40c9e5",
            "ticker": "KXHIGHNY-24NOV25-B50.5",
            "count": 5,
            "created_time": "2024-11-25T14:43:54.224332Z",
            "yes_price": 3,
            "no_price": 97,
            "taker_side": "yes"
        },
        {
            "trade_id": "cfbfba12-af65-452d-85e2-ec9272f6d8f6",
            "ticker": "KXHIGHNY-24NOV25-B50.5",
            "count": 160,
            "created_time": "2024-11-25T14:43:54.224332Z",
            "yes_price": 4,
            "no_price": 96,
            "taker_side": "yes"
        },
        {
            "trade_id": "cb588a7e-d920-4948-905d-40eeb836645e",
            "ticker": "KXHIGHNY-24NOV25-B50.5",
            "count": 4,
            "created_time": "2024-11-25T14:43:54.224332Z",
            "yes_price": 5,
            "no_price": 95,
            "taker_side": "yes"
        },
        {
            "trade_id": "94c40e42-fc44-4227-bf7b-d07d94a1d860",
            "ticker": "KXHIGHNY-24NOV25-B50.5",
            "count": 200,
            "created_time": "2024-11-25T14:43:54.224332Z",
            "yes_price": 3,
            "no_price": 97,
            "taker_side": "yes"
        },
        {
            "trade_id": "88f097fe-bbaa-461c-9966-25e2d46412fd",
            "ticker": "KXHIGHNY-24NOV25-B50.5",
            "count": 5,
            "created_time": "2024-11-25T14:43:54.224332Z",
            "yes_price": 4,
            "no_price": 96,
            "taker_side": "yes"
        },
        {
            "trade_id": "87763955-696e-4500-8d18-7c3c04ed58af",
            "ticker": "KXHIGHNY-24NOV25-B50.5",
            "count": 3,
            "created_time": "2024-11-25T14:43:54.224332Z",
            "yes_price": 4,
            "no_price": 96,
            "taker_side": "yes"
        },
        {
            "trade_id": "8677f6fb-ca8b-4318-9c6f-b6fd2a9ea7b8",
            "ticker": "KXHIGHNY-24NOV25-B50.5",
            "count": 80,
            "created_time": "2024-11-25T14:43:54.224332Z",
            "yes_price": 4,
            "no_price": 96,
            "taker_side": "yes"
        },
        {
            "trade_id": "7ecb6cd7-c4b1-4ad5-850e-c1319797c0fc",
            "ticker": "KXHIGHNY-24NOV25-B50.5",
            "count": 100,
            "created_time": "2024-11-25T14:43:54.224332Z",
            "yes_price": 4,
            "no_price": 96,
            "taker_side": "yes"
        },
        {
            "trade_id": "6d91045a-7add-49bb-a9ac-6d3030df60ee",
            "ticker": "KXHIGHNY-24NOV25-B50.5",
            "count": 80,
            "created_time": "2024-11-25T14:43:54.224332Z",
            "yes_price": 5,
            "no_price": 95,
            "taker_side": "yes"
        },
        {
            "trade_id": "64509c76-8f56-48a3-a857-efae40ab59b6",
            "ticker": "KXHIGHNY-24NOV25-B50.5",
            "count": 1,
            "created_time": "2024-11-25T14:43:54.224332Z",
            "yes_price": 5,
            "no_price": 95,
            "taker_side": "yes"
        },
        {
            "trade_id": "5a4a5f1b-4a88-453e-9fe0-cd738044300d",
            "ticker": "KXHIGHNY-24NOV25-B50.5",
            "count": 7,
            "created_time": "2024-11-25T14:43:54.224332Z",
            "yes_price": 3,
            "no_price": 97,
            "taker_side": "yes"
        },
        {
            "trade_id": "3aad18b3-c048-46af-9534-b16e99be8118",
            "ticker": "KXHIGHNY-24NOV25-B50.5",
            "count": 40,
            "created_time": "2024-11-25T14:43:54.224332Z",
            "yes_price": 3,
            "no_price": 97,
            "taker_side": "yes"
        },
        {
            "trade_id": "9ad9d43e-0a4e-4ae9-9535-62fcf9a5d328",
            "ticker": "KXHIGHNY-24NOV25-B50.5",
            "count": 50,
            "created_time": "2024-11-25T14:42:42.518238Z",
            "yes_price": 2,
            "no_price": 98,
            "taker_side": "no"
        },
        {
            "trade_id": "be352a57-9f62-42c1-8b3f-98e4c8086d77",
            "ticker": "KXHIGHNY-24NOV25-B50.5",
            "count": 3,
            "created_time": "2024-11-25T14:38:58.750023Z",
            "yes_price": 2,
            "no_price": 98,
            "taker_side": "no"
        },
        {
            "trade_id": "e31c9dec-35c6-4909-ab9f-5c74f3431e47",
            "ticker": "KXHIGHNY-24NOV25-B50.5",
            "count": 3,
            "created_time": "2024-11-25T14:22:24.127276Z",
            "yes_price": 2,
            "no_price": 98,
            "taker_side": "no"
        },
        {
            "trade_id": "0c3a3cb5-b9e4-4ca0-a55f-7f4cb0e920e9",
            "ticker": "KXHIGHNY-24NOV25-B50.5",
            "count": 7,
            "created_time": "2024-11-25T14:22:24.127276Z",
            "yes_price": 2,
            "no_price": 98,
            "taker_side": "no"
        },
        {
            "trade_id": "8b756176-e3a8-41b9-84a0-9de79fadc0c8",
            "ticker": "KXHIGHNY-24NOV25-B50.5",
            "count": 5,
            "created_time": "2024-11-25T14:13:26.821279Z",
            "yes_price": 2,
            "no_price": 98,
            "taker_side": "no"
        },
        {
            "trade_id": "a46fa7a0-da14-487f-8177-ca5a3d63359d",
            "ticker": "KXHIGHNY-24NOV25-B50.5",
            "count": 12,
            "created_time": "2024-11-25T14:13:16.21649Z",
            "yes_price": 3,
            "no_price": 97,
            "taker_side": "yes"
        },
        {
            "trade_id": "bf0bd2ac-100a-42ef-a21d-27218609e340",
            "ticker": "KXHIGHNY-24NOV25-B50.5",
            "count": 31,
            "created_time": "2024-11-25T14:07:53.328134Z",
            "yes_price": 3,
            "no_price": 97,
            "taker_side": "yes"
        },
        {
            "trade_id": "48b6fbcf-a141-43b7-9a73-0a2646e57423",
            "ticker": "KXHIGHNY-24NOV25-B50.5",
            "count": 2,
            "created_time": "2024-11-25T14:02:35.524292Z",
            "yes_price": 1,
            "no_price": 99,
            "taker_side": "no"
        },
        {
            "trade_id": "08f7439a-def5-445f-9aff-7c56b32cefcc",
            "ticker": "KXHIGHNY-24NOV25-B50.5",
            "count": 100,
            "created_time": "2024-11-25T13:57:16.957411Z",
            "yes_price": 4,
            "no_price": 96,
            "taker_side": "yes"
        },
        {
            "trade_id": "3723a811-a2c6-43f2-b2d8-e89557f535b6",
            "ticker": "KXHIGHNY-24NOV25-B50.5",
            "count": 306,
            "created_time": "2024-11-25T13:54:51.964892Z",
            "yes_price": 1,
            "no_price": 99,
            "taker_side": "no"
        },
        {
            "trade_id": "b5800630-553e-45ed-8bd7-1af1aa7cf86c",
            "ticker": "KXHIGHNY-24NOV25-B50.5",
            "count": 240,
            "created_time": "2024-11-25T13:51:21.459554Z",
            "yes_price": 1,
            "no_price": 99,
            "taker_side": "no"
        },
        {
            "trade_id": "7a9b05b8-3aa4-4c07-ad2a-07ffb75481bb",
            "ticker": "KXHIGHNY-24NOV25-B50.5",
            "count": 240,
            "created_time": "2024-11-25T13:50:55.099995Z",
            "yes_price": 2,
            "no_price": 98,
            "taker_side": "no"
        },
        {
            "trade_id": "1904b5ed-8baa-41a2-a38b-9601c8ce52bd",
            "ticker": "KXHIGHNY-24NOV25-B50.5",
            "count": 240,
            "created_time": "2024-11-25T13:50:55.099995Z",
            "yes_price": 1,
            "no_price": 99,
            "taker_side": "no"
        },
        {
            "trade_id": "d3a22914-2a88-49d4-9e12-7ff3a0cac02d",
            "ticker": "KXHIGHNY-24NOV25-B50.5",
            "count": 240,
            "created_time": "2024-11-25T13:50:27.87228Z",
            "yes_price": 3,
            "no_price": 97,
            "taker_side": "no"
        },
        {
            "trade_id": "4f367f64-8c98-4bdc-8cbd-22fe7dafd70e",
            "ticker": "KXHIGHNY-24NOV25-B50.5",
            "count": 240,
            "created_time": "2024-11-25T13:50:27.87228Z",
            "yes_price": 2,
            "no_price": 98,
            "taker_side": "no"
        },
        {
            "trade_id": "05aa1491-f1fa-41ee-8436-4720f2d0b488",
            "ticker": "KXHIGHNY-24NOV25-B50.5",
            "count": 240,
            "created_time": "2024-11-25T13:50:27.87228Z",
            "yes_price": 1,
            "no_price": 99,
            "taker_side": "no"
        },
        {
            "trade_id": "e183e656-ed8a-49ac-883c-b22853521236",
            "ticker": "KXHIGHNY-24NOV25-B50.5",
            "count": 7,
            "created_time": "2024-11-25T13:49:58.528646Z",
            "yes_price": 1,
            "no_price": 99,
            "taker_side": "no"
        },
        {
            "trade_id": "aefb833f-226f-4cd3-bf6b-ca9a175dbd33",
            "ticker": "KXHIGHNY-24NOV25-B50.5",
            "count": 100,
            "created_time": "2024-11-25T13:49:58.528646Z",
            "yes_price": 1,
            "no_price": 99,
            "taker_side": "no"
        },
        {
            "trade_id": "9a3d186c-8af1-4d4a-b38b-2037d84fae59",
            "ticker": "KXHIGHNY-24NOV25-B50.5",
            "count": 7,
            "created_time": "2024-11-25T13:49:58.528646Z",
            "yes_price": 4,
            "no_price": 96,
            "taker_side": "no"
        },
        {
            "trade_id": "92c17eb1-2826-4f4c-9183-d619f36d5be9",
            "ticker": "KXHIGHNY-24NOV25-B50.5",
            "count": 2298,
            "created_time": "2024-11-25T13:49:58.528646Z",
            "yes_price": 6,
            "no_price": 94,
            "taker_side": "no"
        },
        {
            "trade_id": "8bc0bdba-d6b9-4926-b878-6a2cb3f89686",
            "ticker": "KXHIGHNY-24NOV25-B50.5",
            "count": 240,
            "created_time": "2024-11-25T13:49:58.528646Z",
            "yes_price": 1,
            "no_price": 99,
            "taker_side": "no"
        },
        {
            "trade_id": "82dfa532-6469-49d2-b030-dcb4af49d9f4",
            "ticker": "KXHIGHNY-24NOV25-B50.5",
            "count": 38,
            "created_time": "2024-11-25T13:49:58.528646Z",
            "yes_price": 1,
            "no_price": 99,
            "taker_side": "no"
        },
        {
            "trade_id": "816f78f5-4611-4e79-bad9-845392e4b1ae",
            "ticker": "KXHIGHNY-24NOV25-B50.5",
            "count": 4,
            "created_time": "2024-11-25T13:49:58.528646Z",
            "yes_price": 2,
            "no_price": 98,
            "taker_side": "no"
        },
        {
            "trade_id": "78c2d01a-68aa-459b-9bbf-d8e6dc3810ac",
            "ticker": "KXHIGHNY-24NOV25-B50.5",
            "count": 5,
            "created_time": "2024-11-25T13:49:58.528646Z",
            "yes_price": 3,
            "no_price": 97,
            "taker_side": "no"
        },
        {
            "trade_id": "535de102-a7d4-4ba8-8f3f-92b9a5882d39",
            "ticker": "KXHIGHNY-24NOV25-B50.5",
            "count": 300,
            "created_time": "2024-11-25T13:49:58.528646Z",
            "yes_price": 2,
            "no_price": 98,
            "taker_side": "no"
        },
        {
            "trade_id": "4cfe3c44-185a-4d62-8e29-334e099bbc0a",
            "ticker": "KXHIGHNY-24NOV25-B50.5",
            "count": 240,
            "created_time": "2024-11-25T13:49:58.528646Z",
            "yes_price": 2,
            "no_price": 98,
            "taker_side": "no"
        },
        {
            "trade_id": "28c51ee9-731c-44db-9247-e29bcc1e60d1",
            "ticker": "KXHIGHNY-24NOV25-B50.5",
            "count": 6,
            "created_time": "2024-11-25T13:49:58.528646Z",
            "yes_price": 5,
            "no_price": 95,
            "taker_side": "no"
        },
        {
            "trade_id": "270884de-2b95-4ee7-80b7-53d254340539",
            "ticker": "KXHIGHNY-24NOV25-B50.5",
            "count": 240,
            "created_time": "2024-11-25T13:49:58.528646Z",
            "yes_price": 3,
            "no_price": 97,
            "taker_side": "no"
        },
        {
            "trade_id": "f96d5dc9-49a0-49d5-b122-89022f8e8476",
            "ticker": "KXHIGHNY-24NOV25-B50.5",
            "count": 5,
            "created_time": "2024-11-25T13:44:30.110126Z",
            "yes_price": 7,
            "no_price": 93,
            "taker_side": "yes"
        },
        {
            "trade_id": "fbea4d70-bc85-4d44-b588-55abe56a04bb",
            "ticker": "KXHIGHNY-24NOV25-B50.5",
            "count": 31,
            "created_time": "2024-11-25T13:38:30.126569Z",
            "yes_price": 9,
            "no_price": 91,
            "taker_side": "yes"
        },
        {
            "trade_id": "e97a5eb3-ffbc-4e67-85f9-76e9650e4d1f",
            "ticker": "KXHIGHNY-24NOV25-B50.5",
            "count": 202,
            "created_time": "2024-11-25T13:37:04.386293Z",
            "yes_price": 8,
            "no_price": 92,
            "taker_side": "yes"
        },
        {
            "trade_id": "cdd68fa5-7acd-4f21-bcea-fc1e5b006391",
            "ticker": "KXHIGHNY-24NOV25-B50.5",
            "count": 38,
            "created_time": "2024-11-25T13:37:04.386293Z",
            "yes_price": 8,
            "no_price": 92,
            "taker_side": "yes"
        },
        {
            "trade_id": "a9b624e2-e344-4786-a6af-22e8d97a1e63",
            "ticker": "KXHIGHNY-24NOV25-B50.5",
            "count": 140,
            "created_time": "2024-11-25T13:37:04.386293Z",
            "yes_price": 7,
            "no_price": 93,
            "taker_side": "yes"
        },
        {
            "trade_id": "58305228-c3bd-4859-b177-469be5cdcd1b",
            "ticker": "KXHIGHNY-24NOV25-B50.5",
            "count": 324,
            "created_time": "2024-11-25T13:37:04.386293Z",
            "yes_price": 9,
            "no_price": 91,
            "taker_side": "yes"
        },
        {
            "trade_id": "170ea430-8771-4fdc-a790-56e4c72d98f7",
            "ticker": "KXHIGHNY-24NOV25-B50.5",
            "count": 100,
            "created_time": "2024-11-25T13:37:04.386293Z",
            "yes_price": 7,
            "no_price": 93,
            "taker_side": "yes"
        },
        {
            "trade_id": "e5a848f3-a6d2-49df-bf67-08695a74b6a8",
            "ticker": "KXHIGHNY-24NOV25-B50.5",
            "count": 129,
            "created_time": "2024-11-25T13:37:03.680154Z",
            "yes_price": 6,
            "no_price": 94,
            "taker_side": "no"
        },
        {
            "trade_id": "024a8b83-72dc-47c6-b040-f28aae1e8f1d",
            "ticker": "KXHIGHNY-24NOV25-B50.5",
            "count": 97,
            "created_time": "2024-11-25T13:35:00.646689Z",
            "yes_price": 6,
            "no_price": 94,
            "taker_side": "no"
        },
        {
            "trade_id": "36dda035-c797-478f-bed1-067d8ee139ba",
            "ticker": "KXHIGHNY-24NOV25-B50.5",
            "count": 24,
            "created_time": "2024-11-25T13:32:51.517691Z",
            "yes_price": 6,
            "no_price": 94,
            "taker_side": "no"
        },
        {
            "trade_id": "eb335fdb-e20d-4103-bd4b-743ff6b4b6d8",
            "ticker": "KXHIGHNY-24NOV25-B50.5",
            "count": 1589,
            "created_time": "2024-11-25T13:32:25.614241Z",
            "yes_price": 6,
            "no_price": 94,
            "taker_side": "no"
        },
        {
            "trade_id": "68d2f34d-7138-4942-acfc-8b857305c341",
            "ticker": "KXHIGHNY-24NOV25-B50.5",
            "count": 38,
            "created_time": "2024-11-25T13:32:06.222693Z",
            "yes_price": 8,
            "no_price": 92,
            "taker_side": "yes"
        },
        {
            "trade_id": "5c0bd48d-63dd-443c-b686-12c250066933",
            "ticker": "KXHIGHNY-24NOV25-B50.5",
            "count": 23,
            "created_time": "2024-11-25T13:32:06.222693Z",
            "yes_price": 7,
            "no_price": 93,
            "taker_side": "yes"
        },
        {
            "trade_id": "307da7cb-8e03-46b2-82a5-5899961ab45e",
            "ticker": "KXHIGHNY-24NOV25-B50.5",
            "count": 1,
            "created_time": "2024-11-25T13:24:13.524278Z",
            "yes_price": 6,
            "no_price": 94,
            "taker_side": "no"
        },
        {
            "trade_id": "70004116-3fe8-4808-8c4f-6be0fe076965",
            "ticker": "KXHIGHNY-24NOV25-B50.5",
            "count": 5,
            "created_time": "2024-11-25T13:23:45.586232Z",
            "yes_price": 7,
            "no_price": 93,
            "taker_side": "no"
        },
        {
            "trade_id": "f2924542-25a3-422e-8a20-98467299e1b3",
            "ticker": "KXHIGHNY-24NOV25-B50.5",
            "count": 3,
            "created_time": "2024-11-25T13:19:31.215328Z",
            "yes_price": 7,
            "no_price": 93,
            "taker_side": "no"
        },
        {
            "trade_id": "71206166-29c1-46d4-b7f8-07be077b0501",
            "ticker": "KXHIGHNY-24NOV25-B50.5",
            "count": 77,
            "created_time": "2024-11-25T13:17:25.807989Z",
            "yes_price": 6,
            "no_price": 94,
            "taker_side": "no"
        },
        {
            "trade_id": "6f27f931-768a-45d5-b852-4035f822e865",
            "ticker": "KXHIGHNY-24NOV25-B50.5",
            "count": 5,
            "created_time": "2024-11-25T13:17:23.305357Z",
            "yes_price": 6,
            "no_price": 94,
            "taker_side": "no"
        },
        {
            "trade_id": "fb692aed-abdc-4702-894c-6669bf5249bf",
            "ticker": "KXHIGHNY-24NOV25-B50.5",
            "count": 86,
            "created_time": "2024-11-25T13:17:20.400717Z",
            "yes_price": 8,
            "no_price": 92,
            "taker_side": "no"
        },
        {
            "trade_id": "5019a000-3e6e-499a-8a11-af3688d49103",
            "ticker": "KXHIGHNY-24NOV25-B50.5",
            "count": 900,
            "created_time": "2024-11-25T13:17:20.400717Z",
            "yes_price": 7,
            "no_price": 93,
            "taker_side": "no"
        },
        {
            "trade_id": "de8a288f-b1a4-4ea6-a7bb-86cb695c9034",
            "ticker": "KXHIGHNY-24NOV25-B50.5",
            "count": 14,
            "created_time": "2024-11-25T13:17:01.677483Z",
            "yes_price": 8,
            "no_price": 92,
            "taker_side": "no"
        },
        {
            "trade_id": "930a0917-9bfa-4771-a784-fee38a012d9a",
            "ticker": "KXHIGHNY-24NOV25-B50.5",
            "count": 15,
            "created_time": "2024-11-25T13:15:37.66108Z",
            "yes_price": 8,
            "no_price": 92,
            "taker_side": "no"
        },
        {
            "trade_id": "0dbcbdb2-475e-4af6-9758-65a5c31c076d",
            "ticker": "KXHIGHNY-24NOV25-B50.5",
            "count": 100,
            "created_time": "2024-11-25T13:14:58.617957Z",
            "yes_price": 7,
            "no_price": 93,
            "taker_side": "no"
        },
        {
            "trade_id": "e34078eb-3289-4aca-87eb-123be1c3b461",
            "ticker": "KXHIGHNY-24NOV25-B50.5",
            "count": 17,
            "created_time": "2024-11-25T13:13:46.581845Z",
            "yes_price": 6,
            "no_price": 94,
            "taker_side": "no"
        },
        {
            "trade_id": "dde97796-0750-4d9f-b66a-cc14c874e0d7",
            "ticker": "KXHIGHNY-24NOV25-B50.5",
            "count": 17,
            "created_time": "2024-11-25T13:13:09.819597Z",
            "yes_price": 7,
            "no_price": 93,
            "taker_side": "no"
        },
        {
            "trade_id": "f73996f2-2a5f-418b-aa7d-4ff4a975f8d5",
            "ticker": "KXHIGHNY-24NOV25-B50.5",
            "count": 100,
            "created_time": "2024-11-25T13:11:53.06918Z",
            "yes_price": 8,
            "no_price": 92,
            "taker_side": "yes"
        },
        {
            "trade_id": "d27f9884-224e-4990-b09f-61972e1366a7",
            "ticker": "KXHIGHNY-24NOV25-B50.5",
            "count": 3852,
            "created_time": "2024-11-25T13:11:53.06918Z",
            "yes_price": 9,
            "no_price": 91,
            "taker_side": "yes"
        },
        {
            "trade_id": "a300e481-ad55-4ef4-acd4-820331a32375",
            "ticker": "KXHIGHNY-24NOV25-B50.5",
            "count": 100,
            "created_time": "2024-11-25T13:11:53.06918Z",
            "yes_price": 8,
            "no_price": 92,
            "taker_side": "yes"
        },
        {
            "trade_id": "891e720c-ffef-4c7c-8127-637341613f79",
            "ticker": "KXHIGHNY-24NOV25-B50.5",
            "count": 1000,
            "created_time": "2024-11-25T13:11:53.06918Z",
            "yes_price": 8,
            "no_price": 92,
            "taker_side": "yes"
        },
        {
            "trade_id": "458e5369-befd-4bec-84cf-a9296ab93871",
            "ticker": "KXHIGHNY-24NOV25-B50.5",
            "count": 40,
            "created_time": "2024-11-25T13:11:53.06918Z",
            "yes_price": 7,
            "no_price": 93,
            "taker_side": "yes"
        },
        {
            "trade_id": "b45b3ae6-f77c-4242-8234-524726fdb04a",
            "ticker": "KXHIGHNY-24NOV25-B50.5",
            "count": 1000,
            "created_time": "2024-11-25T13:10:07.870102Z",
            "yes_price": 6,
            "no_price": 94,
            "taker_side": "no"
        },
        {
            "trade_id": "6329e4d6-f811-4634-a7bd-9d8ac93d17a3",
            "ticker": "KXHIGHNY-24NOV25-B50.5",
            "count": 10,
            "created_time": "2024-11-25T13:08:40.25262Z",
            "yes_price": 7,
            "no_price": 93,
            "taker_side": "no"
        },
        {
            "trade_id": "97d44489-6e0e-4e6b-9439-976747febad1",
            "ticker": "KXHIGHNY-24NOV25-B50.5",
            "count": 1,
            "created_time": "2024-11-25T13:03:13.901321Z",
            "yes_price": 9,
            "no_price": 91,
            "taker_side": "yes"
        },
        {
            "trade_id": "e9418766-690f-4b87-a419-9d0d96ae545c",
            "ticker": "KXHIGHNY-24NOV25-B50.5",
            "count": 113,
            "created_time": "2024-11-25T13:02:24.183119Z",
            "yes_price": 9,
            "no_price": 91,
            "taker_side": "yes"
        },
        {
            "trade_id": "85fd9f15-6cb6-421f-b10b-e615668085ca",
            "ticker": "KXHIGHNY-24NOV25-B50.5",
            "count": 10,
            "created_time": "2024-11-25T13:02:24.183119Z",
            "yes_price": 8,
            "no_price": 92,
            "taker_side": "yes"
        },
        {
            "trade_id": "b75427c2-47b1-42db-b8ed-1fad6e481b72",
            "ticker": "KXHIGHNY-24NOV25-B50.5",
            "count": 15,
            "created_time": "2024-11-25T13:00:30.129745Z",
            "yes_price": 6,
            "no_price": 94,
            "taker_side": "no"
        },
        {
            "trade_id": "2a492dd0-c1f8-4d72-aed2-337f08542432",
            "ticker": "KXHIGHNY-24NOV25-B50.5",
            "count": 1,
            "created_time": "2024-11-25T07:59:47.798043Z",
            "yes_price": 7,
            "no_price": 93,
            "taker_side": "no"
        },
        {
            "trade_id": "a80301c6-de9c-4a0b-a2d3-362e121d4348",
            "ticker": "KXHIGHNY-24NOV25-B50.5",
            "count": 20,
            "created_time": "2024-11-25T07:45:11.934052Z",
            "yes_price": 9,
            "no_price": 91,
            "taker_side": "yes"
        },
        {
            "trade_id": "44f93c8a-f5ca-445d-b849-d33641f9dfb9",
            "ticker": "KXHIGHNY-24NOV25-B50.5",
            "count": 52,
            "created_time": "2024-11-25T07:38:33.352399Z",
            "yes_price": 9,
            "no_price": 91,
            "taker_side": "yes"
        },
        {
            "trade_id": "54dc19d0-1e1b-42f6-a4ae-cbfa5609a48b",
            "ticker": "KXHIGHNY-24NOV25-B50.5",
            "count": 52,
            "created_time": "2024-11-25T07:32:00.676797Z",
            "yes_price": 9,
            "no_price": 91,
            "taker_side": "yes"
        },
        {
            "trade_id": "ca910ada-596a-4b02-8144-3b53a1e3df7a",
            "ticker": "KXHIGHNY-24NOV25-B50.5",
            "count": 104,
            "created_time": "2024-11-25T07:21:48.059643Z",
            "yes_price": 9,
            "no_price": 91,
            "taker_side": "yes"
        },
        {
            "trade_id": "e45152fa-e328-4f63-8765-0f3264dabba0",
            "ticker": "KXHIGHNY-24NOV25-B50.5",
            "count": 1,
            "created_time": "2024-11-25T06:55:22.335096Z",
            "yes_price": 10,
            "no_price": 90,
            "taker_side": "yes"
        },
        {
            "trade_id": "c78743bc-bc7e-4a6f-bb96-a89dbcd0af49",
            "ticker": "KXHIGHNY-24NOV25-B50.5",
            "count": 4,
            "created_time": "2024-11-25T06:55:22.335096Z",
            "yes_price": 9,
            "no_price": 91,
            "taker_side": "yes"
        },
        {
            "trade_id": "a078d59e-6d57-4d12-b05a-b4de6d85b83b",
            "ticker": "KXHIGHNY-24NOV25-B50.5",
            "count": 50,
            "created_time": "2024-11-25T06:51:17.741377Z",
            "yes_price": 10,
            "no_price": 90,
            "taker_side": "yes"
        },
        {
            "trade_id": "b2a75885-5bd7-42a9-a2fe-6c2b7064b719",
            "ticker": "KXHIGHNY-24NOV25-B50.5",
            "count": 35,
            "created_time": "2024-11-25T06:39:12.195946Z",
            "yes_price": 10,
            "no_price": 90,
            "taker_side": "yes"
        },
        {
            "trade_id": "72e27ae6-1eca-481c-b0e7-ffa9390025a9",
            "ticker": "KXHIGHNY-24NOV25-B50.5",
            "count": 53,
            "created_time": "2024-11-25T06:39:12.195946Z",
            "yes_price": 10,
            "no_price": 90,
            "taker_side": "yes"
        },
        {
            "trade_id": "2df81bff-21e7-493a-9036-4b204c2e4ee4",
            "ticker": "KXHIGHNY-24NOV25-B50.5",
            "count": 100,
            "created_time": "2024-11-25T06:39:12.195946Z",
            "yes_price": 10,
            "no_price": 90,
            "taker_side": "yes"
        },
        {
            "trade_id": "f78e7555-a308-4b3a-b3db-7642bd3e7fcc",
            "ticker": "KXHIGHNY-24NOV25-B50.5",
            "count": 47,
            "created_time": "2024-11-25T06:34:37.279919Z",
            "yes_price": 10,
            "no_price": 90,
            "taker_side": "yes"
        },
        {
            "trade_id": "dcbccb69-4c58-4824-af4b-3a11e1c5c352",
            "ticker": "KXHIGHNY-24NOV25-B50.5",
            "count": 4,
            "created_time": "2024-11-25T06:19:42.356371Z",
            "yes_price": 8,
            "no_price": 92,
            "taker_side": "no"
        },
        {
            "trade_id": "cedcd2e0-9344-4eef-87bc-4d85f222569b",
            "ticker": "KXHIGHNY-24NOV25-B50.5",
            "count": 4748,
            "created_time": "2024-11-25T06:19:42.356371Z",
            "yes_price": 6,
            "no_price": 94,
            "taker_side": "no"
        },
        {
            "trade_id": "95ad6e33-ae2a-4e57-b38b-eec067c9eaa8",
            "ticker": "KXHIGHNY-24NOV25-B50.5",
            "count": 200,
            "created_time": "2024-11-25T06:19:42.356371Z",
            "yes_price": 7,
            "no_price": 93,
            "taker_side": "no"
        },
        {
            "trade_id": "5b06aaf2-a0b1-4e8f-97d5-648de0cfbf17",
            "ticker": "KXHIGHNY-24NOV25-B50.5",
            "count": 100,
            "created_time": "2024-11-25T06:19:42.356371Z",
            "yes_price": 8,
            "no_price": 92,
            "taker_side": "no"
        },
        {
            "trade_id": "09889073-87a8-4629-915d-a157b40f07ae",
            "ticker": "KXHIGHNY-24NOV25-B50.5",
            "count": 40,
            "created_time": "2024-11-25T06:19:42.356371Z",
            "yes_price": 7,
            "no_price": 93,
            "taker_side": "no"
        },
        {
            "trade_id": "8c415d11-7640-49f6-b2ba-c737eb7a0743",
            "ticker": "KXHIGHNY-24NOV25-B50.5",
            "count": 39,
            "created_time": "2024-11-25T06:18:36.219793Z",
            "yes_price": 12,
            "no_price": 88,
            "taker_side": "yes"
        },
        {
            "trade_id": "b8efa07b-d66a-4f39-b40d-d7332273c4b0",
            "ticker": "KXHIGHNY-24NOV25-B50.5",
            "count": 25,
            "created_time": "2024-11-25T06:17:32.91143Z",
            "yes_price": 12,
            "no_price": 88,
            "taker_side": "yes"
        },
        {
            "trade_id": "9ca50932-ee31-4cc5-9c21-44b8703055c1",
            "ticker": "KXHIGHNY-24NOV25-B50.5",
            "count": 96,
            "created_time": "2024-11-25T06:14:19.073947Z",
            "yes_price": 8,
            "no_price": 92,
            "taker_side": "no"
        },
        {
            "trade_id": "3393b76b-ce4a-4fd8-a893-366e81416a8b",
            "ticker": "KXHIGHNY-24NOV25-B50.5",
            "count": 121,
            "created_time": "2024-11-25T06:06:42.453165Z",
            "yes_price": 10,
            "no_price": 90,
            "taker_side": "no"
        },
        {
            "trade_id": "57596350-2175-494e-9fd2-610216f84279",
            "ticker": "KXHIGHNY-24NOV25-B50.5",
            "count": 100,
            "created_time": "2024-11-25T06:06:26.051047Z",
            "yes_price": 10,
            "no_price": 90,
            "taker_side": "yes"
        },
        {
            "trade_id": "27c4c4e5-f0cc-4152-9c20-8f44e28f9c89",
            "ticker": "KXHIGHNY-24NOV25-B50.5",
            "count": 5,
            "created_time": "2024-11-25T06:04:28.22518Z",
            "yes_price": 17,
            "no_price": 83,
            "taker_side": "yes"
        },
        {
            "trade_id": "a5bd23f5-2b4d-481a-a50b-961745d55030",
            "ticker": "KXHIGHNY-24NOV25-B50.5",
            "count": 21,
            "created_time": "2024-11-25T06:01:11.970391Z",
            "yes_price": 18,
            "no_price": 82,
            "taker_side": "yes"
        },
        {
            "trade_id": "d6e5f056-f347-47b0-8fbf-8fc27cf7c0f4",
            "ticker": "KXHIGHNY-24NOV25-B50.5",
            "count": 200,
            "created_time": "2024-11-25T05:59:27.857493Z",
            "yes_price": 16,
            "no_price": 84,
            "taker_side": "no"
        },
        {
            "trade_id": "d4f78bf4-b3fb-42b2-b646-dd7541ca0023",
            "ticker": "KXHIGHNY-24NOV25-B50.5",
            "count": 102,
            "created_time": "2024-11-25T05:59:27.857493Z",
            "yes_price": 1,
            "no_price": 99,
            "taker_side": "no"
        },
        {
            "trade_id": "b44ff566-48cf-476c-90ab-43177dde3d5b",
            "ticker": "KXHIGHNY-24NOV25-B50.5",
            "count": 17,
            "created_time": "2024-11-25T05:59:27.857493Z",
            "yes_price": 19,
            "no_price": 81,
            "taker_side": "no"
        },
        {
            "trade_id": "8d44afce-5e1e-4eff-85d7-9d60d3841468",
            "ticker": "KXHIGHNY-24NOV25-B50.5",
            "count": 1,
            "created_time": "2024-11-25T05:59:27.857493Z",
            "yes_price": 5,
            "no_price": 95,
            "taker_side": "no"
        },
        {
