{
    "HIGHNY-24MAY29-T74": [
        {
            "trade_id": "d40d0281-1a63-40d4-bb94-c96737b1c2f8",
            "ticker": "HIGHNY-24MAY29-T74",
            "count": 49,
            "created_time": "2024-05-29T17:05:31.84718Z",
            "yes_price": 3,
            "no_price": 97,
            "taker_side": "no"
        },
        {
            "trade_id": "58df5e5f-331d-4163-bf58-ff468bffaaf9",
            "ticker": "HIGHNY-24MAY29-T74",
            "count": 49,
            "created_time": "2024-05-29T17:05:31.84718Z",
            "yes_price": 4,
            "no_price": 96,
            "taker_side": "no"
        },
        {
            "trade_id": "4cdcf08b-7357-4a0f-9c32-8daf6ec9e734",
            "ticker": "HIGHNY-24MAY29-T74",
            "count": 49,
            "created_time": "2024-05-29T17:05:31.84718Z",
            "yes_price": 2,
            "no_price": 98,
            "taker_side": "no"
        },
        {
            "trade_id": "7c585820-e617-4763-9eca-ed7a0520efbf",
            "ticker": "HIGHNY-24MAY29-T74",
            "count": 39,
            "created_time": "2024-05-29T17:05:03.002242Z",
            "yes_price": 6,
            "no_price": 94,
            "taker_side": "no"
        },
        {
            "trade_id": "6c322f32-5457-4640-bb46-224f1ce1f0ed",
            "ticker": "HIGHNY-24MAY29-T74",
            "count": 49,
            "created_time": "2024-05-29T17:05:03.002242Z",
            "yes_price": 5,
            "no_price": 95,
            "taker_side": "no"
        },
        {
            "trade_id": "22d7cd9c-bd15-499e-86a5-55575a16a58c",
            "ticker": "HIGHNY-24MAY29-T74",
            "count": 49,
            "created_time": "2024-05-29T17:05:03.002242Z",
            "yes_price": 4,
            "no_price": 96,
            "taker_side": "no"
        },
        {
            "trade_id": "edfacd74-28b9-418f-82c9-9268a32e2d5e",
            "ticker": "HIGHNY-24MAY29-T74",
            "count": 49,
            "created_time": "2024-05-29T17:04:41.566769Z",
            "yes_price": 7,
            "no_price": 93,
            "taker_side": "no"
        },
        {
            "trade_id": "2ec998b1-b2dd-41cf-b146-0651010868a5",
            "ticker": "HIGHNY-24MAY29-T74",
            "count": 49,
            "created_time": "2024-05-29T17:04:41.566769Z",
            "yes_price": 6,
            "no_price": 94,
            "taker_side": "no"
        },
        {
            "trade_id": "13415da7-cc92-4e03-9cdc-30427e25f8d1",
            "ticker": "HIGHNY-24MAY29-T74",
            "count": 49,
            "created_time": "2024-05-29T17:04:41.566769Z",
            "yes_price": 8,
            "no_price": 92,
            "taker_side": "no"
        }
    ],
    "HIGHNY-24MAY29-B74.5": [
        {
            "trade_id": "590497cd-ee3f-4fed-8788-9e57009a1a3d",
            "ticker": "HIGHNY-24MAY29-B74.5",
            "count": 20,
            "created_time": "2024-05-29T20:24:32.149463Z",
            "yes_price": 1,
            "no_price": 99,
            "taker_side": "yes"
        },
        {
            "trade_id": "4390aba8-d51a-448d-86f7-3929258a3133",
            "ticker": "HIGHNY-24MAY29-B74.5",
            "count": 29,
            "created_time": "2024-05-29T20:23:53.545414Z",
            "yes_price": 1,
            "no_price": 99,
            "taker_side": "no"
        },
        {
            "trade_id": "fdc34969-ba22-41c7-afa0-583b748e9cef",
            "ticker": "HIGHNY-24MAY29-B74.5",
            "count": 150,
            "created_time": "2024-05-29T19:17:45.779738Z",
            "yes_price": 75,
            "no_price": 25,
            "taker_side": "yes"
        },
        {
            "trade_id": "127f2acf-e63d-437c-bf0d-90e56faf18a6",
            "ticker": "HIGHNY-24MAY29-B74.5",
            "count": 157,
            "created_time": "2024-05-29T19:17:45.779738Z",
            "yes_price": 85,
            "no_price": 15,
            "taker_side": "yes"
        },
        {
            "trade_id": "e3d74d1a-f4da-431c-a4a8-a6c61d2d1623",
            "ticker": "HIGHNY-24MAY29-B74.5",
            "count": 2,
            "created_time": "2024-05-29T18:16:26.944813Z",
            "yes_price": 55,
            "no_price": 45,
            "taker_side": "yes"
        },
        {
            "trade_id": "6e8e7dbf-3878-48cd-a055-e089c684514f",
            "ticker": "HIGHNY-24MAY29-B74.5",
            "count": 37,
            "created_time": "2024-05-29T17:54:01.760705Z",
            "yes_price": 46,
            "no_price": 54,
            "taker_side": "yes"
        },
        {
            "trade_id": "44bd8b08-2c8f-4631-a4cf-0e14f96951b6",
            "ticker": "HIGHNY-24MAY29-B74.5",
            "count": 45,
            "created_time": "2024-05-29T17:54:01.760705Z",
            "yes_price": 44,
            "no_price": 56,
            "taker_side": "yes"
        },
        {
            "trade_id": "013b4454-1935-4c73-bc53-c09e29c7676b",
            "ticker": "HIGHNY-24MAY29-B74.5",
            "count": 18,
            "created_time": "2024-05-29T17:54:01.760705Z",
            "yes_price": 41,
            "no_price": 59,
            "taker_side": "yes"
        },
        {
            "trade_id": "fbca6a96-d5c5-4beb-89c0-23745cc47eab",
            "ticker": "HIGHNY-24MAY29-B74.5",
            "count": 13,
            "created_time": "2024-05-29T16:53:10.959918Z",
            "yes_price": 38,
            "no_price": 62,
            "taker_side": "no"
        },
        {
            "trade_id": "a5c30b5f-e020-4bda-bdb1-a1058d1c4808",
            "ticker": "HIGHNY-24MAY29-B74.5",
            "count": 67,
            "created_time": "2024-05-29T16:53:10.959918Z",
            "yes_price": 36,
            "no_price": 64,
            "taker_side": "no"
        },
        {
            "trade_id": "99a4f5af-447b-49df-a0b6-f7aeb799b77f",
            "ticker": "HIGHNY-24MAY29-B74.5",
            "count": 20,
            "created_time": "2024-05-29T16:53:01.797391Z",
            "yes_price": 43,
            "no_price": 57,
            "taker_side": "no"
        },
        {
            "trade_id": "67ebe028-e143-4002-9a47-81c21d0b3c81",
            "ticker": "HIGHNY-24MAY29-B74.5",
            "count": 67,
            "created_time": "2024-05-29T16:53:01.797391Z",
            "yes_price": 38,
            "no_price": 62,
            "taker_side": "no"
        },
        {
            "trade_id": "029cfebc-6e11-49e8-ba20-6cc86f4dd26b",
            "ticker": "HIGHNY-24MAY29-B74.5",
            "count": 67,
            "created_time": "2024-05-29T16:53:01.797391Z",
            "yes_price": 40,
            "no_price": 60,
            "taker_side": "no"
        },
        {
            "trade_id": "b5a96042-2653-4c80-bb5d-9f2304ee49e1",
            "ticker": "HIGHNY-24MAY29-B74.5",
            "count": 20,
            "created_time": "2024-05-29T16:44:31.069132Z",
            "yes_price": 47,
            "no_price": 53,
            "taker_side": "no"
        },
        {
            "trade_id": "67647b16-0aa9-42f0-8f5f-e564d6c00c63",
            "ticker": "HIGHNY-24MAY29-B74.5",
            "count": 75,
            "created_time": "2024-05-29T16:44:31.069132Z",
            "yes_price": 44,
            "no_price": 56,
            "taker_side": "no"
        },
        {
            "trade_id": "4eb51f88-2b69-490b-9875-f4a606a8db12",
            "ticker": "HIGHNY-24MAY29-B74.5",
            "count": 98,
            "created_time": "2024-05-29T16:44:31.069132Z",
            "yes_price": 44,
            "no_price": 56,
            "taker_side": "no"
        },
        {
            "trade_id": "d40cdb1c-5cb6-4bbe-a67e-64cee32a774b",
            "ticker": "HIGHNY-24MAY29-B74.5",
            "count": 1,
            "created_time": "2024-05-29T15:53:36.852257Z",
            "yes_price": 33,
            "no_price": 67,
            "taker_side": "yes"
        },
        {
            "trade_id": "cacd25cf-74ef-4e01-a040-e483233b149d",
            "ticker": "HIGHNY-24MAY29-B74.5",
            "count": 37,
            "created_time": "2024-05-29T15:53:36.852257Z",
            "yes_price": 35,
            "no_price": 65,
            "taker_side": "yes"
        },
        {
            "trade_id": "9b38ff47-1d77-492d-9036-386a7965fa78",
            "ticker": "HIGHNY-24MAY29-B74.5",
            "count": 28,
            "created_time": "2024-05-29T15:53:36.852257Z",
            "yes_price": 31,
            "no_price": 69,
            "taker_side": "yes"
        },
        {
            "trade_id": "12378bae-b7d5-47c7-969b-78df9e594a64",
            "ticker": "HIGHNY-24MAY29-B74.5",
            "count": 75,
            "created_time": "2024-05-29T15:53:36.852257Z",
            "yes_price": 37,
            "no_price": 63,
            "taker_side": "yes"
        },
        {
            "trade_id": "b083c12b-a085-4b23-b670-3d38fe5e9271",
            "ticker": "HIGHNY-24MAY29-B74.5",
            "count": 5,
            "created_time": "2024-05-29T15:48:07.414544Z",
            "yes_price": 24,
            "no_price": 76,
            "taker_side": "no"
        },
        {
            "trade_id": "6f55a3ee-befc-429b-9b84-ef0387cc6249",
            "ticker": "HIGHNY-24MAY29-B74.5",
            "count": 22,
            "created_time": "2024-05-29T15:43:29.274201Z",
            "yes_price": 24,
            "no_price": 76,
            "taker_side": "no"
        },
        {
            "trade_id": "41962e8f-2e33-4f2a-a6a6-36c10a24364e",
            "ticker": "HIGHNY-24MAY29-B74.5",
            "count": 10,
            "created_time": "2024-05-29T15:40:06.198316Z",
            "yes_price": 24,
            "no_price": 76,
            "taker_side": "no"
        },
        {
            "trade_id": "932d5ac5-b40a-40ee-a1da-61ad9f414667",
            "ticker": "HIGHNY-24MAY29-B74.5",
            "count": 25,
            "created_time": "2024-05-29T15:38:53.296213Z",
            "yes_price": 24,
            "no_price": 76,
            "taker_side": "no"
        },
        {
            "trade_id": "5ed1f20a-aa95-4e9e-a82d-d34aebd20e6a",
            "ticker": "HIGHNY-24MAY29-B74.5",
            "count": 1,
            "created_time": "2024-05-29T15:37:55.238327Z",
            "yes_price": 24,
            "no_price": 76,
            "taker_side": "no"
        },
        {
            "trade_id": "e8a38122-2aaa-4333-aa85-bab95a66144b",
            "ticker": "HIGHNY-24MAY29-B74.5",
            "count": 105,
            "created_time": "2024-05-29T15:15:17.189965Z",
            "yes_price": 23,
            "no_price": 77,
            "taker_side": "no"
        },
        {
            "trade_id": "95d74fa4-e9dd-4ba2-ab7c-524b3fc4177a",
            "ticker": "HIGHNY-24MAY29-B74.5",
            "count": 28,
            "created_time": "2024-05-29T15:15:17.189965Z",
            "yes_price": 21,
            "no_price": 79,
            "taker_side": "no"
        },
        {
            "trade_id": "94d6763c-7491-4791-84dd-45dde22b725f",
            "ticker": "HIGHNY-24MAY29-B74.5",
            "count": 105,
            "created_time": "2024-05-29T15:15:17.189965Z",
            "yes_price": 25,
            "no_price": 75,
            "taker_side": "no"
        },
        {
            "trade_id": "842d8e1d-f390-41db-9cf8-ed230725c7cf",
            "ticker": "HIGHNY-24MAY29-B74.5",
            "count": 10,
            "created_time": "2024-05-29T15:15:17.189965Z",
            "yes_price": 27,
            "no_price": 73,
            "taker_side": "no"
        },
        {
            "trade_id": "c6ef14cb-50ef-48f0-84c6-a9977a0ac6ec",
            "ticker": "HIGHNY-24MAY29-B74.5",
            "count": 38,
            "created_time": "2024-05-29T15:03:54.158345Z",
            "yes_price": 32,
            "no_price": 68,
            "taker_side": "yes"
        },
        {
            "trade_id": "f24968c4-622f-4a20-95b8-8bd13d46c6a7",
            "ticker": "HIGHNY-24MAY29-B74.5",
            "count": 28,
            "created_time": "2024-05-29T15:03:44.313003Z",
            "yes_price": 31,
            "no_price": 69,
            "taker_side": "yes"
        },
        {
            "trade_id": "b3545a7a-15e7-4b52-bf01-0592fef67fbb",
            "ticker": "HIGHNY-24MAY29-B74.5",
            "count": 50,
            "created_time": "2024-05-29T14:44:55.582194Z",
            "yes_price": 28,
            "no_price": 72,
            "taker_side": "no"
        },
        {
            "trade_id": "8c97cfda-f0f7-43aa-896f-7105792ef304",
            "ticker": "HIGHNY-24MAY29-B74.5",
            "count": 63,
            "created_time": "2024-05-29T14:44:55.582194Z",
            "yes_price": 30,
            "no_price": 70,
            "taker_side": "no"
        },
        {
            "trade_id": "91f362ff-5b46-4c24-a7f9-3788b3caf0bb",
            "ticker": "HIGHNY-24MAY29-B74.5",
            "count": 10,
            "created_time": "2024-05-29T14:44:43.301707Z",
            "yes_price": 35,
            "no_price": 65,
            "taker_side": "no"
        },
        {
            "trade_id": "27bd807a-9a8d-47ea-b26f-457676027522",
            "ticker": "HIGHNY-24MAY29-B74.5",
            "count": 105,
            "created_time": "2024-05-29T14:44:43.301707Z",
            "yes_price": 33,
            "no_price": 67,
            "taker_side": "no"
        },
        {
            "trade_id": "00c7c9d6-05bf-4583-a5b4-d2fd17ffd4b8",
            "ticker": "HIGHNY-24MAY29-B74.5",
            "count": 105,
            "created_time": "2024-05-29T14:44:43.301707Z",
            "yes_price": 31,
            "no_price": 69,
            "taker_side": "no"
        },
        {
            "trade_id": "b96f053f-fefd-4a29-bc91-13966ba615db",
            "ticker": "HIGHNY-24MAY29-B74.5",
            "count": 3,
            "created_time": "2024-05-29T14:36:21.551368Z",
            "yes_price": 34,
            "no_price": 66,
            "taker_side": "no"
        },
        {
            "trade_id": "e0c1fab6-e7ad-45cf-86d8-85e30f760b3f",
            "ticker": "HIGHNY-24MAY29-B74.5",
            "count": 2,
            "created_time": "2024-05-29T13:58:54.129841Z",
            "yes_price": 30,
            "no_price": 70,
            "taker_side": "no"
        },
        {
            "trade_id": "d8f5c60f-f48e-4643-a405-7a603f84bc3d",
            "ticker": "HIGHNY-24MAY29-B74.5",
            "count": 10,
            "created_time": "2024-05-29T13:58:29.153885Z",
            "yes_price": 28,
            "no_price": 72,
            "taker_side": "no"
        },
        {
            "trade_id": "60326c68-187d-4f10-b1da-c4138d536f2d",
            "ticker": "HIGHNY-24MAY29-B74.5",
            "count": 90,
            "created_time": "2024-05-29T13:58:02.112483Z",
            "yes_price": 31,
            "no_price": 69,
            "taker_side": "no"
        },
        {
            "trade_id": "9aa44a40-f727-4cc0-83d7-97ebd75073d9",
            "ticker": "HIGHNY-24MAY29-B74.5",
            "count": 2,
            "created_time": "2024-05-29T13:46:23.71587Z",
            "yes_price": 31,
            "no_price": 69,
            "taker_side": "no"
        },
        {
            "trade_id": "1b6130b9-7d7f-447d-8ea2-f642d30ba73d",
            "ticker": "HIGHNY-24MAY29-B74.5",
            "count": 19,
            "created_time": "2024-05-29T13:46:23.71587Z",
            "yes_price": 33,
            "no_price": 67,
            "taker_side": "no"
        },
        {
            "trade_id": "e6b95c9e-3c61-4145-890b-c1631a11d6ba",
            "ticker": "HIGHNY-24MAY29-B74.5",
            "count": 20,
            "created_time": "2024-05-29T13:08:22.473351Z",
            "yes_price": 34,
            "no_price": 66,
            "taker_side": "no"
        },
        {
            "trade_id": "b2577c3a-8f2a-4e91-8726-7cf7ccd95e14",
            "ticker": "HIGHNY-24MAY29-B74.5",
            "count": 85,
            "created_time": "2024-05-28T21:20:39.084281Z",
            "yes_price": 27,
            "no_price": 73,
            "taker_side": "yes"
        },
        {
            "trade_id": "8473aa7e-e7a1-4be9-9590-9f76c0193845",
            "ticker": "HIGHNY-24MAY29-B74.5",
            "count": 15,
            "created_time": "2024-05-28T21:20:39.084281Z",
            "yes_price": 25,
            "no_price": 75,
            "taker_side": "yes"
        },
        {
            "trade_id": "a399a64c-d5df-478b-a39d-64763fb8dcc8",
            "ticker": "HIGHNY-24MAY29-B74.5",
            "count": 1,
            "created_time": "2024-05-28T18:35:16.127317Z",
            "yes_price": 22,
            "no_price": 78,
            "taker_side": "no"
        },
        {
            "trade_id": "24d8c69d-9e75-4e63-9239-02d6253c7d5f",
            "ticker": "HIGHNY-24MAY29-B74.5",
            "count": 80,
            "created_time": "2024-05-28T17:54:40.720584Z",
            "yes_price": 22,
            "no_price": 78,
            "taker_side": "yes"
        },
        {
            "trade_id": "0222957c-2965-4e3b-830f-b5f9de41ec35",
            "ticker": "HIGHNY-24MAY29-B74.5",
            "count": 1,
            "created_time": "2024-05-28T17:30:32.451011Z",
            "yes_price": 20,
            "no_price": 80,
            "taker_side": "no"
        },
        {
            "trade_id": "09586aeb-193c-4d89-a06b-c607985c28e7",
            "ticker": "HIGHNY-24MAY29-B74.5",
            "count": 25,
            "created_time": "2024-05-28T17:13:55.128533Z",
            "yes_price": 22,
            "no_price": 78,
            "taker_side": "yes"
        },
        {
            "trade_id": "f8c0f900-2fe2-4647-b437-9e7e80a4231b",
            "ticker": "HIGHNY-24MAY29-B74.5",
            "count": 36,
            "created_time": "2024-05-28T16:05:37.834015Z",
            "yes_price": 19,
            "no_price": 81,
            "taker_side": "no"
        },
        {
            "trade_id": "8a6234fc-3aea-4c44-a589-4c4e4aff8d8b",
            "ticker": "HIGHNY-24MAY29-B74.5",
            "count": 120,
            "created_time": "2024-05-28T14:59:02.490181Z",
            "yes_price": 21,
            "no_price": 79,
            "taker_side": "yes"
        },
        {
            "trade_id": "823637e7-fefe-4957-8e0e-791abd400d29",
            "ticker": "HIGHNY-24MAY29-B74.5",
            "count": 1,
            "created_time": "2024-05-28T14:59:02.490181Z",
            "yes_price": 20,
            "no_price": 80,
            "taker_side": "yes"
        },
        {
            "trade_id": "c96d5914-7fc9-47f3-9aec-26319c9abe70",
            "ticker": "HIGHNY-24MAY29-B74.5",
            "count": 11,
            "created_time": "2024-05-28T14:21:10.251732Z",
            "yes_price": 20,
            "no_price": 80,
            "taker_side": "no"
        },
        {
            "trade_id": "efa01f87-f7be-4f47-ba69-87feb133ed42",
            "ticker": "HIGHNY-24MAY29-B74.5",
            "count": 24,
            "created_time": "2024-05-28T14:17:57.788543Z",
            "yes_price": 22,
            "no_price": 78,
            "taker_side": "yes"
        },
        {
            "trade_id": "6a541aee-290b-43c7-be68-f4b71b7b4d65",
            "ticker": "HIGHNY-24MAY29-B74.5",
            "count": 24,
            "created_time": "2024-05-28T14:13:58.76004Z",
            "yes_price": 23,
            "no_price": 77,
            "taker_side": "yes"
        },
        {
            "trade_id": "4751aa4b-fac8-4370-be90-993b7717201b",
            "ticker": "HIGHNY-24MAY29-B74.5",
            "count": 48,
            "created_time": "2024-05-28T14:13:58.76004Z",
            "yes_price": 25,
            "no_price": 75,
            "taker_side": "yes"
        }
    ],
    "HIGHNY-24MAY29-B76.5": [
        {
            "trade_id": "db4959a9-7d6a-4e82-9896-e7c6c4c81ab8",
            "ticker": "HIGHNY-24MAY29-B76.5",
            "count": 10,
            "created_time": "2024-05-30T03:42:45.00934Z",
            "yes_price": 99,
            "no_price": 1,
            "taker_side": "yes"
        },
        {
            "trade_id": "5093f439-fcaf-428a-949b-69144f4f8300",
            "ticker": "HIGHNY-24MAY29-B76.5",
            "count": 11,
            "created_time": "2024-05-29T21:47:11.401309Z",
            "yes_price": 60,
            "no_price": 40,
            "taker_side": "no"
        },
        {
            "trade_id": "ee84c285-0242-4915-abce-32e8de165512",
            "ticker": "HIGHNY-24MAY29-B76.5",
            "count": 12,
            "created_time": "2024-05-29T17:54:15.233717Z",
            "yes_price": 37,
            "no_price": 63,
            "taker_side": "no"
        },
        {
            "trade_id": "bc49f1f0-e93a-4c07-8805-0a6660c37c8a",
            "ticker": "HIGHNY-24MAY29-B76.5",
            "count": 12,
            "created_time": "2024-05-29T17:54:15.233717Z",
            "yes_price": 35,
            "no_price": 65,
            "taker_side": "no"
        },
        {
            "trade_id": "f261c6da-c64f-4048-89f5-56c6d801177e",
            "ticker": "HIGHNY-24MAY29-B76.5",
            "count": 37,
            "created_time": "2024-05-29T17:53:58.696361Z",
            "yes_price": 43,
            "no_price": 57,
            "taker_side": "no"
        },
        {
            "trade_id": "0baedefa-7d98-44e7-975b-9f7f421b8865",
            "ticker": "HIGHNY-24MAY29-B76.5",
            "count": 45,
            "created_time": "2024-05-29T17:53:58.696361Z",
            "yes_price": 45,
            "no_price": 55,
            "taker_side": "no"
        },
        {
            "trade_id": "74aeefbc-5d4f-43cc-9d94-e3b198fa5a7c",
            "ticker": "HIGHNY-24MAY29-B76.5",
            "count": 14,
            "created_time": "2024-05-29T17:37:17.564201Z",
            "yes_price": 57,
            "no_price": 43,
            "taker_side": "yes"
        },
        {
            "trade_id": "6fabd035-4c76-40db-b2e3-ace113807456",
            "ticker": "HIGHNY-24MAY29-B76.5",
            "count": 2,
            "created_time": "2024-05-29T17:37:17.564201Z",
            "yes_price": 58,
            "no_price": 42,
            "taker_side": "yes"
        },
        {
            "trade_id": "fd74e2c3-d2de-42e3-981a-50bc672df29b",
            "ticker": "HIGHNY-24MAY29-B76.5",
            "count": 16,
            "created_time": "2024-05-29T17:21:10.980386Z",
            "yes_price": 46,
            "no_price": 54,
            "taker_side": "no"
        },
        {
            "trade_id": "d818180e-cc72-4e92-a86d-77ace4563117",
            "ticker": "HIGHNY-24MAY29-B76.5",
            "count": 14,
            "created_time": "2024-05-29T17:21:10.980386Z",
            "yes_price": 49,
            "no_price": 51,
            "taker_side": "no"
        },
        {
            "trade_id": "7086a27c-78c6-4b6e-a1e1-d77701525b67",
            "ticker": "HIGHNY-24MAY29-B76.5",
            "count": 26,
            "created_time": "2024-05-29T16:53:13.799701Z",
            "yes_price": 41,
            "no_price": 59,
            "taker_side": "yes"
        },
        {
            "trade_id": "49193fcc-e2d0-47e5-adc3-5fe2b6353864",
            "ticker": "HIGHNY-24MAY29-B76.5",
            "count": 67,
            "created_time": "2024-05-29T16:53:13.799701Z",
            "yes_price": 46,
            "no_price": 54,
            "taker_side": "yes"
        },
        {
            "trade_id": "2a77b787-0574-42ca-a429-9b05a24280ae",
            "ticker": "HIGHNY-24MAY29-B76.5",
            "count": 67,
            "created_time": "2024-05-29T16:53:13.799701Z",
            "yes_price": 44,
            "no_price": 56,
            "taker_side": "yes"
        },
        {
            "trade_id": "73849cbf-3fa9-422c-8e70-6151c84578fa",
            "ticker": "HIGHNY-24MAY29-B76.5",
            "count": 67,
            "created_time": "2024-05-29T16:52:59.061678Z",
            "yes_price": 38,
            "no_price": 62,
            "taker_side": "yes"
        },
        {
            "trade_id": "1d2f68c6-75de-44f1-bfbe-27561fee1d75",
            "ticker": "HIGHNY-24MAY29-B76.5",
            "count": 33,
            "created_time": "2024-05-29T16:52:59.061678Z",
            "yes_price": 36,
            "no_price": 64,
            "taker_side": "yes"
        },
        {
            "trade_id": "101d6e8d-7cae-497b-b28b-1bae8195d0d1",
            "ticker": "HIGHNY-24MAY29-B76.5",
            "count": 67,
            "created_time": "2024-05-29T16:52:59.061678Z",
            "yes_price": 41,
            "no_price": 59,
            "taker_side": "yes"
        },
        {
            "trade_id": "a435e072-490c-4708-8e8a-8cc56ee4dfdd",
            "ticker": "HIGHNY-24MAY29-B76.5",
            "count": 20,
            "created_time": "2024-05-29T16:44:51.37181Z",
            "yes_price": 35,
            "no_price": 65,
            "taker_side": "yes"
        },
        {
            "trade_id": "eefbcb7b-c6c9-406b-aa1d-d991133f6e4a",
            "ticker": "HIGHNY-24MAY29-B76.5",
            "count": 10,
            "created_time": "2024-05-29T15:53:53.883617Z",
            "yes_price": 32,
            "no_price": 68,
            "taker_side": "no"
        },
        {
            "trade_id": "4b3efadd-2608-4f1e-b3dd-ee70f82beac3",
            "ticker": "HIGHNY-24MAY29-B76.5",
            "count": 10,
            "created_time": "2024-05-29T15:53:53.883617Z",
            "yes_price": 30,
            "no_price": 70,
            "taker_side": "no"
        },
        {
            "trade_id": "722845ef-02fd-4df9-80f9-c1f77e37ff30",
            "ticker": "HIGHNY-24MAY29-B76.5",
            "count": 5,
            "created_time": "2024-05-29T15:53:50.972608Z",
            "yes_price": 34,
            "no_price": 66,
            "taker_side": "no"
        },
        {
            "trade_id": "f582e1d4-6258-43d7-afda-5ec76a2f23e3",
            "ticker": "HIGHNY-24MAY29-B76.5",
            "count": 75,
            "created_time": "2024-05-29T15:53:34.144013Z",
            "yes_price": 39,
            "no_price": 61,
            "taker_side": "no"
        },
        {
            "trade_id": "52c4d51c-8da6-4dd8-a4a1-75f2b87a70c6",
            "ticker": "HIGHNY-24MAY29-B76.5",
            "count": 75,
            "created_time": "2024-05-29T15:53:34.144013Z",
            "yes_price": 41,
            "no_price": 59,
            "taker_side": "no"
        },
        {
            "trade_id": "c06b28d7-3ea1-4510-9b6e-314d9c2f218a",
            "ticker": "HIGHNY-24MAY29-B76.5",
            "count": 82,
            "created_time": "2024-05-29T15:53:22.79067Z",
            "yes_price": 46,
            "no_price": 54,
            "taker_side": "no"
        },
        {
            "trade_id": "2ca3a84c-dd9f-49d0-8126-e499b65bb94f",
            "ticker": "HIGHNY-24MAY29-B76.5",
            "count": 82,
            "created_time": "2024-05-29T15:53:22.79067Z",
            "yes_price": 44,
            "no_price": 56,
            "taker_side": "no"
        },
        {
            "trade_id": "274d51a1-fd5a-4e8e-964a-78faf6b2810d",
            "ticker": "HIGHNY-24MAY29-B76.5",
            "count": 15,
            "created_time": "2024-05-29T15:53:22.79067Z",
            "yes_price": 49,
            "no_price": 51,
            "taker_side": "no"
        },
        {
            "trade_id": "6d5d50e9-21ad-4c3d-981a-bda7c4ed435a",
            "ticker": "HIGHNY-24MAY29-B76.5",
            "count": 5,
            "created_time": "2024-05-29T15:48:07.365252Z",
            "yes_price": 49,
            "no_price": 51,
            "taker_side": "no"
        },
        {
            "trade_id": "a5cf46c9-7311-4a24-a667-7ca6dadc7148",
            "ticker": "HIGHNY-24MAY29-B76.5",
            "count": 22,
            "created_time": "2024-05-29T15:43:29.244543Z",
            "yes_price": 49,
            "no_price": 51,
            "taker_side": "no"
        },
        {
            "trade_id": "f3e64538-7c1b-4e75-ac29-7c74db5b772e",
            "ticker": "HIGHNY-24MAY29-B76.5",
            "count": 3,
            "created_time": "2024-05-29T15:40:06.234339Z",
            "yes_price": 50,
            "no_price": 50,
            "taker_side": "no"
        },
        {
            "trade_id": "cf415ac9-6e00-45c3-9886-9f35a77061a7",
            "ticker": "HIGHNY-24MAY29-B76.5",
            "count": 7,
            "created_time": "2024-05-29T15:40:06.234339Z",
            "yes_price": 50,
            "no_price": 50,
            "taker_side": "no"
        },
        {
            "trade_id": "78ded20c-79e0-46cc-9a74-8ccfa35a4659",
            "ticker": "HIGHNY-24MAY29-B76.5",
            "count": 25,
            "created_time": "2024-05-29T15:38:53.313041Z",
            "yes_price": 50,
            "no_price": 50,
            "taker_side": "no"
        },
        {
            "trade_id": "2d2b4f68-0f20-43b1-a39e-82b7a56f46fe",
            "ticker": "HIGHNY-24MAY29-B76.5",
            "count": 1,
            "created_time": "2024-05-29T15:37:55.277031Z",
            "yes_price": 50,
            "no_price": 50,
            "taker_side": "no"
        },
        {
            "trade_id": "083ff05a-7405-42ce-8b12-b60a05abfc5a",
            "ticker": "HIGHNY-24MAY29-B76.5",
            "count": 4,
            "created_time": "2024-05-29T15:32:26.603236Z",
            "yes_price": 50,
            "no_price": 50,
            "taker_side": "no"
        },
        {
            "trade_id": "1e78a3fa-e5eb-4e5e-9a6e-cee0fa77aa0b",
            "ticker": "HIGHNY-24MAY29-B76.5",
            "count": 10,
            "created_time": "2024-05-29T15:15:07.57762Z",
            "yes_price": 53,
            "no_price": 47,
            "taker_side": "yes"
        },
        {
            "trade_id": "fdc7ba21-a2bc-4d12-95aa-e3ab62729eab",
            "ticker": "HIGHNY-24MAY29-B76.5",
            "count": 11,
            "created_time": "2024-05-29T14:54:56.964744Z",
            "yes_price": 50,
            "no_price": 50,
            "taker_side": "yes"
        },
        {
            "trade_id": "41b751a8-40e1-40ae-9ab1-7c247eb8c2a2",
            "ticker": "HIGHNY-24MAY29-B76.5",
            "count": 11,
            "created_time": "2024-05-29T14:54:56.964744Z",
            "yes_price": 53,
            "no_price": 47,
            "taker_side": "yes"
        },
        {
            "trade_id": "3da7edeb-ce4b-400c-8d85-dde7df6cc63f",
            "ticker": "HIGHNY-24MAY29-B76.5",
            "count": 59,
            "created_time": "2024-05-29T14:54:56.964744Z",
            "yes_price": 53,
            "no_price": 47,
            "taker_side": "yes"
        },
        {
            "trade_id": "f444a817-424f-4589-95df-a96ab1e3e15b",
            "ticker": "HIGHNY-24MAY29-B76.5",
            "count": 11,
            "created_time": "2024-05-29T14:22:55.613192Z",
            "yes_price": 48,
            "no_price": 52,
            "taker_side": "yes"
        },
        {
            "trade_id": "c76bab99-8488-4ddd-afbf-eca87b931863",
            "ticker": "HIGHNY-24MAY29-B76.5",
            "count": 11,
            "created_time": "2024-05-29T13:04:13.264176Z",
            "yes_price": 52,
            "no_price": 48,
            "taker_side": "yes"
        },
        {
            "trade_id": "98d0fdd1-0204-4f0f-91bd-a1e11aca9d6c",
            "ticker": "HIGHNY-24MAY29-B76.5",
            "count": 150,
            "created_time": "2024-05-29T12:26:53.869558Z",
            "yes_price": 35,
            "no_price": 65,
            "taker_side": "yes"
        },
        {
            "trade_id": "9225f60a-7c04-4781-a6b5-daa9306c2c32",
            "ticker": "HIGHNY-24MAY29-B76.5",
            "count": 150,
            "created_time": "2024-05-29T12:26:53.869558Z",
            "yes_price": 37,
            "no_price": 63,
            "taker_side": "yes"
        },
        {
            "trade_id": "7664701a-a757-4b02-a89d-08aa9207ff6a",
            "ticker": "HIGHNY-24MAY29-B76.5",
            "count": 90,
            "created_time": "2024-05-29T12:26:53.869558Z",
            "yes_price": 33,
            "no_price": 67,
            "taker_side": "yes"
        },
        {
            "trade_id": "de7f4229-c624-45d8-aa1d-aa38b37fbf67",
            "ticker": "HIGHNY-24MAY29-B76.5",
            "count": 14,
            "created_time": "2024-05-29T12:03:13.683688Z",
            "yes_price": 32,
            "no_price": 68,
            "taker_side": "yes"
        },
        {
            "trade_id": "4b243559-cb0f-41e0-8480-a97c982ebf5c",
            "ticker": "HIGHNY-24MAY29-B76.5",
            "count": 15,
            "created_time": "2024-05-29T12:01:42.26444Z",
            "yes_price": 32,
            "no_price": 68,
            "taker_side": "yes"
        },
        {
            "trade_id": "a2073b95-9a20-4e0d-a4eb-8c9c7631d32e",
            "ticker": "HIGHNY-24MAY29-B76.5",
            "count": 50,
            "created_time": "2024-05-29T03:55:11.513106Z",
            "yes_price": 33,
            "no_price": 67,
            "taker_side": "yes"
        },
        {
            "trade_id": "a62e1777-80d5-482a-875e-a7b22f98cc86",
            "ticker": "HIGHNY-24MAY29-B76.5",
            "count": 90,
            "created_time": "2024-05-29T03:54:18.688337Z",
            "yes_price": 32,
            "no_price": 68,
            "taker_side": "yes"
        },
        {
            "trade_id": "188f62b5-6d2d-4bfe-9465-d47d2170520e",
            "ticker": "HIGHNY-24MAY29-B76.5",
            "count": 15,
            "created_time": "2024-05-29T03:54:06.597196Z",
            "yes_price": 31,
            "no_price": 69,
            "taker_side": "yes"
        },
        {
            "trade_id": "ea9cf712-1d3d-4c36-bc9a-7930948c45b0",
            "ticker": "HIGHNY-24MAY29-B76.5",
            "count": 29,
            "created_time": "2024-05-28T21:21:03.630965Z",
            "yes_price": 32,
            "no_price": 68,
            "taker_side": "yes"
        },
        {
            "trade_id": "b39b6a42-f920-4a7f-b696-a988321061be",
            "ticker": "HIGHNY-24MAY29-B76.5",
            "count": 46,
            "created_time": "2024-05-28T21:21:03.630965Z",
            "yes_price": 32,
            "no_price": 68,
            "taker_side": "yes"
        },
        {
            "trade_id": "0b36dd33-ccdf-4ba8-8ac3-f9bc0cf52c3c",
            "ticker": "HIGHNY-24MAY29-B76.5",
            "count": 1,
            "created_time": "2024-05-28T18:35:16.62096Z",
            "yes_price": 31,
            "no_price": 69,
            "taker_side": "yes"
        },
        {
            "trade_id": "26ee53b8-91ab-482b-9edc-b43d3c4929c8",
            "ticker": "HIGHNY-24MAY29-B76.5",
            "count": 1,
            "created_time": "2024-05-28T17:30:33.058145Z",
            "yes_price": 31,
            "no_price": 69,
            "taker_side": "yes"
        },
        {
            "trade_id": "0a061d0b-53c2-4034-ad2d-e7ec5659ed43",
            "ticker": "HIGHNY-24MAY29-B76.5",
            "count": 4,
            "created_time": "2024-05-28T15:55:39.683487Z",
            "yes_price": 31,
            "no_price": 69,
            "taker_side": "yes"
        }
    ],
    "HIGHNY-24MAY29-B78.5": [
        {
            "trade_id": "d8829b7b-9f73-4344-9fe4-6dc7ac1ead36",
            "ticker": "HIGHNY-24MAY29-B78.5",
            "count": 72,
            "created_time": "2024-05-30T00:42:54.501271Z",
            "yes_price": 3,
            "no_price": 97,
            "taker_side": "yes"
        },
        {
            "trade_id": "807f875f-2333-437a-a68b-3e6ebbd0fab0",
            "ticker": "HIGHNY-24MAY29-B78.5",
            "count": 11,
            "created_time": "2024-05-29T22:32:39.248835Z",
            "yes_price": 40,
            "no_price": 60,
            "taker_side": "yes"
        },
        {
            "trade_id": "a75c99c0-b5f6-42bf-aec8-3131485da3f9",
            "ticker": "HIGHNY-24MAY29-B78.5",
            "count": 10,
            "created_time": "2024-05-29T15:54:48.792773Z",
            "yes_price": 6,
            "no_price": 94,
            "taker_side": "no"
        },
        {
            "trade_id": "785db820-c30e-4b13-95e4-a4e064c80f00",
            "ticker": "HIGHNY-24MAY29-B78.5",
            "count": 10,
            "created_time": "2024-05-29T15:54:48.792773Z",
            "yes_price": 5,
            "no_price": 95,
            "taker_side": "no"
        },
        {
            "trade_id": "76f761a0-c793-4b09-bd92-0d15072b15ea",
            "ticker": "HIGHNY-24MAY29-B78.5",
            "count": 10,
            "created_time": "2024-05-29T15:53:50.959139Z",
            "yes_price": 7,
            "no_price": 93,
            "taker_side": "no"
        },
        {
            "trade_id": "30e24612-091a-4b2a-bbb0-c3828880b978",
            "ticker": "HIGHNY-24MAY29-B78.5",
            "count": 3,
            "created_time": "2024-05-29T15:53:50.959139Z",
            "yes_price": 9,
            "no_price": 91,
            "taker_side": "no"
        },
        {
            "trade_id": "16605200-e40c-4dab-a509-93465cfa3ad4",
            "ticker": "HIGHNY-24MAY29-B78.5",
            "count": 10,
            "created_time": "2024-05-29T15:53:50.959139Z",
            "yes_price": 8,
            "no_price": 92,
            "taker_side": "no"
        },
        {
            "trade_id": "400c5ec8-aacf-4790-a06d-53b201e58831",
            "ticker": "HIGHNY-24MAY29-B78.5",
            "count": 5,
            "created_time": "2024-05-29T15:48:07.337963Z",
            "yes_price": 8,
            "no_price": 92,
            "taker_side": "no"
        },
        {
            "trade_id": "983616be-b667-4e41-bf90-fba17fc87690",
            "ticker": "HIGHNY-24MAY29-B78.5",
            "count": 22,
            "created_time": "2024-05-29T15:43:29.258089Z",
            "yes_price": 9,
            "no_price": 91,
            "taker_side": "no"
        },
        {
            "trade_id": "f042368e-bf17-455e-a67c-f769d6464800",
            "ticker": "HIGHNY-24MAY29-B78.5",
            "count": 10,
            "created_time": "2024-05-29T15:40:06.216686Z",
            "yes_price": 9,
            "no_price": 91,
            "taker_side": "no"
        },
        {
            "trade_id": "31f79918-bab5-4ff6-ba98-02f2be23b1a4",
            "ticker": "HIGHNY-24MAY29-B78.5",
            "count": 25,
            "created_time": "2024-05-29T15:38:53.278772Z",
            "yes_price": 9,
            "no_price": 91,
            "taker_side": "no"
        },
        {
            "trade_id": "58df8675-184d-46a6-8ffb-da0e3b11b1b9",
            "ticker": "HIGHNY-24MAY29-B78.5",
            "count": 1,
            "created_time": "2024-05-29T15:37:55.259412Z",
            "yes_price": 9,
            "no_price": 91,
            "taker_side": "no"
        },
        {
            "trade_id": "7089c3e3-c2fd-4406-ae7c-75c14f38f927",
            "ticker": "HIGHNY-24MAY29-B78.5",
            "count": 11,
            "created_time": "2024-05-29T15:34:08.01975Z",
            "yes_price": 9,
            "no_price": 91,
            "taker_side": "no"
        },
        {
            "trade_id": "1a1db0bb-71cc-43a7-9084-d109401c46bc",
            "ticker": "HIGHNY-24MAY29-B78.5",
            "count": 36,
            "created_time": "2024-05-29T15:32:35.614895Z",
            "yes_price": 10,
            "no_price": 90,
            "taker_side": "no"
        },
        {
            "trade_id": "1f434435-7d99-43bc-a7e7-90440f63e1db",
            "ticker": "HIGHNY-24MAY29-B78.5",
            "count": 36,
            "created_time": "2024-05-29T15:05:50.69534Z",
            "yes_price": 12,
            "no_price": 88,
            "taker_side": "no"
        },
        {
            "trade_id": "6b187062-e1e8-48e5-8b22-c9bc0da24963",
            "ticker": "HIGHNY-24MAY29-B78.5",
            "count": 100,
            "created_time": "2024-05-29T13:42:31.153605Z",
            "yes_price": 18,
            "no_price": 82,
            "taker_side": "yes"
        },
        {
            "trade_id": "60d376ed-a8c6-4abc-8a53-13f18250fd0d",
            "ticker": "HIGHNY-24MAY29-B78.5",
            "count": 98,
            "created_time": "2024-05-29T13:42:31.153605Z",
            "yes_price": 19,
            "no_price": 81,
            "taker_side": "yes"
        },
        {
            "trade_id": "24a4f75a-311f-47c2-a021-24b6ffc62f2d",
            "ticker": "HIGHNY-24MAY29-B78.5",
            "count": 95,
            "created_time": "2024-05-29T13:42:31.153605Z",
            "yes_price": 16,
            "no_price": 84,
            "taker_side": "yes"
        },
        {
            "trade_id": "8adc407f-5c23-4051-a59f-ab9d554763f1",
            "ticker": "HIGHNY-24MAY29-B78.5",
            "count": 9,
            "created_time": "2024-05-29T12:09:08.60283Z",
            "yes_price": 30,
            "no_price": 70,
            "taker_side": "yes"
        },
        {
            "trade_id": "6e614443-bc57-42c5-9889-d403ea29dcdb",
            "ticker": "HIGHNY-24MAY29-B78.5",
            "count": 12,
            "created_time": "2024-05-29T12:04:42.134037Z",
            "yes_price": 29,
            "no_price": 71,
            "taker_side": "yes"
        },
        {
            "trade_id": "5b47f56b-756f-47af-8397-9339adbfcb48",
            "ticker": "HIGHNY-24MAY29-B78.5",
            "count": 15,
            "created_time": "2024-05-29T12:01:44.763564Z",
            "yes_price": 29,
            "no_price": 71,
            "taker_side": "yes"
        },
        {
            "trade_id": "f37e9cd5-1ba1-46d6-b2ce-7871495ea95b",
            "ticker": "HIGHNY-24MAY29-B78.5",
            "count": 90,
            "created_time": "2024-05-28T23:04:58.260902Z",
            "yes_price": 30,
            "no_price": 70,
            "taker_side": "yes"
        },
        {
            "trade_id": "90b073eb-b131-4d08-811b-b7767660bf62",
            "ticker": "HIGHNY-24MAY29-B78.5",
            "count": 90,
            "created_time": "2024-05-28T23:04:48.166792Z",
            "yes_price": 29,
            "no_price": 71,
            "taker_side": "yes"
        },
        {
            "trade_id": "b6c04272-72cd-4621-adb3-d9aa33e0afc8",
            "ticker": "HIGHNY-24MAY29-B78.5",
            "count": 30,
            "created_time": "2024-05-28T23:04:33.627997Z",
            "yes_price": 28,
            "no_price": 72,
            "taker_side": "yes"
        },
        {
            "trade_id": "00e46e94-b38d-4e95-a369-dfbc6926b871",
            "ticker": "HIGHNY-24MAY29-B78.5",
            "count": 27,
            "created_time": "2024-05-28T23:04:33.627997Z",
            "yes_price": 27,
            "no_price": 73,
            "taker_side": "yes"
        },
        {
            "trade_id": "3ba1a2e6-508a-4b4e-80fd-0fafeb057981",
            "ticker": "HIGHNY-24MAY29-B78.5",
            "count": 1,
            "created_time": "2024-05-28T18:35:17.131821Z",
            "yes_price": 25,
            "no_price": 75,
            "taker_side": "no"
        },
        {
            "trade_id": "2add2fbb-63fa-4a87-a592-8f4ddee05787",
            "ticker": "HIGHNY-24MAY29-B78.5",
            "count": 1,
            "created_time": "2024-05-28T17:30:33.696359Z",
            "yes_price": 25,
            "no_price": 75,
            "taker_side": "no"
        },
        {
            "trade_id": "a82df667-7c1a-41a2-b9a3-6d8b85acf96e",
            "ticker": "HIGHNY-24MAY29-B78.5",
            "count": 10,
            "created_time": "2024-05-28T15:51:59.339353Z",
            "yes_price": 27,
            "no_price": 73,
            "taker_side": "yes"
        },
        {
            "trade_id": "f11026c8-c4bc-4428-aa27-adcb81cc3738",
            "ticker": "HIGHNY-24MAY29-B78.5",
            "count": 1,
            "created_time": "2024-05-28T15:49:04.832426Z",
            "yes_price": 27,
            "no_price": 73,
            "taker_side": "yes"
        }
    ],
    "HIGHNY-24MAY29-B80.5": [
        {
            "trade_id": "91f868db-2185-4bf2-925c-41c076d3dd60",
            "ticker": "HIGHNY-24MAY29-B80.5",
            "count": 5,
            "created_time": "2024-05-29T15:48:07.412638Z",
            "yes_price": 1,
            "no_price": 99,
            "taker_side": "no"
        },
        {
            "trade_id": "27ecac8a-a0ff-4f90-8064-2c02aa010d26",
            "ticker": "HIGHNY-24MAY29-B80.5",
            "count": 22,
            "created_time": "2024-05-29T15:43:29.243081Z",
            "yes_price": 1,
            "no_price": 99,
            "taker_side": "no"
        },
        {
            "trade_id": "9d4486e2-ec99-46ff-a62d-8a2538c6d011",
            "ticker": "HIGHNY-24MAY29-B80.5",
            "count": 10,
            "created_time": "2024-05-29T15:40:06.195836Z",
            "yes_price": 1,
            "no_price": 99,
            "taker_side": "no"
        },
        {
            "trade_id": "e19c73b6-aef1-4945-b54a-f95e0b5772c4",
            "ticker": "HIGHNY-24MAY29-B80.5",
            "count": 4,
            "created_time": "2024-05-29T15:38:53.294122Z",
            "yes_price": 1,
            "no_price": 99,
            "taker_side": "no"
        },
        {
            "trade_id": "7ef6af3c-9834-4b57-b74c-adad6760c5d7",
            "ticker": "HIGHNY-24MAY29-B80.5",
            "count": 19,
            "created_time": "2024-05-29T15:38:53.294122Z",
            "yes_price": 1,
            "no_price": 99,
            "taker_side": "no"
        },
        {
            "trade_id": "42db4f88-f348-4fd9-b971-a8a29cbd6f8e",
            "ticker": "HIGHNY-24MAY29-B80.5",
            "count": 2,
            "created_time": "2024-05-29T15:38:53.294122Z",
            "yes_price": 1,
            "no_price": 99,
            "taker_side": "no"
        },
        {
            "trade_id": "5777c6f6-17a0-4209-bbdb-dd0c73b53181",
            "ticker": "HIGHNY-24MAY29-B80.5",
            "count": 135,
            "created_time": "2024-05-28T21:21:33.680425Z",
            "yes_price": 9,
            "no_price": 91,
            "taker_side": "no"
        },
        {
            "trade_id": "0fa4f3f0-b18e-4d48-9b9f-db0089275f4a",
            "ticker": "HIGHNY-24MAY29-B80.5",
            "count": 150,
            "created_time": "2024-05-28T21:21:33.680425Z",
            "yes_price": 8,
            "no_price": 92,
            "taker_side": "no"
        },
        {
            "trade_id": "9bebaea1-d1d1-4c80-9e0f-761f19986ec1",
            "ticker": "HIGHNY-24MAY29-B80.5",
            "count": 1,
            "created_time": "2024-05-28T18:35:17.652037Z",
            "yes_price": 16,
            "no_price": 84,
            "taker_side": "yes"
        },
        {
            "trade_id": "e6bfa784-4650-4b5d-b545-64d6d37df9ec",
            "ticker": "HIGHNY-24MAY29-B80.5",
            "count": 4,
            "created_time": "2024-05-28T17:31:13.275706Z",
            "yes_price": 12,
            "no_price": 88,
            "taker_side": "no"
        },
        {
            "trade_id": "9343705b-74c0-488a-a393-e6d8ab0a2bed",
            "ticker": "HIGHNY-24MAY29-B80.5",
            "count": 1,
            "created_time": "2024-05-28T17:30:34.308408Z",
            "yes_price": 16,
            "no_price": 84,
            "taker_side": "yes"
        }
    ],
    "HIGHNY-24MAY29-T81": [
        {
            "trade_id": "4a02a3b8-cfbe-4b9b-b4d0-3e28904f49a6",
            "ticker": "HIGHNY-24MAY29-T81",
            "count": 1,
            "created_time": "2024-05-29T15:59:00.69848Z",
            "yes_price": 27,
            "no_price": 73,
            "taker_side": "yes"
        },
        {
            "trade_id": "e3183c93-9f5e-4c9d-900b-66a740197a7f",
            "ticker": "HIGHNY-24MAY29-T81",
            "count": 23,
            "created_time": "2024-05-29T15:54:44.808121Z",
            "yes_price": 1,
            "no_price": 99,
            "taker_side": "no"
        },
        {
            "trade_id": "fb60bb36-90e2-4694-a289-56ac20537aa1",
            "ticker": "HIGHNY-24MAY29-T81",
            "count": 5,
            "created_time": "2024-05-29T15:48:07.26877Z",
            "yes_price": 26,
            "no_price": 74,
            "taker_side": "yes"
        },
        {
            "trade_id": "1e32b5e2-73d1-4f83-84ab-21cf19427a41",
            "ticker": "HIGHNY-24MAY29-T81",
            "count": 9,
            "created_time": "2024-05-29T15:47:30.746333Z",
            "yes_price": 20,
            "no_price": 80,
            "taker_side": "yes"
        },
        {
            "trade_id": "5b84fa3d-ebbe-4b6c-8802-f3762214a4f2",
            "ticker": "HIGHNY-24MAY29-T81",
            "count": 7,
            "created_time": "2024-05-29T15:45:19.243167Z",
            "yes_price": 19,
            "no_price": 81,
            "taker_side": "yes"
        },
        {
            "trade_id": "41cb0c06-0e9b-43c4-8a04-8c7d04b8dbfb",
            "ticker": "HIGHNY-24MAY29-T81",
            "count": 2,
            "created_time": "2024-05-29T15:45:19.243167Z",
            "yes_price": 20,
            "no_price": 80,
            "taker_side": "yes"
        },
        {
            "trade_id": "f2f0d2f1-55e6-4122-a19a-4a8340e46f7b",
            "ticker": "HIGHNY-24MAY29-T81",
            "count": 11,
            "created_time": "2024-05-29T15:43:29.242513Z",
            "yes_price": 21,
            "no_price": 79,
            "taker_side": "no"
        },
        {
            "trade_id": "4fa26621-4d2e-40f1-8800-c310a69da9be",
            "ticker": "HIGHNY-24MAY29-T81",
            "count": 10,
            "created_time": "2024-05-29T15:40:06.19782Z",
            "yes_price": 19,
            "no_price": 81,
            "taker_side": "no"
        },
        {
            "trade_id": "dc537a2c-9680-43e9-bb5f-875a8158e3e9",
            "ticker": "HIGHNY-24MAY29-T81",
            "count": 25,
            "created_time": "2024-05-29T15:38:53.314292Z",
            "yes_price": 19,
            "no_price": 81,
            "taker_side": "no"
        },
        {
            "trade_id": "8b47628b-d83a-4565-9d80-3f5018557387",
            "ticker": "HIGHNY-24MAY29-T81",
            "count": 1,
            "created_time": "2024-05-29T15:37:55.237092Z",
            "yes_price": 23,
            "no_price": 77,
            "taker_side": "no"
        },
        {
            "trade_id": "34add3ec-bf4b-4a36-b290-e4160f595c69",
            "ticker": "HIGHNY-24MAY29-T81",
            "count": 5,
            "created_time": "2024-05-29T15:36:55.804415Z",
            "yes_price": 16,
            "no_price": 84,
            "taker_side": "yes"
        },
        {
            "trade_id": "836033d4-a848-4745-8c48-5b40cbad210c",
            "ticker": "HIGHNY-24MAY29-T81",
            "count": 5,
            "created_time": "2024-05-29T15:36:41.892875Z",
            "yes_price": 15,
            "no_price": 85,
            "taker_side": "yes"
        },
        {
            "trade_id": "c772e686-0213-40d7-816a-cd3f3aec511c",
            "ticker": "HIGHNY-24MAY29-T81",
            "count": 5,
            "created_time": "2024-05-29T15:34:37.152886Z",
            "yes_price": 16,
            "no_price": 84,
            "taker_side": "yes"
        },
        {
            "trade_id": "29fda005-010d-4e69-a126-4b9a0b08be14",
            "ticker": "HIGHNY-24MAY29-T81",
            "count": 1,
            "created_time": "2024-05-29T15:33:11.668653Z",
            "yes_price": 16,
            "no_price": 84,
            "taker_side": "yes"
        },
        {
            "trade_id": "4e653c63-800b-4ed8-8ebc-382a2c7c79f9",
            "ticker": "HIGHNY-24MAY29-T81",
            "count": 6,
            "created_time": "2024-05-29T15:32:54.055838Z",
            "yes_price": 15,
            "no_price": 85,
            "taker_side": "yes"
        },
        {
            "trade_id": "09416763-0c37-49ed-ae02-5ff3a8efe290",
            "ticker": "HIGHNY-24MAY29-T81",
            "count": 5,
            "created_time": "2024-05-29T15:32:54.055838Z",
            "yes_price": 15,
            "no_price": 85,
            "taker_side": "yes"
        }
    ]
}