{
    "HIGHNY-24FEB21-T38": [],
    "HIGHNY-24FEB21-B38.5": [
        {
            "trade_id": "02b3ed0e-1727-4d55-b1e1-464fb26950ef",
            "ticker": "HIGHNY-24FEB21-B38.5",
            "count": 5,
            "created_time": "2024-02-21T21:15:01.624789Z",
            "yes_price": 1,
            "no_price": 99,
            "taker_side": "yes"
        },
        {
            "trade_id": "cbf015a1-4946-4408-834f-83ec31deceb2",
            "ticker": "HIGHNY-24FEB21-B38.5",
            "count": 5,
            "created_time": "2024-02-20T23:34:21.446532Z",
            "yes_price": 11,
            "no_price": 89,
            "taker_side": "no"
        },
        {
            "trade_id": "2faaf12b-2d08-432b-ba7a-53f6895a93e8",
            "ticker": "HIGHNY-24FEB21-B38.5",
            "count": 95,
            "created_time": "2024-02-20T22:11:05.458769Z",
            "yes_price": 17,
            "no_price": 83,
            "taker_side": "yes"
        },
        {
            "trade_id": "399a216e-714b-461c-95c9-71e1cf0d6b37",
            "ticker": "HIGHNY-24FEB21-B38.5",
            "count": 107,
            "created_time": "2024-02-20T22:10:59.322489Z",
            "yes_price": 16,
            "no_price": 84,
            "taker_side": "yes"
        },
        {
            "trade_id": "cfaa6b31-e762-4a01-8ee3-2ecb05040d60",
            "ticker": "HIGHNY-24FEB21-B38.5",
            "count": 6,
            "created_time": "2024-02-20T21:05:59.812076Z",
            "yes_price": 12,
            "no_price": 88,
            "taker_side": "yes"
        },
        {
            "trade_id": "a2550ee2-838a-4e72-bf42-ed3ce6f5ac0a",
            "ticker": "HIGHNY-24FEB21-B38.5",
            "count": 4,
            "created_time": "2024-02-20T21:05:59.812076Z",
            "yes_price": 12,
            "no_price": 88,
            "taker_side": "yes"
        }
    ],
    "HIGHNY-24FEB21-B40.5": [
        {
            "trade_id": "4e32dd60-1436-4238-bd7e-0b6d5efa02de",
            "ticker": "HIGHNY-24FEB21-B40.5",
            "count": 4,
            "created_time": "2024-02-21T19:26:52.772917Z",
            "yes_price": 3,
            "no_price": 97,
            "taker_side": "no"
        },
        {
            "trade_id": "62f2c23d-1f2a-4e7c-8619-f2e06c075a7e",
            "ticker": "HIGHNY-24FEB21-B40.5",
            "count": 55,
            "created_time": "2024-02-21T19:05:05.051986Z",
            "yes_price": 3,
            "no_price": 97,
            "taker_side": "no"
        },
        {
            "trade_id": "13a4b1ac-6773-466d-a315-25ab4b2c97c1",
            "ticker": "HIGHNY-24FEB21-B40.5",
            "count": 9,
            "created_time": "2024-02-21T19:03:15.973813Z",
            "yes_price": 3,
            "no_price": 97,
            "taker_side": "no"
        },
        {
            "trade_id": "28dd5cc9-44a0-4351-82de-bc1fdb638402",
            "ticker": "HIGHNY-24FEB21-B40.5",
            "count": 5,
            "created_time": "2024-02-21T18:09:23.603621Z",
            "yes_price": 35,
            "no_price": 65,
            "taker_side": "yes"
        },
        {
            "trade_id": "93159f33-6a6f-4723-940f-713c20b5552a",
            "ticker": "HIGHNY-24FEB21-B40.5",
            "count": 5,
            "created_time": "2024-02-21T18:05:26.208169Z",
            "yes_price": 35,
            "no_price": 65,
            "taker_side": "yes"
        },
        {
            "trade_id": "64df980f-3927-4e12-808a-6f248857b4d5",
            "ticker": "HIGHNY-24FEB21-B40.5",
            "count": 9,
            "created_time": "2024-02-21T17:53:03.708925Z",
            "yes_price": 50,
            "no_price": 50,
            "taker_side": "yes"
        },
        {
            "trade_id": "34811f47-1584-49da-bba6-19527cbc81ef",
            "ticker": "HIGHNY-24FEB21-B40.5",
            "count": 50,
            "created_time": "2024-02-21T16:53:39.591831Z",
            "yes_price": 49,
            "no_price": 51,
            "taker_side": "yes"
        },
        {
            "trade_id": "7fe89949-238b-43e7-940d-bd54c7a2540c",
            "ticker": "HIGHNY-24FEB21-B40.5",
            "count": 68,
            "created_time": "2024-02-21T13:04:43.879266Z",
            "yes_price": 53,
            "no_price": 47,
            "taker_side": "no"
        },
        {
            "trade_id": "605c9bcd-eedb-4bae-a722-9b783cb7da46",
            "ticker": "HIGHNY-24FEB21-B40.5",
            "count": 68,
            "created_time": "2024-02-21T13:04:43.879266Z",
            "yes_price": 51,
            "no_price": 49,
            "taker_side": "no"
        },
        {
            "trade_id": "042f33b4-4835-4098-9a86-61a75660c20b",
            "ticker": "HIGHNY-24FEB21-B40.5",
            "count": 6,
            "created_time": "2024-02-21T13:04:43.879266Z",
            "yes_price": 56,
            "no_price": 44,
            "taker_side": "no"
        },
        {
            "trade_id": "8fd399d3-dbb1-4b8c-8c62-0476f8cdf9e1",
            "ticker": "HIGHNY-24FEB21-B40.5",
            "count": 105,
            "created_time": "2024-02-21T04:45:20.879659Z",
            "yes_price": 46,
            "no_price": 54,
            "taker_side": "yes"
        },
        {
            "trade_id": "312f1196-89ce-41e0-a8b6-d355ec35edf6",
            "ticker": "HIGHNY-24FEB21-B40.5",
            "count": 105,
            "created_time": "2024-02-21T04:45:20.879659Z",
            "yes_price": 44,
            "no_price": 56,
            "taker_side": "yes"
        },
        {
            "trade_id": "177997d5-43d2-4993-9036-24498efedbeb",
            "ticker": "HIGHNY-24FEB21-B40.5",
            "count": 1,
            "created_time": "2024-02-21T04:45:20.879659Z",
            "yes_price": 43,
            "no_price": 57,
            "taker_side": "yes"
        },
        {
            "trade_id": "16a2402b-7899-4c8d-ada2-9fece824fc95",
            "ticker": "HIGHNY-24FEB21-B40.5",
            "count": 42,
            "created_time": "2024-02-21T04:45:20.879659Z",
            "yes_price": 41,
            "no_price": 59,
            "taker_side": "yes"
        },
        {
            "trade_id": "b41c519c-57b3-491c-b12f-5428890f4520",
            "ticker": "HIGHNY-24FEB21-B40.5",
            "count": 52,
            "created_time": "2024-02-21T04:44:26.816343Z",
            "yes_price": 38,
            "no_price": 62,
            "taker_side": "yes"
        },
        {
            "trade_id": "a85234c1-7477-4907-86e1-6e332fce149b",
            "ticker": "HIGHNY-24FEB21-B40.5",
            "count": 105,
            "created_time": "2024-02-21T04:44:26.816343Z",
            "yes_price": 40,
            "no_price": 60,
            "taker_side": "yes"
        },
        {
            "trade_id": "077b73e3-f205-4eb2-9069-2955b2fc3e55",
            "ticker": "HIGHNY-24FEB21-B40.5",
            "count": 68,
            "created_time": "2024-02-21T02:29:45.054093Z",
            "yes_price": 23,
            "no_price": 77,
            "taker_side": "yes"
        },
        {
            "trade_id": "d945552f-987f-45ce-a6fb-eec88a8b4f07",
            "ticker": "HIGHNY-24FEB21-B40.5",
            "count": 1,
            "created_time": "2024-02-21T02:28:33.118393Z",
            "yes_price": 24,
            "no_price": 76,
            "taker_side": "no"
        },
        {
            "trade_id": "4a46772d-dc73-4362-96b1-25af0857c1e4",
            "ticker": "HIGHNY-24FEB21-B40.5",
            "count": 1,
            "created_time": "2024-02-21T02:28:33.118393Z",
            "yes_price": 23,
            "no_price": 77,
            "taker_side": "no"
        },
        {
            "trade_id": "0653fa27-5c7e-4a89-a5d7-5d67bf3232c0",
            "ticker": "HIGHNY-24FEB21-B40.5",
            "count": 7,
            "created_time": "2024-02-21T02:28:33.118393Z",
            "yes_price": 23,
            "no_price": 77,
            "taker_side": "no"
        },
        {
            "trade_id": "436d7b1b-b821-4e72-9c8d-a91e7355df13",
            "ticker": "HIGHNY-24FEB21-B40.5",
            "count": 20,
            "created_time": "2024-02-21T02:20:33.085367Z",
            "yes_price": 29,
            "no_price": 71,
            "taker_side": "no"
        },
        {
            "trade_id": "098a9a60-8f39-4d21-9b6f-0314920078f9",
            "ticker": "HIGHNY-24FEB21-B40.5",
            "count": 72,
            "created_time": "2024-02-20T22:03:18.244304Z",
            "yes_price": 33,
            "no_price": 67,
            "taker_side": "yes"
        },
        {
            "trade_id": "bc3ea6a5-cdf6-444c-843c-fe2c87643375",
            "ticker": "HIGHNY-24FEB21-B40.5",
            "count": 60,
            "created_time": "2024-02-20T22:03:12.660265Z",
            "yes_price": 32,
            "no_price": 68,
            "taker_side": "yes"
        },
        {
            "trade_id": "1eab862a-76c5-457c-ad9f-23b2c4e29440",
            "ticker": "HIGHNY-24FEB21-B40.5",
            "count": 60,
            "created_time": "2024-02-20T22:03:07.539914Z",
            "yes_price": 31,
            "no_price": 69,
            "taker_side": "yes"
        },
        {
            "trade_id": "837145ce-2a70-4ee8-a585-67bcac79ef9e",
            "ticker": "HIGHNY-24FEB21-B40.5",
            "count": 72,
            "created_time": "2024-02-20T22:03:01.025737Z",
            "yes_price": 30,
            "no_price": 70,
            "taker_side": "yes"
        },
        {
            "trade_id": "bc3452cf-ba01-4b48-b88f-105a17e5c3af",
            "ticker": "HIGHNY-24FEB21-B40.5",
            "count": 36,
            "created_time": "2024-02-20T22:02:55.794235Z",
            "yes_price": 29,
            "no_price": 71,
            "taker_side": "yes"
        },
        {
            "trade_id": "32136c62-e909-4769-b91b-4bb2ae841ca7",
            "ticker": "HIGHNY-24FEB21-B40.5",
            "count": 5,
            "created_time": "2024-02-20T21:16:31.730093Z",
            "yes_price": 27,
            "no_price": 73,
            "taker_side": "yes"
        },
        {
            "trade_id": "bdbcf01d-c098-41df-9203-46ae70cf06a6",
            "ticker": "HIGHNY-24FEB21-B40.5",
            "count": 6,
            "created_time": "2024-02-20T18:37:20.870547Z",
            "yes_price": 31,
            "no_price": 69,
            "taker_side": "yes"
        },
        {
            "trade_id": "428981a5-29a0-4937-9e69-d162781c8043",
            "ticker": "HIGHNY-24FEB21-B40.5",
            "count": 7,
            "created_time": "2024-02-20T18:15:59.013151Z",
            "yes_price": 27,
            "no_price": 73,
            "taker_side": "yes"
        },
        {
            "trade_id": "07f81494-ddd1-47e1-8ad9-af2f814dc114",
            "ticker": "HIGHNY-24FEB21-B40.5",
            "count": 1,
            "created_time": "2024-02-20T18:14:10.284192Z",
            "yes_price": 27,
            "no_price": 73,
            "taker_side": "yes"
        },
        {
            "trade_id": "153cf83c-937d-493a-9786-a3d451f005b3",
            "ticker": "HIGHNY-24FEB21-B40.5",
            "count": 42,
            "created_time": "2024-02-20T18:11:40.867747Z",
            "yes_price": 23,
            "no_price": 77,
            "taker_side": "no"
        },
        {
            "trade_id": "ae881333-fc71-4f06-8dbe-50a3aab528e8",
            "ticker": "HIGHNY-24FEB21-B40.5",
            "count": 1,
            "created_time": "2024-02-20T17:30:26.431335Z",
            "yes_price": 23,
            "no_price": 77,
            "taker_side": "no"
        },
        {
            "trade_id": "e7f6f7d4-253c-40fb-856e-92cfd57cd77c",
            "ticker": "HIGHNY-24FEB21-B40.5",
            "count": 89,
            "created_time": "2024-02-20T15:29:03.113184Z",
            "yes_price": 27,
            "no_price": 73,
            "taker_side": "yes"
        },
        {
            "trade_id": "ac29bc98-5d79-4ce8-b0ab-8eefc884f87f",
            "ticker": "HIGHNY-24FEB21-B40.5",
            "count": 44,
            "created_time": "2024-02-20T15:29:00.978765Z",
            "yes_price": 25,
            "no_price": 75,
            "taker_side": "yes"
        },
        {
            "trade_id": "3d4d1c9a-7f01-497b-abb1-088ccb3d5c98",
            "ticker": "HIGHNY-24FEB21-B40.5",
            "count": 6,
            "created_time": "2024-02-20T15:15:38.486998Z",
            "yes_price": 25,
            "no_price": 75,
            "taker_side": "no"
        },
        {
            "trade_id": "08dab27c-3986-4c0b-8435-57f162c97757",
            "ticker": "HIGHNY-24FEB21-B40.5",
            "count": 1,
            "created_time": "2024-02-20T15:12:27.03701Z",
            "yes_price": 32,
            "no_price": 68,
            "taker_side": "no"
        }
    ],
    "HIGHNY-24FEB21-B42.5": [
        {
            "trade_id": "55877ad7-2990-4d0f-9da3-0db1b59be007",
            "ticker": "HIGHNY-24FEB21-B42.5",
            "count": 5,
            "created_time": "2024-02-21T18:55:18.301993Z",
            "yes_price": 65,
            "no_price": 35,
            "taker_side": "yes"
        },
        {
            "trade_id": "58588b57-ade8-447a-8dbb-42132d3d626a",
            "ticker": "HIGHNY-24FEB21-B42.5",
            "count": 20,
            "created_time": "2024-02-21T17:46:25.105793Z",
            "yes_price": 21,
            "no_price": 79,
            "taker_side": "no"
        },
        {
            "trade_id": "9f1336e2-b8b0-44ba-ab45-1518043c9e57",
            "ticker": "HIGHNY-24FEB21-B42.5",
            "count": 11,
            "created_time": "2024-02-21T13:05:27.035396Z",
            "yes_price": 49,
            "no_price": 51,
            "taker_side": "yes"
        },
        {
            "trade_id": "0e13b33e-b8d8-4958-9f0d-0174346eac7f",
            "ticker": "HIGHNY-24FEB21-B42.5",
            "count": 2,
            "created_time": "2024-02-21T13:05:27.035396Z",
            "yes_price": 46,
            "no_price": 54,
            "taker_side": "yes"
        },
        {
            "trade_id": "0a3f0096-13e0-4205-8846-2ff25983132e",
            "ticker": "HIGHNY-24FEB21-B42.5",
            "count": 6,
            "created_time": "2024-02-21T13:05:27.035396Z",
            "yes_price": 49,
            "no_price": 51,
            "taker_side": "yes"
        },
        {
            "trade_id": "e4ce05e7-e0f7-4fc3-82e6-4d48b0f31c9c",
            "ticker": "HIGHNY-24FEB21-B42.5",
            "count": 20,
            "created_time": "2024-02-21T13:05:13.957242Z",
            "yes_price": 46,
            "no_price": 54,
            "taker_side": "yes"
        },
        {
            "trade_id": "7e41a827-623e-45ca-8b08-d519444e9b1d",
            "ticker": "HIGHNY-24FEB21-B42.5",
            "count": 22,
            "created_time": "2024-02-21T13:05:05.28003Z",
            "yes_price": 43,
            "no_price": 57,
            "taker_side": "yes"
        },
        {
            "trade_id": "d426ea63-f57e-455f-819c-0eac5f960b18",
            "ticker": "HIGHNY-24FEB21-B42.5",
            "count": 3,
            "created_time": "2024-02-21T13:04:48.825116Z",
            "yes_price": 44,
            "no_price": 56,
            "taker_side": "yes"
        },
        {
            "trade_id": "7ea8bf83-277b-4221-a929-ead9849b2530",
            "ticker": "HIGHNY-24FEB21-B42.5",
            "count": 20,
            "created_time": "2024-02-21T13:04:48.825116Z",
            "yes_price": 41,
            "no_price": 59,
            "taker_side": "yes"
        },
        {
            "trade_id": "6af81532-81e7-4ccb-b5e2-85439e2b463f",
            "ticker": "HIGHNY-24FEB21-B42.5",
            "count": 25,
            "created_time": "2024-02-21T13:04:36.613396Z",
            "yes_price": 37,
            "no_price": 63,
            "taker_side": "yes"
        },
        {
            "trade_id": "b0a55d53-1e44-4966-b536-9948bc344ac3",
            "ticker": "HIGHNY-24FEB21-B42.5",
            "count": 13,
            "created_time": "2024-02-21T13:04:22.315585Z",
            "yes_price": 37,
            "no_price": 63,
            "taker_side": "yes"
        },
        {
            "trade_id": "762338d9-f1eb-4d87-90c4-0469db24d06d",
            "ticker": "HIGHNY-24FEB21-B42.5",
            "count": 12,
            "created_time": "2024-02-21T13:04:22.315585Z",
            "yes_price": 39,
            "no_price": 61,
            "taker_side": "yes"
        },
        {
            "trade_id": "334ff8cd-23cc-4602-b85f-b362433ee82c",
            "ticker": "HIGHNY-24FEB21-B42.5",
            "count": 8,
            "created_time": "2024-02-21T13:04:14.295769Z",
            "yes_price": 36,
            "no_price": 64,
            "taker_side": "yes"
        },
        {
            "trade_id": "24ed4bf5-c282-4f54-a226-cd106e574186",
            "ticker": "HIGHNY-24FEB21-B42.5",
            "count": 17,
            "created_time": "2024-02-21T13:04:14.295769Z",
            "yes_price": 38,
            "no_price": 62,
            "taker_side": "yes"
        },
        {
            "trade_id": "604ce108-e0ee-4ddb-a1d9-b4e2a3d32b7a",
            "ticker": "HIGHNY-24FEB21-B42.5",
            "count": 26,
            "created_time": "2024-02-21T13:04:05.509421Z",
            "yes_price": 36,
            "no_price": 64,
            "taker_side": "yes"
        },
        {
            "trade_id": "3a2bcb6c-c3f6-4187-b85c-4970a79dd08d",
            "ticker": "HIGHNY-24FEB21-B42.5",
            "count": 10,
            "created_time": "2024-02-21T02:45:57.715229Z",
            "yes_price": 45,
            "no_price": 55,
            "taker_side": "yes"
        },
        {
            "trade_id": "1ddf93b8-1cd2-4b30-ba17-fdbdc0383c50",
            "ticker": "HIGHNY-24FEB21-B42.5",
            "count": 20,
            "created_time": "2024-02-21T02:27:19.926332Z",
            "yes_price": 46,
            "no_price": 54,
            "taker_side": "yes"
        },
        {
            "trade_id": "bb26fe6b-bc5e-4696-a128-a13be2e132e1",
            "ticker": "HIGHNY-24FEB21-B42.5",
            "count": 22,
            "created_time": "2024-02-21T01:48:07.957642Z",
            "yes_price": 39,
            "no_price": 61,
            "taker_side": "yes"
        },
        {
            "trade_id": "add71e88-c473-45df-a037-07ebf2b3ab45",
            "ticker": "HIGHNY-24FEB21-B42.5",
            "count": 2,
            "created_time": "2024-02-20T22:11:01.9776Z",
            "yes_price": 36,
            "no_price": 64,
            "taker_side": "no"
        },
        {
            "trade_id": "08847873-1023-4d14-bae5-5ce087651d0f",
            "ticker": "HIGHNY-24FEB21-B42.5",
            "count": 60,
            "created_time": "2024-02-20T22:04:42.5128Z",
            "yes_price": 37,
            "no_price": 63,
            "taker_side": "no"
        },
        {
            "trade_id": "a01ce163-8d2c-4092-b3be-96a11d5f1077",
            "ticker": "HIGHNY-24FEB21-B42.5",
            "count": 60,
            "created_time": "2024-02-20T22:04:18.97592Z",
            "yes_price": 38,
            "no_price": 62,
            "taker_side": "no"
        },
        {
            "trade_id": "e1298402-74b8-43b8-b0fe-76667de2ad34",
            "ticker": "HIGHNY-24FEB21-B42.5",
            "count": 36,
            "created_time": "2024-02-20T22:04:01.807576Z",
            "yes_price": 39,
            "no_price": 61,
            "taker_side": "no"
        },
        {
            "trade_id": "c2863747-bc67-4ee3-91f4-802c21f99a03",
            "ticker": "HIGHNY-24FEB21-B42.5",
            "count": 12,
            "created_time": "2024-02-20T22:03:35.682808Z",
            "yes_price": 39,
            "no_price": 61,
            "taker_side": "no"
        },
        {
            "trade_id": "61ce213a-a2d1-4587-ad44-f079705e6d3e",
            "ticker": "HIGHNY-24FEB21-B42.5",
            "count": 10,
            "created_time": "2024-02-20T22:03:35.682808Z",
            "yes_price": 42,
            "no_price": 58,
            "taker_side": "no"
        },
        {
            "trade_id": "005fea0b-bfeb-4dec-a1bf-2877bd796ebf",
            "ticker": "HIGHNY-24FEB21-B42.5",
            "count": 3,
            "created_time": "2024-02-20T21:16:31.826684Z",
            "yes_price": 45,
            "no_price": 55,
            "taker_side": "no"
        },
        {
            "trade_id": "c921ee02-e4f8-4f70-b36d-bfc8ba2e0af2",
            "ticker": "HIGHNY-24FEB21-B42.5",
            "count": 60,
            "created_time": "2024-02-20T19:38:27.916367Z",
            "yes_price": 48,
            "no_price": 52,
            "taker_side": "yes"
        },
        {
            "trade_id": "718a6555-162e-48ee-9398-05a0e2b72e82",
            "ticker": "HIGHNY-24FEB21-B42.5",
            "count": 48,
            "created_time": "2024-02-20T19:34:39.220729Z",
            "yes_price": 47,
            "no_price": 53,
            "taker_side": "yes"
        },
        {
            "trade_id": "6e307b6a-3419-4d8a-b9cc-b86e888ab807",
            "ticker": "HIGHNY-24FEB21-B42.5",
            "count": 60,
            "created_time": "2024-02-20T19:24:41.665079Z",
            "yes_price": 46,
            "no_price": 54,
            "taker_side": "yes"
        },
        {
            "trade_id": "ba639ef0-95f0-472a-b65d-f644fe3629c1",
            "ticker": "HIGHNY-24FEB21-B42.5",
            "count": 115,
            "created_time": "2024-02-20T19:11:24.209673Z",
            "yes_price": 44,
            "no_price": 56,
            "taker_side": "yes"
        },
        {
            "trade_id": "6a283425-c928-4a07-be5a-40240c27d4cb",
            "ticker": "HIGHNY-24FEB21-B42.5",
            "count": 6,
            "created_time": "2024-02-20T19:11:24.209673Z",
            "yes_price": 41,
            "no_price": 59,
            "taker_side": "yes"
        },
        {
            "trade_id": "68a66bf0-51df-4103-ae99-3d55fd03aeb8",
            "ticker": "HIGHNY-24FEB21-B42.5",
            "count": 115,
            "created_time": "2024-02-20T19:11:24.209673Z",
            "yes_price": 46,
            "no_price": 54,
            "taker_side": "yes"
        },
        {
            "trade_id": "45443dec-67f5-4b80-8d3a-2a3e0f84b0dc",
            "ticker": "HIGHNY-24FEB21-B42.5",
            "count": 46,
            "created_time": "2024-02-20T19:11:24.209673Z",
            "yes_price": 41,
            "no_price": 59,
            "taker_side": "yes"
        },
        {
            "trade_id": "8f2295c0-450d-4957-bf47-2a11e2f5904c",
            "ticker": "HIGHNY-24FEB21-B42.5",
            "count": 1,
            "created_time": "2024-02-20T17:30:26.968138Z",
            "yes_price": 36,
            "no_price": 64,
            "taker_side": "no"
        }
    ],
    "HIGHNY-24FEB21-B44.5": [
        {
            "trade_id": "5fa08b1f-2d91-4498-903b-e0089da73237",
            "ticker": "HIGHNY-24FEB21-B44.5",
            "count": 222,
            "created_time": "2024-02-21T17:54:18.715207Z",
            "yes_price": 1,
            "no_price": 99,
            "taker_side": "no"
        },
        {
            "trade_id": "5e0dd25d-018a-44bb-841c-3c38c4c93eb1",
            "ticker": "HIGHNY-24FEB21-B44.5",
            "count": 28,
            "created_time": "2024-02-21T17:54:18.715207Z",
            "yes_price": 1,
            "no_price": 99,
            "taker_side": "no"
        },
        {
            "trade_id": "4c603c25-565a-42a8-ad2f-7a58c1a9613b",
            "ticker": "HIGHNY-24FEB21-B44.5",
            "count": 250,
            "created_time": "2024-02-21T15:54:04.234891Z",
            "yes_price": 6,
            "no_price": 94,
            "taker_side": "no"
        },
        {
            "trade_id": "f3690688-ab1f-4a7b-82b6-3b685d52da6b",
            "ticker": "HIGHNY-24FEB21-B44.5",
            "count": 22,
            "created_time": "2024-02-21T13:46:02.49443Z",
            "yes_price": 1,
            "no_price": 99,
            "taker_side": "no"
        },
        {
            "trade_id": "e7eaf685-8021-4b7d-bfb4-71cddbaa688a",
            "ticker": "HIGHNY-24FEB21-B44.5",
            "count": 106,
            "created_time": "2024-02-21T04:43:06.516115Z",
            "yes_price": 11,
            "no_price": 89,
            "taker_side": "no"
        },
        {
            "trade_id": "d97b5793-6a68-40bd-8496-2ae8ba2ac1c6",
            "ticker": "HIGHNY-24FEB21-B44.5",
            "count": 21,
            "created_time": "2024-02-21T04:43:06.516115Z",
            "yes_price": 12,
            "no_price": 88,
            "taker_side": "no"
        },
        {
            "trade_id": "9bc3d48a-dad7-41be-bd04-d21efba2b33a",
            "ticker": "HIGHNY-24FEB21-B44.5",
            "count": 16,
            "created_time": "2024-02-21T02:26:15.661972Z",
            "yes_price": 29,
            "no_price": 71,
            "taker_side": "yes"
        },
        {
            "trade_id": "405b574d-39cd-46b9-9d00-5f0d5c5da052",
            "ticker": "HIGHNY-24FEB21-B44.5",
            "count": 6,
            "created_time": "2024-02-21T02:26:15.661972Z",
            "yes_price": 29,
            "no_price": 71,
            "taker_side": "yes"
        },
        {
            "trade_id": "88416d5e-9478-45a7-b464-ce039863a0f0",
            "ticker": "HIGHNY-24FEB21-B44.5",
            "count": 5,
            "created_time": "2024-02-21T02:20:33.112078Z",
            "yes_price": 20,
            "no_price": 80,
            "taker_side": "yes"
        },
        {
            "trade_id": "0a1817ec-0ed3-4249-8ecf-e64efe1e8727",
            "ticker": "HIGHNY-24FEB21-B44.5",
            "count": 24,
            "created_time": "2024-02-20T22:04:32.643271Z",
            "yes_price": 14,
            "no_price": 86,
            "taker_side": "no"
        },
        {
            "trade_id": "b247f329-8f8f-496b-8dd8-7f2624756ce8",
            "ticker": "HIGHNY-24FEB21-B44.5",
            "count": 12,
            "created_time": "2024-02-20T22:04:09.405505Z",
            "yes_price": 14,
            "no_price": 86,
            "taker_side": "no"
        },
        {
            "trade_id": "75096b3f-377c-46a1-b82e-99e02924d040",
            "ticker": "HIGHNY-24FEB21-B44.5",
            "count": 108,
            "created_time": "2024-02-20T22:03:55.247255Z",
            "yes_price": 14,
            "no_price": 86,
            "taker_side": "no"
        },
        {
            "trade_id": "c928146d-483c-4021-bb73-e42caa4ba752",
            "ticker": "HIGHNY-24FEB21-B44.5",
            "count": 72,
            "created_time": "2024-02-20T22:03:28.92657Z",
            "yes_price": 15,
            "no_price": 85,
            "taker_side": "no"
        },
        {
            "trade_id": "5691984b-f466-4d7d-9fea-69c1e468470c",
            "ticker": "HIGHNY-24FEB21-B44.5",
            "count": 14,
            "created_time": "2024-02-20T21:05:25.099768Z",
            "yes_price": 18,
            "no_price": 82,
            "taker_side": "no"
        },
        {
            "trade_id": "ff164fb1-b909-4e53-8eb8-ba6a1b6fd083",
            "ticker": "HIGHNY-24FEB21-B44.5",
            "count": 36,
            "created_time": "2024-02-20T21:04:43.56917Z",
            "yes_price": 19,
            "no_price": 81,
            "taker_side": "no"
        },
        {
            "trade_id": "cb771f7d-4e37-4e5c-a876-c8ce8805b437",
            "ticker": "HIGHNY-24FEB21-B44.5",
            "count": 10,
            "created_time": "2024-02-20T20:59:13.550931Z",
            "yes_price": 26,
            "no_price": 74,
            "taker_side": "yes"
        },
        {
            "trade_id": "c5217e3b-82c1-4244-8620-7c13c126258c",
            "ticker": "HIGHNY-24FEB21-B44.5",
            "count": 8,
            "created_time": "2024-02-20T20:59:13.550931Z",
            "yes_price": 24,
            "no_price": 76,
            "taker_side": "yes"
        },
        {
            "trade_id": "1e0730e0-6c15-4ed9-8dfa-eac94b94d489",
            "ticker": "HIGHNY-24FEB21-B44.5",
            "count": 19,
            "created_time": "2024-02-20T20:57:56.268894Z",
            "yes_price": 24,
            "no_price": 76,
            "taker_side": "yes"
        },
        {
            "trade_id": "1a64b472-4e93-4c90-b8ec-b8c12113ec96",
            "ticker": "HIGHNY-24FEB21-B44.5",
            "count": 19,
            "created_time": "2024-02-20T20:57:49.920673Z",
            "yes_price": 24,
            "no_price": 76,
            "taker_side": "yes"
        },
        {
            "trade_id": "dc67aa62-6f85-47d1-9ec6-a0dcb969fbf2",
            "ticker": "HIGHNY-24FEB21-B44.5",
            "count": 19,
            "created_time": "2024-02-20T20:57:39.765674Z",
            "yes_price": 24,
            "no_price": 76,
            "taker_side": "yes"
        },
        {
            "trade_id": "27aab4ab-c93d-4707-bd7e-83130306d65f",
            "ticker": "HIGHNY-24FEB21-B44.5",
            "count": 19,
            "created_time": "2024-02-20T20:57:26.151755Z",
            "yes_price": 24,
            "no_price": 76,
            "taker_side": "yes"
        },
        {
            "trade_id": "9487b4cc-aa12-468f-8e6e-792b4b75b89d",
            "ticker": "HIGHNY-24FEB21-B44.5",
            "count": 20,
            "created_time": "2024-02-20T20:57:19.719423Z",
            "yes_price": 23,
            "no_price": 77,
            "taker_side": "yes"
        },
        {
            "trade_id": "d6fc1d2b-cd56-42bf-9211-61bb5aa8d59d",
            "ticker": "HIGHNY-24FEB21-B44.5",
            "count": 20,
            "created_time": "2024-02-20T20:57:11.863908Z",
            "yes_price": 23,
            "no_price": 77,
            "taker_side": "yes"
        },
        {
            "trade_id": "56e9f888-72f1-4f65-964b-d4e1438ff014",
            "ticker": "HIGHNY-24FEB21-B44.5",
            "count": 20,
            "created_time": "2024-02-20T20:57:04.917933Z",
            "yes_price": 23,
            "no_price": 77,
            "taker_side": "yes"
        },
        {
            "trade_id": "4e714b0c-3f86-4ff4-bfaf-abede8fe4209",
            "ticker": "HIGHNY-24FEB21-B44.5",
            "count": 17,
            "created_time": "2024-02-20T20:56:59.916187Z",
            "yes_price": 24,
            "no_price": 76,
            "taker_side": "yes"
        },
        {
            "trade_id": "3b7271d8-00e8-44ca-96bb-67d3ac13d94f",
            "ticker": "HIGHNY-24FEB21-B44.5",
            "count": 3,
            "created_time": "2024-02-20T20:56:59.916187Z",
            "yes_price": 22,
            "no_price": 78,
            "taker_side": "yes"
        },
        {
            "trade_id": "1c4fdd97-e5e7-48db-8c8e-a33b74d17410",
            "ticker": "HIGHNY-24FEB21-B44.5",
            "count": 21,
            "created_time": "2024-02-20T20:56:54.407664Z",
            "yes_price": 22,
            "no_price": 78,
            "taker_side": "yes"
        },
        {
            "trade_id": "03c94f72-e0cb-45d0-8018-a98bba05b01b",
            "ticker": "HIGHNY-24FEB21-B44.5",
            "count": 20,
            "created_time": "2024-02-20T20:56:47.020117Z",
            "yes_price": 23,
            "no_price": 77,
            "taker_side": "yes"
        },
        {
            "trade_id": "dd519b78-57b5-41e8-9cbb-dc0019532ca4",
            "ticker": "HIGHNY-24FEB21-B44.5",
            "count": 7,
            "created_time": "2024-02-20T20:56:40.762252Z",
            "yes_price": 23,
            "no_price": 77,
            "taker_side": "yes"
        },
        {
            "trade_id": "d8ce26e6-5768-4afd-9fca-c3a87bd592db",
            "ticker": "HIGHNY-24FEB21-B44.5",
            "count": 18,
            "created_time": "2024-02-20T20:56:35.403446Z",
            "yes_price": 22,
            "no_price": 78,
            "taker_side": "yes"
        },
        {
            "trade_id": "2efaeb1c-084b-4b4b-81ee-618f0b8c3a2a",
            "ticker": "HIGHNY-24FEB21-B44.5",
            "count": 3,
            "created_time": "2024-02-20T20:56:35.403446Z",
            "yes_price": 24,
            "no_price": 76,
            "taker_side": "yes"
        },
        {
            "trade_id": "c3dfc1a3-49f4-41ca-99ef-9c4abeda5721",
            "ticker": "HIGHNY-24FEB21-B44.5",
            "count": 21,
            "created_time": "2024-02-20T20:56:29.232179Z",
            "yes_price": 22,
            "no_price": 78,
            "taker_side": "yes"
        },
        {
            "trade_id": "88f0b912-11ee-40a5-be86-5a35b8bd2897",
            "ticker": "HIGHNY-24FEB21-B44.5",
            "count": 21,
            "created_time": "2024-02-20T20:56:19.703678Z",
            "yes_price": 22,
            "no_price": 78,
            "taker_side": "yes"
        },
        {
            "trade_id": "bca77129-2109-4b0e-9389-5eac38b7ae83",
            "ticker": "HIGHNY-24FEB21-B44.5",
            "count": 12,
            "created_time": "2024-02-20T20:56:04.203503Z",
            "yes_price": 21,
            "no_price": 79,
            "taker_side": "yes"
        },
        {
            "trade_id": "6dc58233-7e2b-4330-a879-343978102df8",
            "ticker": "HIGHNY-24FEB21-B44.5",
            "count": 30,
            "created_time": "2024-02-20T20:56:04.203503Z",
            "yes_price": 23,
            "no_price": 77,
            "taker_side": "yes"
        }
    ],
    "HIGHNY-24FEB21-T45": [
        {
            "trade_id": "5a56e128-c187-4c92-8034-914e7c76ed0d",
            "ticker": "HIGHNY-24FEB21-T45",
            "count": 1,
            "created_time": "2024-02-20T17:30:27.810117Z",
            "yes_price": 27,
            "no_price": 73,
            "taker_side": "yes"
        }
    ]
}