{
    "KXHIGHNY-24DEC26-T32": [
        {
            "trade_id": "8fd95af9-c3f9-4a4f-bebd-66e87a24fe26",
            "ticker": "KXHIGHNY-24DEC26-T32",
            "count": 98,
            "created_time": "2024-12-26T15:56:45.747995Z",
            "yes_price": 1,
            "no_price": 99,
            "taker_side": "yes"
        },
        {
            "trade_id": "83e084cc-8bdf-44a0-8913-5f95fa1de87c",
            "ticker": "KXHIGHNY-24DEC26-T32",
            "count": 100,
            "created_time": "2024-12-26T15:56:45.747995Z",
            "yes_price": 1,
            "no_price": 99,
            "taker_side": "yes"
        },
        {
            "trade_id": "2dd31c58-9e7b-4051-8f92-ec617962e04a",
            "ticker": "KXHIGHNY-24DEC26-T32",
            "count": 100,
            "created_time": "2024-12-26T15:56:45.747995Z",
            "yes_price": 1,
            "no_price": 99,
            "taker_side": "yes"
        },
        {
            "trade_id": "96175f14-2e6a-441c-996d-f4adf178d2f3",
            "ticker": "KXHIGHNY-24DEC26-T32",
            "count": 100,
            "created_time": "2024-12-26T05:26:30.675477Z",
            "yes_price": 1,
            "no_price": 99,
            "taker_side": "yes"
        },
        {
            "trade_id": "5fa43d82-5498-4eae-9a2e-c9cc33919d8e",
            "ticker": "KXHIGHNY-24DEC26-T32",
            "count": 2,
            "created_time": "2024-12-25T20:22:18.619282Z",
            "yes_price": 4,
            "no_price": 96,
            "taker_side": "yes"
        }
    ],
    "KXHIGHNY-24DEC26-B32.5": [
        {
            "trade_id": "bbd66048-85a3-4d16-aec1-e7c2287f6d2f",
            "ticker": "KXHIGHNY-24DEC26-B32.5",
            "count": 428,
            "created_time": "2024-12-26T19:14:10.133318Z",
            "yes_price": 1,
            "no_price": 99,
            "taker_side": "yes"
        },
        {
            "trade_id": "0476be80-3ae1-4bc5-8d55-a6fd9875fbe4",
            "ticker": "KXHIGHNY-24DEC26-B32.5",
            "count": 1635,
            "created_time": "2024-12-26T19:14:10.133318Z",
            "yes_price": 1,
            "no_price": 99,
            "taker_side": "yes"
        },
        {
            "trade_id": "02f7f7ea-9437-4673-b145-b03318ebd349",
            "ticker": "KXHIGHNY-24DEC26-B32.5",
            "count": 696,
            "created_time": "2024-12-26T19:14:10.133318Z",
            "yes_price": 1,
            "no_price": 99,
            "taker_side": "yes"
        },
        {
            "trade_id": "a7bbd922-78b7-4e3d-a147-3cf58155374c",
            "ticker": "KXHIGHNY-24DEC26-B32.5",
            "count": 142,
            "created_time": "2024-12-26T17:45:27.291701Z",
            "yes_price": 1,
            "no_price": 99,
            "taker_side": "yes"
        },
        {
            "trade_id": "03835304-e086-4710-8c5f-a901ea5cf0c0",
            "ticker": "KXHIGHNY-24DEC26-B32.5",
            "count": 200,
            "created_time": "2024-12-26T16:55:37.116298Z",
            "yes_price": 1,
            "no_price": 99,
            "taker_side": "yes"
        },
        {
            "trade_id": "60e64c33-b2c7-429a-94c9-a7ae763e2743",
            "ticker": "KXHIGHNY-24DEC26-B32.5",
            "count": 876,
            "created_time": "2024-12-26T16:54:42.307386Z",
            "yes_price": 1,
            "no_price": 99,
            "taker_side": "no"
        },
        {
            "trade_id": "3f5fcded-4342-4469-9698-3e2e9202377e",
            "ticker": "KXHIGHNY-24DEC26-B32.5",
            "count": 62,
            "created_time": "2024-12-26T16:54:28.566751Z",
            "yes_price": 3,
            "no_price": 97,
            "taker_side": "yes"
        },
        {
            "trade_id": "cbb5a42a-5644-41fb-9a2a-c71e3c067cb8",
            "ticker": "KXHIGHNY-24DEC26-B32.5",
            "count": 5,
            "created_time": "2024-12-26T16:51:42.471239Z",
            "yes_price": 1,
            "no_price": 99,
            "taker_side": "no"
        },
        {
            "trade_id": "4d10c440-3bbc-4f5b-8fb1-efe6233bdd2d",
            "ticker": "KXHIGHNY-24DEC26-B32.5",
            "count": 5,
            "created_time": "2024-12-26T16:41:38.923863Z",
            "yes_price": 3,
            "no_price": 97,
            "taker_side": "yes"
        },
        {
            "trade_id": "2a464810-b7ce-4c29-adb1-53829bc3f1ad",
            "ticker": "KXHIGHNY-24DEC26-B32.5",
            "count": 104,
            "created_time": "2024-12-26T16:40:48.653046Z",
            "yes_price": 2,
            "no_price": 98,
            "taker_side": "no"
        },
        {
            "trade_id": "2e2aef98-1089-4bcc-8e63-4847fb1beb42",
            "ticker": "KXHIGHNY-24DEC26-B32.5",
            "count": 1,
            "created_time": "2024-12-26T16:38:03.671851Z",
            "yes_price": 2,
            "no_price": 98,
            "taker_side": "yes"
        },
        {
            "trade_id": "d05283bb-ee88-4aea-a80a-c031eb5631bf",
            "ticker": "KXHIGHNY-24DEC26-B32.5",
            "count": 15,
            "created_time": "2024-12-26T16:31:17.70462Z",
            "yes_price": 2,
            "no_price": 98,
            "taker_side": "no"
        },
        {
            "trade_id": "cbdb2e6b-8de7-4e9b-a4e7-b3957a250b56",
            "ticker": "KXHIGHNY-24DEC26-B32.5",
            "count": 162,
            "created_time": "2024-12-26T16:13:06.41715Z",
            "yes_price": 3,
            "no_price": 97,
            "taker_side": "yes"
        },
        {
            "trade_id": "5b25acc3-a455-49eb-be7d-268c27b502c3",
            "ticker": "KXHIGHNY-24DEC26-B32.5",
            "count": 1000,
            "created_time": "2024-12-26T16:13:06.41715Z",
            "yes_price": 3,
            "no_price": 97,
            "taker_side": "yes"
        },
        {
            "trade_id": "aa68a4c7-5fe0-4a5e-8996-4fc6b0f32599",
            "ticker": "KXHIGHNY-24DEC26-B32.5",
            "count": 2759,
            "created_time": "2024-12-26T16:10:10.506923Z",
            "yes_price": 2,
            "no_price": 98,
            "taker_side": "yes"
        },
        {
            "trade_id": "a9b45c0a-94bf-4ec3-8818-7fbd2d600623",
            "ticker": "KXHIGHNY-24DEC26-B32.5",
            "count": 400,
            "created_time": "2024-12-26T16:10:10.506923Z",
            "yes_price": 2,
            "no_price": 98,
            "taker_side": "yes"
        },
        {
            "trade_id": "a32cbb61-f110-4910-844f-9c2a6f3463b0",
            "ticker": "KXHIGHNY-24DEC26-B32.5",
            "count": 117,
            "created_time": "2024-12-26T16:06:11.598749Z",
            "yes_price": 1,
            "no_price": 99,
            "taker_side": "no"
        },
        {
            "trade_id": "dad3d4f6-54f2-4f47-bf19-9485d256d158",
            "ticker": "KXHIGHNY-24DEC26-B32.5",
            "count": 1,
            "created_time": "2024-12-26T16:05:46.960055Z",
            "yes_price": 1,
            "no_price": 99,
            "taker_side": "no"
        },
        {
            "trade_id": "23acec14-0f28-4ef7-8965-c21c8b67c380",
            "ticker": "KXHIGHNY-24DEC26-B32.5",
            "count": 1,
            "created_time": "2024-12-26T16:02:58.807691Z",
            "yes_price": 1,
            "no_price": 99,
            "taker_side": "no"
        },
        {
            "trade_id": "e42bb830-18da-4e5c-b023-609581b8b3fe",
            "ticker": "KXHIGHNY-24DEC26-B32.5",
            "count": 250,
            "created_time": "2024-12-26T15:37:02.779817Z",
            "yes_price": 5,
            "no_price": 95,
            "taker_side": "yes"
        },
        {
            "trade_id": "9cbbd015-9ff5-414b-91a0-ac3b99d57ac8",
            "ticker": "KXHIGHNY-24DEC26-B32.5",
            "count": 100,
            "created_time": "2024-12-26T15:33:43.791013Z",
            "yes_price": 5,
            "no_price": 95,
            "taker_side": "yes"
        },
        {
            "trade_id": "2dddcfc9-89a2-4234-9721-ca08ecc5ccc6",
            "ticker": "KXHIGHNY-24DEC26-B32.5",
            "count": 1,
            "created_time": "2024-12-26T15:33:30.914819Z",
            "yes_price": 1,
            "no_price": 99,
            "taker_side": "yes"
        },
        {
            "trade_id": "9fdce9cc-5547-44f9-80cd-f89ee4bd8372",
            "ticker": "KXHIGHNY-24DEC26-B32.5",
            "count": 34,
            "created_time": "2024-12-26T15:01:29.714791Z",
            "yes_price": 1,
            "no_price": 99,
            "taker_side": "no"
        },
        {
            "trade_id": "82acabd8-2862-4db7-aff4-4fbf0f5a0ea2",
            "ticker": "KXHIGHNY-24DEC26-B32.5",
            "count": 67,
            "created_time": "2024-12-26T15:01:29.714791Z",
            "yes_price": 2,
            "no_price": 98,
            "taker_side": "no"
        },
        {
            "trade_id": "e2b6e6b2-37a6-4f63-82b7-28ad27db39d3",
            "ticker": "KXHIGHNY-24DEC26-B32.5",
            "count": 49,
            "created_time": "2024-12-26T13:56:42.295064Z",
            "yes_price": 5,
            "no_price": 95,
            "taker_side": "yes"
        },
        {
            "trade_id": "bf9474f9-0a85-415a-8ce6-31d3e86eca28",
            "ticker": "KXHIGHNY-24DEC26-B32.5",
            "count": 138,
            "created_time": "2024-12-26T13:56:42.295064Z",
            "yes_price": 5,
            "no_price": 95,
            "taker_side": "yes"
        },
        {
            "trade_id": "85d3253e-04c9-4484-bb6e-8aa7ba202ef6",
            "ticker": "KXHIGHNY-24DEC26-B32.5",
            "count": 22,
            "created_time": "2024-12-26T13:30:06.520376Z",
            "yes_price": 3,
            "no_price": 97,
            "taker_side": "no"
        },
        {
            "trade_id": "53b07347-ab9a-401b-b1fb-26ab77bb336a",
            "ticker": "KXHIGHNY-24DEC26-B32.5",
            "count": 559,
            "created_time": "2024-12-26T13:30:06.520376Z",
            "yes_price": 3,
            "no_price": 97,
            "taker_side": "no"
        },
        {
            "trade_id": "68bbe1be-87a7-47f6-bf5f-26ba96d5e906",
            "ticker": "KXHIGHNY-24DEC26-B32.5",
            "count": 9,
            "created_time": "2024-12-26T13:20:36.186272Z",
            "yes_price": 5,
            "no_price": 95,
            "taker_side": "yes"
        },
        {
            "trade_id": "bc8b8c90-9b56-40e4-afc5-8810dd0cda5a",
            "ticker": "KXHIGHNY-24DEC26-B32.5",
            "count": 93,
            "created_time": "2024-12-26T13:18:09.948396Z",
            "yes_price": 5,
            "no_price": 95,
            "taker_side": "yes"
        },
        {
            "trade_id": "e7cb68aa-6364-4754-81d1-48084c3b3317",
            "ticker": "KXHIGHNY-24DEC26-B32.5",
            "count": 200,
            "created_time": "2024-12-26T13:18:08.642084Z",
            "yes_price": 4,
            "no_price": 96,
            "taker_side": "no"
        },
        {
            "trade_id": "4f06760a-2b77-4ab8-91ac-27bde15029e7",
            "ticker": "KXHIGHNY-24DEC26-B32.5",
            "count": 10,
            "created_time": "2024-12-26T13:06:26.938974Z",
            "yes_price": 3,
            "no_price": 97,
            "taker_side": "no"
        },
        {
            "trade_id": "9a7b0a63-9040-4867-9f19-70f34a2d5de6",
            "ticker": "KXHIGHNY-24DEC26-B32.5",
            "count": 18,
            "created_time": "2024-12-26T13:06:00.200203Z",
            "yes_price": 3,
            "no_price": 97,
            "taker_side": "no"
        },
        {
            "trade_id": "7ff95f32-704f-4059-8db1-06e5e856c3c5",
            "ticker": "KXHIGHNY-24DEC26-B32.5",
            "count": 149,
            "created_time": "2024-12-26T13:02:57.917653Z",
            "yes_price": 3,
            "no_price": 97,
            "taker_side": "no"
        },
        {
            "trade_id": "81ca6595-b263-4e52-be55-5a70ddbae07f",
            "ticker": "KXHIGHNY-24DEC26-B32.5",
            "count": 151,
            "created_time": "2024-12-26T13:02:26.851973Z",
            "yes_price": 3,
            "no_price": 97,
            "taker_side": "no"
        },
        {
            "trade_id": "59bc7aa4-5735-4ccb-93a8-fad908db189a",
            "ticker": "KXHIGHNY-24DEC26-B32.5",
            "count": 50,
            "created_time": "2024-12-26T13:01:42.969881Z",
            "yes_price": 3,
            "no_price": 97,
            "taker_side": "no"
        },
        {
            "trade_id": "2f9e756c-dd85-4584-a823-ca8b085cd21d",
            "ticker": "KXHIGHNY-24DEC26-B32.5",
            "count": 100,
            "created_time": "2024-12-26T13:01:42.888672Z",
            "yes_price": 3,
            "no_price": 97,
            "taker_side": "no"
        },
        {
            "trade_id": "a91d148d-5d64-49fd-8d64-db9d6ec7e59c",
            "ticker": "KXHIGHNY-24DEC26-B32.5",
            "count": 91,
            "created_time": "2024-12-26T13:00:45.394588Z",
            "yes_price": 3,
            "no_price": 97,
            "taker_side": "no"
        },
        {
            "trade_id": "4eef9682-502b-4476-8f5b-0dd8941bcfc0",
            "ticker": "KXHIGHNY-24DEC26-B32.5",
            "count": 35,
            "created_time": "2024-12-26T13:00:45.107547Z",
            "yes_price": 3,
            "no_price": 97,
            "taker_side": "no"
        },
        {
            "trade_id": "140859be-fcb0-4867-8737-3fd930c493c2",
            "ticker": "KXHIGHNY-24DEC26-B32.5",
            "count": 143,
            "created_time": "2024-12-26T13:00:36.773369Z",
            "yes_price": 3,
            "no_price": 97,
            "taker_side": "no"
        },
        {
            "trade_id": "38f240e0-baf7-41e9-8746-10a69a73f066",
            "ticker": "KXHIGHNY-24DEC26-B32.5",
            "count": 157,
            "created_time": "2024-12-26T13:00:36.593585Z",
            "yes_price": 3,
            "no_price": 97,
            "taker_side": "no"
        },
        {
            "trade_id": "ad305070-392b-422a-af45-3e4010bb89aa",
            "ticker": "KXHIGHNY-24DEC26-B32.5",
            "count": 74,
            "created_time": "2024-12-26T13:00:36.564229Z",
            "yes_price": 3,
            "no_price": 97,
            "taker_side": "no"
        },
        {
            "trade_id": "57aa0aef-6302-4cb9-aceb-8b0e597bf393",
            "ticker": "KXHIGHNY-24DEC26-B32.5",
            "count": 200,
            "created_time": "2024-12-26T13:00:36.173411Z",
            "yes_price": 4,
            "no_price": 96,
            "taker_side": "no"
        },
        {
            "trade_id": "8542882e-15d3-4d55-a7b0-2df24e155c72",
            "ticker": "KXHIGHNY-24DEC26-B32.5",
            "count": 25,
            "created_time": "2024-12-26T13:00:24.034062Z",
            "yes_price": 2,
            "no_price": 98,
            "taker_side": "no"
        },
        {
            "trade_id": "0923452a-3076-4b67-857c-2ed3d18eb7b4",
            "ticker": "KXHIGHNY-24DEC26-B32.5",
            "count": 190,
            "created_time": "2024-12-26T06:00:35.890361Z",
            "yes_price": 2,
            "no_price": 98,
            "taker_side": "no"
        },
        {
            "trade_id": "2ad1b33a-c4d6-4fdd-8e02-5c4f56ef35a8",
            "ticker": "KXHIGHNY-24DEC26-B32.5",
            "count": 10,
            "created_time": "2024-12-26T05:57:44.921301Z",
            "yes_price": 2,
            "no_price": 98,
            "taker_side": "no"
        },
        {
            "trade_id": "b056ae97-a9ff-467d-90c3-96593e8c5b6c",
            "ticker": "KXHIGHNY-24DEC26-B32.5",
            "count": 49,
            "created_time": "2024-12-26T05:27:29.827524Z",
            "yes_price": 4,
            "no_price": 96,
            "taker_side": "yes"
        },
        {
            "trade_id": "25f94ec4-ebd7-4a73-8ead-51ed95ebaf44",
            "ticker": "KXHIGHNY-24DEC26-B32.5",
            "count": 1,
            "created_time": "2024-12-26T05:27:29.827524Z",
            "yes_price": 4,
            "no_price": 96,
            "taker_side": "yes"
        },
        {
            "trade_id": "a58fb213-c400-4f0d-94dd-de752320788f",
            "ticker": "KXHIGHNY-24DEC26-B32.5",
            "count": 1,
            "created_time": "2024-12-26T05:18:09.773165Z",
            "yes_price": 4,
            "no_price": 96,
            "taker_side": "yes"
        },
        {
            "trade_id": "85aa861f-5c55-4bcc-a84e-c17768f5d3ff",
            "ticker": "KXHIGHNY-24DEC26-B32.5",
            "count": 99,
            "created_time": "2024-12-26T05:18:09.773165Z",
            "yes_price": 4,
            "no_price": 96,
            "taker_side": "yes"
        },
        {
            "trade_id": "aae13b0c-a094-44e7-86f2-df333e147af3",
            "ticker": "KXHIGHNY-24DEC26-B32.5",
            "count": 59,
            "created_time": "2024-12-25T23:22:08.160487Z",
            "yes_price": 4,
            "no_price": 96,
            "taker_side": "yes"
        },
        {
            "trade_id": "f8a13ced-9b06-493b-995b-586fc21bb121",
            "ticker": "KXHIGHNY-24DEC26-B32.5",
            "count": 23,
            "created_time": "2024-12-25T22:23:52.062046Z",
            "yes_price": 4,
            "no_price": 96,
            "taker_side": "yes"
        },
        {
            "trade_id": "b4489c00-925c-4b80-9aaf-1039967147bb",
            "ticker": "KXHIGHNY-24DEC26-B32.5",
            "count": 36,
            "created_time": "2024-12-25T21:32:00.486799Z",
            "yes_price": 5,
            "no_price": 95,
            "taker_side": "no"
        },
        {
            "trade_id": "d42ddbf1-1eea-4548-b607-321f4d26e1df",
            "ticker": "KXHIGHNY-24DEC26-B32.5",
            "count": 142,
            "created_time": "2024-12-25T21:18:32.013149Z",
            "yes_price": 10,
            "no_price": 90,
            "taker_side": "no"
        },
        {
            "trade_id": "ea4580a8-7d03-423d-8a3c-801d43f6e131",
            "ticker": "KXHIGHNY-24DEC26-B32.5",
            "count": 119,
            "created_time": "2024-12-25T19:40:54.179154Z",
            "yes_price": 9,
            "no_price": 91,
            "taker_side": "no"
        },
        {
            "trade_id": "e72b03a8-0fff-4f62-9d0a-56c314675a67",
            "ticker": "KXHIGHNY-24DEC26-B32.5",
            "count": 87,
            "created_time": "2024-12-25T19:40:54.179154Z",
            "yes_price": 10,
            "no_price": 90,
            "taker_side": "no"
        },
        {
            "trade_id": "216e9b5c-0420-4d02-b728-acf841df75cb",
            "ticker": "KXHIGHNY-24DEC26-B32.5",
            "count": 13,
            "created_time": "2024-12-25T19:40:54.179154Z",
            "yes_price": 10,
            "no_price": 90,
            "taker_side": "no"
        },
        {
            "trade_id": "9803b21c-6f18-4fec-b77b-0f953698e961",
            "ticker": "KXHIGHNY-24DEC26-B32.5",
            "count": 13,
            "created_time": "2024-12-25T17:42:32.480336Z",
            "yes_price": 10,
            "no_price": 90,
            "taker_side": "yes"
        },
        {
            "trade_id": "fd961c27-46ef-4b0d-bcc4-606ac28aa19a",
            "ticker": "KXHIGHNY-24DEC26-B32.5",
            "count": 39,
            "created_time": "2024-12-25T15:56:35.572939Z",
            "yes_price": 6,
            "no_price": 94,
            "taker_side": "yes"
        },
        {
            "trade_id": "3bf53193-eeee-4aa7-87ae-729fb40671cf",
            "ticker": "KXHIGHNY-24DEC26-B32.5",
            "count": 46,
            "created_time": "2024-12-25T15:12:26.548605Z",
            "yes_price": 12,
            "no_price": 88,
            "taker_side": "no"
        }
    ],
    "KXHIGHNY-24DEC26-B34.5": [
        {
            "trade_id": "6e0f3649-db09-4692-a422-929b558f41e5",
            "ticker": "KXHIGHNY-24DEC26-B34.5",
            "count": 467,
            "created_time": "2024-12-27T02:59:56.07405Z",
            "yes_price": 1,
            "no_price": 99,
            "taker_side": "yes"
        },
        {
            "trade_id": "cf24a8d3-cdca-42c1-8164-0ca7d20bd1bb",
            "ticker": "KXHIGHNY-24DEC26-B34.5",
            "count": 3,
            "created_time": "2024-12-26T21:25:37.112692Z",
            "yes_price": 1,
            "no_price": 99,
            "taker_side": "yes"
        },
        {
            "trade_id": "e8922828-00d9-45e5-a818-73b4ffc6ffe4",
            "ticker": "KXHIGHNY-24DEC26-B34.5",
            "count": 38,
            "created_time": "2024-12-26T21:24:17.678919Z",
            "yes_price": 1,
            "no_price": 99,
            "taker_side": "yes"
        },
        {
            "trade_id": "a985296d-d80c-4210-a6dc-0c33ca698b48",
            "ticker": "KXHIGHNY-24DEC26-B34.5",
            "count": 935,
            "created_time": "2024-12-26T21:18:39.159179Z",
            "yes_price": 1,
            "no_price": 99,
            "taker_side": "yes"
        },
        {
            "trade_id": "973bd9dc-eae7-47a3-8a93-e176817859b0",
            "ticker": "KXHIGHNY-24DEC26-B34.5",
            "count": 1000,
            "created_time": "2024-12-26T21:18:35.2594Z",
            "yes_price": 1,
            "no_price": 99,
            "taker_side": "yes"
        },
        {
            "trade_id": "40ae9835-baa5-4160-8a39-39ba80fef7f3",
            "ticker": "KXHIGHNY-24DEC26-B34.5",
            "count": 200,
            "created_time": "2024-12-26T21:16:20.902141Z",
            "yes_price": 1,
            "no_price": 99,
            "taker_side": "yes"
        },
        {
            "trade_id": "c905ee92-2e29-4578-a3eb-e4bb54ed016c",
            "ticker": "KXHIGHNY-24DEC26-B34.5",
            "count": 2000,
            "created_time": "2024-12-26T21:14:46.961807Z",
            "yes_price": 1,
            "no_price": 99,
            "taker_side": "yes"
        },
        {
            "trade_id": "693571d4-0629-4016-90a0-af976d6fa790",
            "ticker": "KXHIGHNY-24DEC26-B34.5",
            "count": 200,
            "created_time": "2024-12-26T21:07:35.99965Z",
            "yes_price": 1,
            "no_price": 99,
            "taker_side": "yes"
        },
        {
            "trade_id": "ffce3642-d15a-4a1e-aa20-39326b670aa4",
            "ticker": "KXHIGHNY-24DEC26-B34.5",
            "count": 20,
            "created_time": "2024-12-26T20:51:45.336875Z",
            "yes_price": 1,
            "no_price": 99,
            "taker_side": "yes"
        },
        {
            "trade_id": "513e777f-4d56-488a-8b8e-2a9906b21923",
            "ticker": "KXHIGHNY-24DEC26-B34.5",
            "count": 50,
            "created_time": "2024-12-26T20:30:33.280119Z",
            "yes_price": 1,
            "no_price": 99,
            "taker_side": "yes"
        },
        {
            "trade_id": "a0ce1dce-fe3d-4a71-b225-852419062907",
            "ticker": "KXHIGHNY-24DEC26-B34.5",
            "count": 9351,
            "created_time": "2024-12-26T20:28:37.966301Z",
            "yes_price": 1,
            "no_price": 99,
            "taker_side": "yes"
        },
        {
            "trade_id": "291d5523-80bf-46d2-a97f-db4be63100a0",
            "ticker": "KXHIGHNY-24DEC26-B34.5",
            "count": 50,
            "created_time": "2024-12-26T20:25:59.478493Z",
            "yes_price": 1,
            "no_price": 99,
            "taker_side": "yes"
        },
        {
            "trade_id": "7d7d9add-dc1c-434f-971a-fecb4f0f3b04",
            "ticker": "KXHIGHNY-24DEC26-B34.5",
            "count": 1045,
            "created_time": "2024-12-26T20:24:47.018199Z",
            "yes_price": 1,
            "no_price": 99,
            "taker_side": "yes"
        },
        {
            "trade_id": "b483bd9d-b360-4e43-9a87-3edac216b81c",
            "ticker": "KXHIGHNY-24DEC26-B34.5",
            "count": 2,
            "created_time": "2024-12-26T20:23:03.324069Z",
            "yes_price": 1,
            "no_price": 99,
            "taker_side": "yes"
        },
        {
            "trade_id": "cd06bde5-ed03-44f0-beb1-9b416c0c0427",
            "ticker": "KXHIGHNY-24DEC26-B34.5",
            "count": 152,
            "created_time": "2024-12-26T20:21:50.954439Z",
            "yes_price": 1,
            "no_price": 99,
            "taker_side": "yes"
        },
        {
            "trade_id": "14dbb1aa-7381-4dd5-81e8-350881990d99",
            "ticker": "KXHIGHNY-24DEC26-B34.5",
            "count": 354,
            "created_time": "2024-12-26T20:21:07.430833Z",
            "yes_price": 1,
            "no_price": 99,
            "taker_side": "yes"
        },
        {
            "trade_id": "fa9661f0-8cb6-4db9-b05c-5ef2b7924f36",
            "ticker": "KXHIGHNY-24DEC26-B34.5",
            "count": 48,
            "created_time": "2024-12-26T20:21:06.937645Z",
            "yes_price": 2,
            "no_price": 98,
            "taker_side": "no"
        },
        {
            "trade_id": "f9ced61c-d462-4921-b154-fad9c044e94f",
            "ticker": "KXHIGHNY-24DEC26-B34.5",
            "count": 2115,
            "created_time": "2024-12-26T20:21:06.937645Z",
            "yes_price": 1,
            "no_price": 99,
            "taker_side": "no"
        },
        {
            "trade_id": "6eab4918-8c11-4ceb-a07e-53ce1c328afb",
            "ticker": "KXHIGHNY-24DEC26-B34.5",
            "count": 50,
            "created_time": "2024-12-26T20:21:06.937645Z",
            "yes_price": 3,
            "no_price": 97,
            "taker_side": "no"
        },
        {
            "trade_id": "631b6d4b-9bf8-4d28-9090-68ccf5f67b53",
            "ticker": "KXHIGHNY-24DEC26-B34.5",
            "count": 50,
            "created_time": "2024-12-26T20:21:06.937645Z",
            "yes_price": 2,
            "no_price": 98,
            "taker_side": "no"
        },
        {
            "trade_id": "36309e08-e0fb-4b58-9b8a-1744cf935a6c",
            "ticker": "KXHIGHNY-24DEC26-B34.5",
            "count": 150,
            "created_time": "2024-12-26T20:21:06.937645Z",
            "yes_price": 1,
            "no_price": 99,
            "taker_side": "no"
        },
        {
            "trade_id": "313b0655-10ff-4cdb-8919-4f93d0e019e0",
            "ticker": "KXHIGHNY-24DEC26-B34.5",
            "count": 1700,
            "created_time": "2024-12-26T20:21:06.937645Z",
            "yes_price": 1,
            "no_price": 99,
            "taker_side": "no"
        },
        {
            "trade_id": "03972075-1947-4fb8-b637-429b34e423af",
            "ticker": "KXHIGHNY-24DEC26-B34.5",
            "count": 29,
            "created_time": "2024-12-26T20:21:06.937645Z",
            "yes_price": 1,
            "no_price": 99,
            "taker_side": "no"
        },
        {
            "trade_id": "a8bb4b35-14a2-44c0-9955-7c7c10fcc2bb",
            "ticker": "KXHIGHNY-24DEC26-B34.5",
            "count": 2572,
            "created_time": "2024-12-26T20:20:55.4838Z",
            "yes_price": 4,
            "no_price": 96,
            "taker_side": "no"
        },
        {
            "trade_id": "3ea520c8-5d07-426c-ab71-c5340a6f2e4f",
            "ticker": "KXHIGHNY-24DEC26-B34.5",
            "count": 559,
            "created_time": "2024-12-26T20:20:55.4838Z",
            "yes_price": 7,
            "no_price": 93,
            "taker_side": "no"
        },
        {
            "trade_id": "0a5e6d64-4881-4df2-88bc-18ac33d4c284",
            "ticker": "KXHIGHNY-24DEC26-B34.5",
            "count": 1000,
            "created_time": "2024-12-26T20:20:55.4838Z",
            "yes_price": 6,
            "no_price": 94,
            "taker_side": "no"
        },
        {
            "trade_id": "f49f89d0-72d1-45ce-ae38-403302f027d8",
            "ticker": "KXHIGHNY-24DEC26-B34.5",
            "count": 1,
            "created_time": "2024-12-26T20:20:50.395111Z",
            "yes_price": 11,
            "no_price": 89,
            "taker_side": "no"
        },
        {
            "trade_id": "b28992d1-777c-4e2c-b1eb-7f0c1ff6d53c",
            "ticker": "KXHIGHNY-24DEC26-B34.5",
            "count": 97,
            "created_time": "2024-12-26T20:20:50.395111Z",
            "yes_price": 11,
            "no_price": 89,
            "taker_side": "no"
        },
        {
            "trade_id": "736cc32e-ea58-4a05-a751-423247ff20a1",
            "ticker": "KXHIGHNY-24DEC26-B34.5",
            "count": 2000,
            "created_time": "2024-12-26T20:20:50.395111Z",
            "yes_price": 8,
            "no_price": 92,
            "taker_side": "no"
        },
        {
            "trade_id": "5024ec16-a787-4c2d-8aab-8567c42e94f2",
            "ticker": "KXHIGHNY-24DEC26-B34.5",
            "count": 164,
            "created_time": "2024-12-26T20:20:50.395111Z",
            "yes_price": 11,
            "no_price": 89,
            "taker_side": "no"
        },
        {
            "trade_id": "4912c1ab-7e78-46a6-820e-3e4286d69119",
            "ticker": "KXHIGHNY-24DEC26-B34.5",
            "count": 90,
            "created_time": "2024-12-26T20:20:50.395111Z",
            "yes_price": 9,
            "no_price": 91,
            "taker_side": "no"
        },
        {
            "trade_id": "df82a149-4e52-42f9-97d1-bc09b03574f8",
            "ticker": "KXHIGHNY-24DEC26-B34.5",
            "count": 2,
            "created_time": "2024-12-26T20:19:09.063358Z",
            "yes_price": 11,
            "no_price": 89,
            "taker_side": "no"
        },
        {
            "trade_id": "0c5c1525-4c8a-46a0-af73-e955ec189a4d",
            "ticker": "KXHIGHNY-24DEC26-B34.5",
            "count": 3,
            "created_time": "2024-12-26T20:18:31.58526Z",
            "yes_price": 40,
            "no_price": 60,
            "taker_side": "yes"
        },
        {
            "trade_id": "ae72e2bb-5fb5-4354-9c2f-960338524193",
            "ticker": "KXHIGHNY-24DEC26-B34.5",
            "count": 1,
            "created_time": "2024-12-26T20:18:20.92794Z",
            "yes_price": 11,
            "no_price": 89,
            "taker_side": "no"
        },
        {
            "trade_id": "c7567b40-ae0f-4ee0-8761-e0f7da48041e",
            "ticker": "KXHIGHNY-24DEC26-B34.5",
            "count": 1,
            "created_time": "2024-12-26T20:18:19.821104Z",
            "yes_price": 10,
            "no_price": 90,
            "taker_side": "no"
        },
        {
            "trade_id": "0637227c-05c0-481b-aef4-d0c33d03d9f5",
            "ticker": "KXHIGHNY-24DEC26-B34.5",
            "count": 45,
            "created_time": "2024-12-26T20:15:26.094934Z",
            "yes_price": 29,
            "no_price": 71,
            "taker_side": "no"
        },
        {
            "trade_id": "3a73553f-4bd7-4ca7-b171-d1d07cac9691",
            "ticker": "KXHIGHNY-24DEC26-B34.5",
            "count": 334,
            "created_time": "2024-12-26T20:15:18.122662Z",
            "yes_price": 29,
            "no_price": 71,
            "taker_side": "yes"
        },
        {
            "trade_id": "19076195-852c-4b14-847f-c23cb86d60df",
            "ticker": "KXHIGHNY-24DEC26-B34.5",
            "count": 80,
            "created_time": "2024-12-26T20:15:18.122662Z",
            "yes_price": 29,
            "no_price": 71,
            "taker_side": "yes"
        },
        {
            "trade_id": "943665d0-3b96-4b6b-802e-4a123af858f0",
            "ticker": "KXHIGHNY-24DEC26-B34.5",
            "count": 200,
            "created_time": "2024-12-26T20:15:09.756349Z",
            "yes_price": 29,
            "no_price": 71,
            "taker_side": "yes"
        },
        {
            "trade_id": "99f43f55-6c96-47f0-bd96-1b9655141e16",
            "ticker": "KXHIGHNY-24DEC26-B34.5",
            "count": 15,
            "created_time": "2024-12-26T20:14:55.398967Z",
            "yes_price": 33,
            "no_price": 67,
            "taker_side": "no"
        },
        {
            "trade_id": "8904da2d-2201-4ce3-ae09-b5c7fbf0146a",
            "ticker": "KXHIGHNY-24DEC26-B34.5",
            "count": 10,
            "created_time": "2024-12-26T20:14:55.398967Z",
            "yes_price": 32,
            "no_price": 68,
            "taker_side": "no"
        },
        {
            "trade_id": "1541d676-ece3-430f-a1ae-214aeb34c880",
            "ticker": "KXHIGHNY-24DEC26-B34.5",
            "count": 50,
            "created_time": "2024-12-26T20:14:55.398967Z",
            "yes_price": 33,
            "no_price": 67,
            "taker_side": "no"
        },
        {
            "trade_id": "77caf158-2cd7-4f8f-abeb-dcd9e16c5b90",
            "ticker": "KXHIGHNY-24DEC26-B34.5",
            "count": 44,
            "created_time": "2024-12-26T20:14:04.298861Z",
            "yes_price": 48,
            "no_price": 52,
            "taker_side": "yes"
        },
        {
            "trade_id": "a6ec6fd6-fdf0-41ce-8607-6e1fb089419f",
            "ticker": "KXHIGHNY-24DEC26-B34.5",
            "count": 50,
            "created_time": "2024-12-26T20:13:49.424471Z",
            "yes_price": 47,
            "no_price": 53,
            "taker_side": "yes"
        },
        {
            "trade_id": "b0a674bc-74b8-46d6-97fb-4a1d12e3c025",
            "ticker": "KXHIGHNY-24DEC26-B34.5",
            "count": 80,
            "created_time": "2024-12-26T20:13:39.788955Z",
            "yes_price": 45,
            "no_price": 55,
            "taker_side": "yes"
        },
        {
            "trade_id": "0f347643-2daf-45e4-8262-c0bae387ccfb",
            "ticker": "KXHIGHNY-24DEC26-B34.5",
            "count": 50,
            "created_time": "2024-12-26T20:13:39.788955Z",
            "yes_price": 45,
            "no_price": 55,
            "taker_side": "yes"
        },
        {
            "trade_id": "1bdbe08f-fbc5-4fc1-a194-04435ea199b6",
            "ticker": "KXHIGHNY-24DEC26-B34.5",
            "count": 4,
            "created_time": "2024-12-26T20:13:38.902609Z",
            "yes_price": 40,
            "no_price": 60,
            "taker_side": "yes"
        },
        {
            "trade_id": "006bf167-027a-4e71-a174-236f0001c673",
            "ticker": "KXHIGHNY-24DEC26-B34.5",
            "count": 500,
            "created_time": "2024-12-26T20:13:38.316819Z",
            "yes_price": 40,
            "no_price": 60,
            "taker_side": "yes"
        },
        {
            "trade_id": "6eca551e-c606-4aab-a619-72890c306494",
            "ticker": "KXHIGHNY-24DEC26-B34.5",
            "count": 500,
            "created_time": "2024-12-26T20:13:37.461544Z",
            "yes_price": 40,
            "no_price": 60,
            "taker_side": "yes"
        },
        {
            "trade_id": "d39c369b-1666-4dd6-94ad-156bc240a152",
            "ticker": "KXHIGHNY-24DEC26-B34.5",
            "count": 44,
            "created_time": "2024-12-26T20:13:10.514202Z",
            "yes_price": 33,
            "no_price": 67,
            "taker_side": "no"
        },
        {
            "trade_id": "931ce8cc-8e1e-4781-9754-dfee8db38623",
            "ticker": "KXHIGHNY-24DEC26-B34.5",
            "count": 7,
            "created_time": "2024-12-26T20:13:10.514202Z",
            "yes_price": 33,
            "no_price": 67,
            "taker_side": "no"
        },
        {
            "trade_id": "a8b0fba6-ffed-4215-8184-420b0d91ab6c",
            "ticker": "KXHIGHNY-24DEC26-B34.5",
            "count": 100,
            "created_time": "2024-12-26T20:12:51.929153Z",
            "yes_price": 44,
            "no_price": 56,
            "taker_side": "yes"
        },
        {
            "trade_id": "20f83f06-c742-466f-b3dd-532fc02b98a9",
            "ticker": "KXHIGHNY-24DEC26-B34.5",
            "count": 1,
            "created_time": "2024-12-26T20:11:58.57621Z",
            "yes_price": 45,
            "no_price": 55,
            "taker_side": "yes"
        },
        {
            "trade_id": "f964b54f-2549-47cb-ac12-e020fb2bdfe4",
            "ticker": "KXHIGHNY-24DEC26-B34.5",
            "count": 28,
            "created_time": "2024-12-26T20:11:57.342382Z",
            "yes_price": 44,
            "no_price": 56,
            "taker_side": "yes"
        },
        {
            "trade_id": "9dc66a6c-ec8f-449d-aa76-19eb8a214a92",
            "ticker": "KXHIGHNY-24DEC26-B34.5",
            "count": 80,
            "created_time": "2024-12-26T20:11:57.342382Z",
            "yes_price": 42,
            "no_price": 58,
            "taker_side": "yes"
        },
        {
            "trade_id": "85b51a7e-4546-44c4-9e6a-e018cff5925f",
            "ticker": "KXHIGHNY-24DEC26-B34.5",
            "count": 640,
            "created_time": "2024-12-26T20:11:57.342382Z",
            "yes_price": 45,
            "no_price": 55,
            "taker_side": "yes"
        },
        {
            "trade_id": "5ee1f3dc-c0ac-4d0a-b12b-46ac33644b07",
            "ticker": "KXHIGHNY-24DEC26-B34.5",
            "count": 25,
            "created_time": "2024-12-26T20:11:57.342382Z",
            "yes_price": 44,
            "no_price": 56,
            "taker_side": "yes"
        },
        {
            "trade_id": "0fae71a2-41f1-48b6-ace0-ac3a26398304",
            "ticker": "KXHIGHNY-24DEC26-B34.5",
            "count": 25,
            "created_time": "2024-12-26T20:11:57.342382Z",
            "yes_price": 42,
            "no_price": 58,
            "taker_side": "yes"
        },
        {
            "trade_id": "ce46efb1-544d-4930-a9f2-e598a387fb4c",
            "ticker": "KXHIGHNY-24DEC26-B34.5",
            "count": 1,
            "created_time": "2024-12-26T20:11:14.624032Z",
            "yes_price": 48,
            "no_price": 52,
            "taker_side": "yes"
        },
        {
            "trade_id": "597166b0-8b97-4232-b617-77125ed74a67",
            "ticker": "KXHIGHNY-24DEC26-B34.5",
            "count": 55,
            "created_time": "2024-12-26T20:09:27.229941Z",
            "yes_price": 50,
            "no_price": 50,
            "taker_side": "yes"
        },
        {
            "trade_id": "3b6fa2e9-2cc1-4f89-b314-4d192589e11e",
            "ticker": "KXHIGHNY-24DEC26-B34.5",
            "count": 1,
            "created_time": "2024-12-26T20:09:27.229941Z",
            "yes_price": 50,
            "no_price": 50,
            "taker_side": "yes"
        },
        {
            "trade_id": "f4964603-7e1b-4d00-b69f-e303253696d6",
            "ticker": "KXHIGHNY-24DEC26-B34.5",
            "count": 656,
            "created_time": "2024-12-26T20:08:22.825359Z",
            "yes_price": 48,
            "no_price": 52,
            "taker_side": "yes"
        },
        {
            "trade_id": "e6d3404d-f5d6-42d0-853a-6160ae48f05e",
            "ticker": "KXHIGHNY-24DEC26-B34.5",
            "count": 90,
            "created_time": "2024-12-26T20:08:22.825359Z",
            "yes_price": 47,
            "no_price": 53,
            "taker_side": "yes"
        },
        {
            "trade_id": "c95d4aa9-6e66-477b-9e37-5aaa29ddb145",
            "ticker": "KXHIGHNY-24DEC26-B34.5",
            "count": 50,
            "created_time": "2024-12-26T20:08:22.825359Z",
            "yes_price": 48,
            "no_price": 52,
            "taker_side": "yes"
        },
        {
            "trade_id": "b78e179c-0d8e-49d1-ae3b-653690508bfd",
            "ticker": "KXHIGHNY-24DEC26-B34.5",
            "count": 50,
            "created_time": "2024-12-26T20:08:22.825359Z",
            "yes_price": 45,
            "no_price": 55,
            "taker_side": "yes"
        },
        {
            "trade_id": "b5f0f0e9-4959-475a-84e1-3d709a77f0b9",
            "ticker": "KXHIGHNY-24DEC26-B34.5",
            "count": 80,
            "created_time": "2024-12-26T20:08:22.825359Z",
            "yes_price": 41,
            "no_price": 59,
            "taker_side": "yes"
        },
        {
            "trade_id": "aafa59ba-5beb-4ce1-9cd1-9454f2882029",
            "ticker": "KXHIGHNY-24DEC26-B34.5",
            "count": 38,
            "created_time": "2024-12-26T20:08:22.825359Z",
            "yes_price": 41,
            "no_price": 59,
            "taker_side": "yes"
        },
        {
            "trade_id": "3ed2c0dd-9021-4f64-87b7-8822e0f4b3b1",
            "ticker": "KXHIGHNY-24DEC26-B34.5",
            "count": 25,
            "created_time": "2024-12-26T20:08:22.825359Z",
            "yes_price": 44,
            "no_price": 56,
            "taker_side": "yes"
        },
        {
            "trade_id": "3d88d75e-804d-4078-9b8f-3bb8e09703db",
            "ticker": "KXHIGHNY-24DEC26-B34.5",
            "count": 25,
            "created_time": "2024-12-26T20:08:22.825359Z",
            "yes_price": 42,
            "no_price": 58,
            "taker_side": "yes"
        },
        {
            "trade_id": "18801064-e040-446e-8368-99da8af5284f",
            "ticker": "KXHIGHNY-24DEC26-B34.5",
            "count": 1144,
            "created_time": "2024-12-26T20:08:22.825359Z",
            "yes_price": 46,
            "no_price": 54,
            "taker_side": "yes"
        },
        {
            "trade_id": "b3ebfff2-a0aa-4c98-83df-c1f642271f4b",
            "ticker": "KXHIGHNY-24DEC26-B34.5",
            "count": 2,
            "created_time": "2024-12-26T20:07:35.163567Z",
            "yes_price": 30,
            "no_price": 70,
            "taker_side": "no"
        },
        {
            "trade_id": "c2a69899-5f89-4e69-b4f6-f0a2289e0604",
            "ticker": "KXHIGHNY-24DEC26-B34.5",
            "count": 144,
            "created_time": "2024-12-26T20:07:32.3295Z",
            "yes_price": 45,
            "no_price": 55,
            "taker_side": "yes"
        },
        {
            "trade_id": "8d3ebcca-42e9-43b2-a8df-47175be61a6b",
            "ticker": "KXHIGHNY-24DEC26-B34.5",
            "count": 6,
            "created_time": "2024-12-26T20:07:21.4713Z",
            "yes_price": 43,
            "no_price": 57,
            "taker_side": "yes"
        },
        {
            "trade_id": "44acd740-4765-4b8c-ae65-95e615ebb3c9",
            "ticker": "KXHIGHNY-24DEC26-B34.5",
            "count": 9,
            "created_time": "2024-12-26T20:06:58.948658Z",
            "yes_price": 32,
            "no_price": 68,
            "taker_side": "no"
        },
        {
            "trade_id": "4478ae9a-c351-4cfe-9d1f-eca6ba0257d6",
            "ticker": "KXHIGHNY-24DEC26-B34.5",
            "count": 14,
            "created_time": "2024-12-26T20:06:58.948658Z",
            "yes_price": 30,
            "no_price": 70,
            "taker_side": "no"
        },
        {
            "trade_id": "9a70c387-860d-462f-9390-8074af7e0c65",
            "ticker": "KXHIGHNY-24DEC26-B34.5",
            "count": 44,
            "created_time": "2024-12-26T20:06:46.292353Z",
            "yes_price": 44,
            "no_price": 56,
            "taker_side": "yes"
        },
        {
            "trade_id": "76c981dc-e1e1-4002-b066-ab72407004d8",
            "ticker": "KXHIGHNY-24DEC26-B34.5",
            "count": 51,
            "created_time": "2024-12-26T20:06:45.460167Z",
            "yes_price": 45,
            "no_price": 55,
            "taker_side": "yes"
        },
        {
            "trade_id": "3d2766e6-4312-44de-8f63-ca7f1affa208",
            "ticker": "KXHIGHNY-24DEC26-B34.5",
            "count": 53,
            "created_time": "2024-12-26T20:06:20.537195Z",
            "yes_price": 44,
            "no_price": 56,
            "taker_side": "yes"
        },
        {
            "trade_id": "2175381f-d863-4f04-aeb0-9b0d3a0a87e4",
            "ticker": "KXHIGHNY-24DEC26-B34.5",
            "count": 33,
            "created_time": "2024-12-26T20:06:20.537195Z",
            "yes_price": 46,
            "no_price": 54,
            "taker_side": "yes"
        },
        {
            "trade_id": "02964b87-d720-4276-bfa1-348e5881b6af",
            "ticker": "KXHIGHNY-24DEC26-B34.5",
            "count": 41,
            "created_time": "2024-12-26T20:06:19.651378Z",
            "yes_price": 40,
            "no_price": 60,
            "taker_side": "yes"
        },
        {
            "trade_id": "d07514f4-c817-4248-869a-d8aba97b0763",
            "ticker": "KXHIGHNY-24DEC26-B34.5",
            "count": 65,
            "created_time": "2024-12-26T20:06:18.472141Z",
            "yes_price": 39,
            "no_price": 61,
            "taker_side": "yes"
        },
        {
            "trade_id": "2e942c7a-5da4-4a57-ba27-816cc15792d3",
            "ticker": "KXHIGHNY-24DEC26-B34.5",
            "count": 23,
            "created_time": "2024-12-26T20:06:17.175429Z",
            "yes_price": 33,
            "no_price": 67,
            "taker_side": "yes"
        },
        {
            "trade_id": "17d5005f-5d3a-4988-9a98-053b3c4e5b2a",
            "ticker": "KXHIGHNY-24DEC26-B34.5",
            "count": 80,
            "created_time": "2024-12-26T20:06:17.175429Z",
            "yes_price": 33,
            "no_price": 67,
            "taker_side": "yes"
        },
        {
            "trade_id": "cb38a705-f23e-425e-8faf-eb4efa1fd320",
            "ticker": "KXHIGHNY-24DEC26-B34.5",
            "count": 53,
            "created_time": "2024-12-26T20:05:45.472858Z",
            "yes_price": 43,
            "no_price": 57,
            "taker_side": "yes"
        },
        {
            "trade_id": "5082cd16-0645-41d4-94a1-2d7054e46492",
            "ticker": "KXHIGHNY-24DEC26-B34.5",
            "count": 52,
            "created_time": "2024-12-26T20:05:45.472858Z",
            "yes_price": 43,
            "no_price": 57,
            "taker_side": "yes"
        },
        {
            "trade_id": "06276439-908a-4cd4-972f-3da01a7ebd0c",
            "ticker": "KXHIGHNY-24DEC26-B34.5",
            "count": 6,
            "created_time": "2024-12-26T20:05:45.472858Z",
            "yes_price": 45,
            "no_price": 55,
            "taker_side": "yes"
        },
        {
            "trade_id": "d7ad80b4-8b06-4cb5-9ee9-50005feedf36",
            "ticker": "KXHIGHNY-24DEC26-B34.5",
            "count": 146,
            "created_time": "2024-12-26T20:05:29.243497Z",
            "yes_price": 44,
            "no_price": 56,
            "taker_side": "yes"
        },
        {
            "trade_id": "8872860b-ffb4-492d-a832-505d82e78d63",
            "ticker": "KXHIGHNY-24DEC26-B34.5",
            "count": 71,
            "created_time": "2024-12-26T20:05:29.243497Z",
            "yes_price": 44,
            "no_price": 56,
            "taker_side": "yes"
        },
        {
            "trade_id": "2e5833e4-c82c-41f0-91d6-140dc5a9c762",
            "ticker": "KXHIGHNY-24DEC26-B34.5",
            "count": 116,
            "created_time": "2024-12-26T20:05:29.243497Z",
            "yes_price": 45,
            "no_price": 55,
            "taker_side": "yes"
        },
        {
            "trade_id": "e33e496f-7169-494c-8716-e941acf2b14c",
            "ticker": "KXHIGHNY-24DEC26-B34.5",
            "count": 90,
            "created_time": "2024-12-26T20:05:18.505825Z",
            "yes_price": 36,
            "no_price": 64,
            "taker_side": "yes"
        },
        {
            "trade_id": "d8374fe3-74f1-4085-8055-c3e97935e77a",
            "ticker": "KXHIGHNY-24DEC26-B34.5",
            "count": 84,
            "created_time": "2024-12-26T20:05:18.505825Z",
            "yes_price": 35,
            "no_price": 65,
            "taker_side": "yes"
        },
        {
            "trade_id": "a20af6e3-6f6a-4006-adeb-3dafeaa97be8",
            "ticker": "KXHIGHNY-24DEC26-B34.5",
            "count": 80,
            "created_time": "2024-12-26T20:05:18.505825Z",
            "yes_price": 35,
            "no_price": 65,
            "taker_side": "yes"
        },
        {
            "trade_id": "8f170523-500f-4611-99e3-e80058b0ed05",
            "ticker": "KXHIGHNY-24DEC26-B34.5",
            "count": 50,
            "created_time": "2024-12-26T20:05:18.505825Z",
            "yes_price": 35,
            "no_price": 65,
            "taker_side": "yes"
        },
        {
            "trade_id": "89dd643c-2606-4f03-b79e-d1491816676a",
            "ticker": "KXHIGHNY-24DEC26-B34.5",
            "count": 1293,
            "created_time": "2024-12-26T20:05:18.505825Z",
            "yes_price": 44,
            "no_price": 56,
            "taker_side": "yes"
        },
        {
            "trade_id": "02d88696-fd88-4e7a-9184-166fe5668bf1",
            "ticker": "KXHIGHNY-24DEC26-B34.5",
            "count": 120,
            "created_time": "2024-12-26T20:05:18.505825Z",
            "yes_price": 38,
            "no_price": 62,
            "taker_side": "yes"
        },
        {
            "trade_id": "65cce8ef-8aa1-4439-8079-f06b5d75f344",
            "ticker": "KXHIGHNY-24DEC26-B34.5",
            "count": 16,
            "created_time": "2024-12-26T20:03:47.345774Z",
            "yes_price": 35,
            "no_price": 65,
            "taker_side": "yes"
        },
        {
            "trade_id": "33f7727a-fc7d-4a85-8af9-8ab22b7450fc",
            "ticker": "KXHIGHNY-24DEC26-B34.5",
            "count": 5,
            "created_time": "2024-12-26T20:03:22.672365Z",
            "yes_price": 35,
            "no_price": 65,
            "taker_side": "yes"
        },
        {
            "trade_id": "c8b4be15-cb94-4bb1-8e0b-844f26abc56c",
            "ticker": "KXHIGHNY-24DEC26-B34.5",
            "count": 59,
            "created_time": "2024-12-26T20:02:38.431931Z",
            "yes_price": 34,
            "no_price": 66,
            "taker_side": "yes"
        },
        {
            "trade_id": "c1009582-d372-4097-af9b-b35d6f54c64e",
            "ticker": "KXHIGHNY-24DEC26-B34.5",
            "count": 41,
            "created_time": "2024-12-26T20:02:38.431931Z",
            "yes_price": 34,
            "no_price": 66,
            "taker_side": "yes"
        },
        {
            "trade_id": "e5bb5a7a-b03e-41a7-99df-f03be33c7c48",
            "ticker": "KXHIGHNY-24DEC26-B34.5",
            "count": 30,
            "created_time": "2024-12-26T20:01:57.791452Z",
            "yes_price": 24,
            "no_price": 76,
            "taker_side": "no"
        },
        {
            "trade_id": "e7b8d5c1-72cd-4fc6-a1e2-43d8e4a8292d",
            "ticker": "KXHIGHNY-24DEC26-B34.5",
            "count": 59,
            "created_time": "2024-12-26T20:01:12.245058Z",
            "yes_price": 33,
            "no_price": 67,
            "taker_side": "yes"
        },
        {
            "trade_id": "07239df5-68b4-4fd0-940c-a0d07ec21464",
            "ticker": "KXHIGHNY-24DEC26-B34.5",
            "count": 11,
            "created_time": "2024-12-26T20:01:10.573777Z",
            "yes_price": 27,
            "no_price": 73,
            "taker_side": "yes"
        },
        {
            "trade_id": "44fbcb06-646c-4d2c-b292-b5fcb37469ac",
            "ticker": "KXHIGHNY-24DEC26-B34.5",
            "count": 10,
            "created_time": "2024-12-26T20:01:08.705543Z",
            "yes_price": 27,
            "no_price": 73,
            "taker_side": "no"
        },
        {
            "trade_id": "e8546b45-d279-4ca1-8af8-81c9d487edcf",
            "ticker": "KXHIGHNY-24DEC26-B34.5",
            "count": 394,
            "created_time": "2024-12-26T20:00:18.674136Z",
            "yes_price": 35,
            "no_price": 65,
            "taker_side": "yes"
        },
        {
            "trade_id": "ce041f9f-006a-495f-a3fd-91c8d187150d",
            "ticker": "KXHIGHNY-24DEC26-B34.5",
            "count": 80,
            "created_time": "2024-12-26T20:00:18.674136Z",
            "yes_price": 27,
            "no_price": 73,
            "taker_side": "yes"
        },
        {
            "trade_id": "a777d19d-3d4f-4498-a3f2-5828764cbfd6",
            "ticker": "KXHIGHNY-24DEC26-B34.5",
            "count": 120,
            "created_time": "2024-12-26T20:00:18.674136Z",
            "yes_price": 30,
            "no_price": 70,
            "taker_side": "yes"
        },
        {
            "trade_id": "921fa893-2822-4f47-9fb0-ddf4e08833ec",
            "ticker": "KXHIGHNY-24DEC26-B34.5",
            "count": 393,
            "created_time": "2024-12-26T20:00:18.674136Z",
            "yes_price": 39,
            "no_price": 61,
            "taker_side": "yes"
        },
        {
            "trade_id": "80497560-94be-4cd1-9212-ae4746b51a15",
            "ticker": "KXHIGHNY-24DEC26-B34.5",
            "count": 200,
            "created_time": "2024-12-26T20:00:18.674136Z",
            "yes_price": 36,
            "no_price": 64,
            "taker_side": "yes"
        },
        {
            "trade_id": "728c667f-6d83-419d-ae52-799b3bac45cd",
            "ticker": "KXHIGHNY-24DEC26-B34.5",
            "count": 41,
            "created_time": "2024-12-26T20:00:18.674136Z",
            "yes_price": 28,
            "no_price": 72,
            "taker_side": "yes"
        },
        {
            "trade_id": "6e9e7c5d-7307-4d32-a82e-bf38decd3f9e",
            "ticker": "KXHIGHNY-24DEC26-B34.5",
            "count": 200,
            "created_time": "2024-12-26T20:00:18.674136Z",
            "yes_price": 40,
            "no_price": 60,
            "taker_side": "yes"
        },
        {
            "trade_id": "4e794736-3f2f-446e-9ae6-cf55130eb857",
            "ticker": "KXHIGHNY-24DEC26-B34.5",
            "count": 90,
            "created_time": "2024-12-26T20:00:18.674136Z",
            "yes_price": 28,
            "no_price": 72,
            "taker_side": "yes"
        },
        {
            "trade_id": "46416371-25d3-4f9c-a15b-89b5c2279ede",
            "ticker": "KXHIGHNY-24DEC26-B34.5",
            "count": 300,
            "created_time": "2024-12-26T20:00:18.674136Z",
            "yes_price": 35,
            "no_price": 65,
            "taker_side": "yes"
        },
        {
            "trade_id": "32d4570e-628d-4988-9ad6-97b29a0d3948",
            "ticker": "KXHIGHNY-24DEC26-B34.5",
            "count": 675,
            "created_time": "2024-12-26T20:00:18.674136Z",
            "yes_price": 48,
            "no_price": 52,
            "taker_side": "yes"
        },
        {
            "trade_id": "2787df72-e7ed-487a-a233-4d9db61ecce3",
            "ticker": "KXHIGHNY-24DEC26-B34.5",
            "count": 400,
            "created_time": "2024-12-26T20:00:18.674136Z",
            "yes_price": 31,
            "no_price": 69,
            "taker_side": "yes"
        },
        {
            "trade_id": "06486307-3f5c-42fc-825a-5a5246d147cd",
            "ticker": "KXHIGHNY-24DEC26-B34.5",
            "count": 250,
            "created_time": "2024-12-26T20:00:18.674136Z",
            "yes_price": 27,
            "no_price": 73,
            "taker_side": "yes"
        },
        {
            "trade_id": "01e209ae-7529-4c4e-9fff-f82d2a8cc92e",
            "ticker": "KXHIGHNY-24DEC26-B34.5",
            "count": 100,
            "created_time": "2024-12-26T20:00:18.674136Z",
            "yes_price": 40,
            "no_price": 60,
            "taker_side": "yes"
        },
        {
            "trade_id": "f26209a7-d1aa-4641-a535-3be4f1aabc6c",
            "ticker": "KXHIGHNY-24DEC26-B34.5",
            "count": 5,
            "created_time": "2024-12-26T19:59:55.754782Z",
            "yes_price": 26,
            "no_price": 74,
            "taker_side": "yes"
        },
        {
            "trade_id": "d8eea82e-1937-4e33-b112-f044976b6f99",
            "ticker": "KXHIGHNY-24DEC26-B34.5",
            "count": 31,
            "created_time": "2024-12-26T19:59:55.754782Z",
            "yes_price": 26,
            "no_price": 74,
            "taker_side": "yes"
        },
        {
            "trade_id": "d625342b-f058-4ab8-8ed7-9f3aa889854f",
            "ticker": "KXHIGHNY-24DEC26-B34.5",
            "count": 49,
            "created_time": "2024-12-26T19:59:53.235237Z",
            "yes_price": 21,
            "no_price": 79,
            "taker_side": "no"
        },
        {
            "trade_id": "d818ae40-8c76-4627-ad42-1507e3a5b01a",
            "ticker": "KXHIGHNY-24DEC26-B34.5",
            "count": 251,
            "created_time": "2024-12-26T19:59:32.462471Z",
            "yes_price": 25,
            "no_price": 75,
            "taker_side": "yes"
        },
        {
            "trade_id": "c58af483-80a4-43f4-87d4-d222badc5a5b",
            "ticker": "KXHIGHNY-24DEC26-B34.5",
            "count": 231,
            "created_time": "2024-12-26T19:59:32.462471Z",
            "yes_price": 25,
            "no_price": 75,
            "taker_side": "yes"
        },
        {
            "trade_id": "918664dc-747b-4deb-90a3-b133644ecc6b",
            "ticker": "KXHIGHNY-24DEC26-B34.5",
            "count": 19,
            "created_time": "2024-12-26T19:58:26.815117Z",
            "yes_price": 25,
            "no_price": 75,
            "taker_side": "yes"
        },
        {
            "trade_id": "1d8f245e-c1c6-4d69-9740-d4b1819f550b",
            "ticker": "KXHIGHNY-24DEC26-B34.5",
            "count": 100,
            "created_time": "2024-12-26T19:57:52.473291Z",
            "yes_price": 25,
            "no_price": 75,
            "taker_side": "yes"
        },
        {
            "trade_id": "473015c0-0c96-489c-b372-c2cdba62f14b",
            "ticker": "KXHIGHNY-24DEC26-B34.5",
            "count": 1,
            "created_time": "2024-12-26T19:57:25.419399Z",
            "yes_price": 25,
            "no_price": 75,
            "taker_side": "yes"
        },
        {
            "trade_id": "ca6251dd-a422-4cda-b249-0ec43b23863f",
            "ticker": "KXHIGHNY-24DEC26-B34.5",
            "count": 114,
            "created_time": "2024-12-26T19:57:07.720425Z",
            "yes_price": 23,
            "no_price": 77,
            "taker_side": "yes"
        },
        {
            "trade_id": "735027fa-1fc9-4699-92b0-66ec6510de9e",
            "ticker": "KXHIGHNY-24DEC26-B34.5",
            "count": 170,
            "created_time": "2024-12-26T19:57:07.720425Z",
            "yes_price": 23,
            "no_price": 77,
            "taker_side": "yes"
        },
        {
            "trade_id": "05c609b5-1c50-4ac4-a35a-e4f36fdacc9a",
            "ticker": "KXHIGHNY-24DEC26-B34.5",
            "count": 80,
            "created_time": "2024-12-26T19:57:07.720425Z",
            "yes_price": 23,
            "no_price": 77,
            "taker_side": "yes"
        },
        {
            "trade_id": "6acff384-c117-489e-92b3-ac1c505b6d39",
            "ticker": "KXHIGHNY-24DEC26-B34.5",
            "count": 1,
            "created_time": "2024-12-26T19:56:41.145683Z",
            "yes_price": 20,
            "no_price": 80,
            "taker_side": "yes"
        },
        {
            "trade_id": "39132b8c-74a9-41d2-8fea-3cd5cb484552",
            "ticker": "KXHIGHNY-24DEC26-B34.5",
            "count": 16,
            "created_time": "2024-12-26T19:56:18.810466Z",
            "yes_price": 19,
            "no_price": 81,
            "taker_side": "yes"
        },
        {
            "trade_id": "08dc8a79-80cf-4df8-9178-0d98c0ad8d7a",
            "ticker": "KXHIGHNY-24DEC26-B34.5",
            "count": 33,
            "created_time": "2024-12-26T19:56:18.810466Z",
            "yes_price": 19,
            "no_price": 81,
            "taker_side": "yes"
        },
        {
            "trade_id": "cd22b878-c6f4-43f9-bc9a-213eef5950ec",
            "ticker": "KXHIGHNY-24DEC26-B34.5",
            "count": 16,
            "created_time": "2024-12-26T19:55:59.041006Z",
            "yes_price": 18,
            "no_price": 82,
            "taker_side": "yes"
        },
        {
            "trade_id": "9a0b2199-7a5c-46b4-b566-d3288df87bb6",
            "ticker": "KXHIGHNY-24DEC26-B34.5",
            "count": 19,
            "created_time": "2024-12-26T19:55:59.041006Z",
            "yes_price": 18,
            "no_price": 82,
            "taker_side": "yes"
        },
        {
            "trade_id": "0d4ccc6b-96ec-46e4-a309-bab13cb54025",
            "ticker": "KXHIGHNY-24DEC26-B34.5",
            "count": 4,
            "created_time": "2024-12-26T19:55:58.724767Z",
            "yes_price": 16,
            "no_price": 84,
            "taker_side": "no"
        },
        {
            "trade_id": "d37b2887-8793-4670-a450-41a7a6020d7c",
            "ticker": "KXHIGHNY-24DEC26-B34.5",
            "count": 148,
            "created_time": "2024-12-26T19:55:40.926896Z",
            "yes_price": 16,
            "no_price": 84,
            "taker_side": "no"
        },
        {
            "trade_id": "ef05f705-cc09-4b4d-a342-b83e52a1c76d",
            "ticker": "KXHIGHNY-24DEC26-B34.5",
            "count": 20,
            "created_time": "2024-12-26T19:55:04.840541Z",
            "yes_price": 15,
            "no_price": 85,
            "taker_side": "no"
        },
        {
            "trade_id": "c2de2c14-77e1-407c-92c6-e7d20c21329c",
            "ticker": "KXHIGHNY-24DEC26-B34.5",
            "count": 80,
            "created_time": "2024-12-26T19:54:19.828841Z",
            "yes_price": 15,
            "no_price": 85,
            "taker_side": "yes"
        },
        {
            "trade_id": "923268fa-8ddd-4dd4-bd11-272835360dfe",
            "ticker": "KXHIGHNY-24DEC26-B34.5",
            "count": 20,
            "created_time": "2024-12-26T19:54:19.828841Z",
            "yes_price": 15,
            "no_price": 85,
            "taker_side": "yes"
        },
        {
            "trade_id": "512624e8-cc82-44f3-8fc9-9a13dab8a358",
            "ticker": "KXHIGHNY-24DEC26-B34.5",
            "count": 100,
            "created_time": "2024-12-26T19:54:04.495773Z",
            "yes_price": 13,
            "no_price": 87,
            "taker_side": "yes"
        },
        {
            "trade_id": "d624171b-1db2-489c-bb26-611b0334a41a",
            "ticker": "KXHIGHNY-24DEC26-B34.5",
            "count": 145,
            "created_time": "2024-12-26T19:53:55.493766Z",
            "yes_price": 10,
            "no_price": 90,
            "taker_side": "no"
        },
        {
            "trade_id": "fe0ac99a-0950-435d-9c0c-863e82ee3f24",
            "ticker": "KXHIGHNY-24DEC26-B34.5",
            "count": 23,
            "created_time": "2024-12-26T19:50:49.395818Z",
            "yes_price": 12,
            "no_price": 88,
            "taker_side": "yes"
        },
        {
            "trade_id": "14c8dd97-2890-4b26-923f-bceb4c40bdd9",
            "ticker": "KXHIGHNY-24DEC26-B34.5",
            "count": 134,
            "created_time": "2024-12-26T19:47:26.349157Z",
            "yes_price": 10,
            "no_price": 90,
            "taker_side": "no"
        },
        {
            "trade_id": "eb5b3f46-07a9-4c73-9960-30c75830b995",
            "ticker": "KXHIGHNY-24DEC26-B34.5",
            "count": 1275,
            "created_time": "2024-12-26T19:42:18.819222Z",
            "yes_price": 10,
            "no_price": 90,
            "taker_side": "no"
        },
        {
            "trade_id": "6c72ee4d-b236-4a93-9050-addeb15ba4d0",
            "ticker": "KXHIGHNY-24DEC26-B34.5",
            "count": 47,
            "created_time": "2024-12-26T19:42:18.819222Z",
            "yes_price": 11,
            "no_price": 89,
            "taker_side": "no"
        },
        {
            "trade_id": "26e09442-ebbb-4474-99cb-7dd072616ee7",
            "ticker": "KXHIGHNY-24DEC26-B34.5",
            "count": 80,
            "created_time": "2024-12-26T19:42:18.819222Z",
            "yes_price": 11,
            "no_price": 89,
            "taker_side": "no"
        },
        {
            "trade_id": "979ec1da-2fe9-4758-8ecc-71d00bc61542",
            "ticker": "KXHIGHNY-24DEC26-B34.5",
            "count": 25,
            "created_time": "2024-12-26T19:41:54.939451Z",
            "yes_price": 11,
            "no_price": 89,
            "taker_side": "no"
        },
        {
            "trade_id": "cecf146d-8444-44d0-936c-41c182bf090b",
            "ticker": "KXHIGHNY-24DEC26-B34.5",
            "count": 25,
            "created_time": "2024-12-26T19:40:52.850184Z",
            "yes_price": 13,
            "no_price": 87,
            "taker_side": "no"
        },
        {
            "trade_id": "1c661590-4383-4ac7-9188-2a94cef61acb",
            "ticker": "KXHIGHNY-24DEC26-B34.5",
            "count": 80,
            "created_time": "2024-12-26T19:40:03.696195Z",
            "yes_price": 16,
            "no_price": 84,
            "taker_side": "yes"
        },
        {
            "trade_id": "0bc99e94-fb4b-4271-9419-3f8391867133",
            "ticker": "KXHIGHNY-24DEC26-B34.5",
            "count": 200,
            "created_time": "2024-12-26T19:40:03.696195Z",
            "yes_price": 16,
            "no_price": 84,
            "taker_side": "yes"
        },
        {
            "trade_id": "78e8f97d-2bb6-4be6-97dc-933656e23b3a",
            "ticker": "KXHIGHNY-24DEC26-B34.5",
            "count": 6,
            "created_time": "2024-12-26T19:38:51.765544Z",
            "yes_price": 16,
            "no_price": 84,
            "taker_side": "yes"
        },
        {
            "trade_id": "1a53bde6-cd27-4c0c-9e1b-28bb0baab86c",
            "ticker": "KXHIGHNY-24DEC26-B34.5",
            "count": 3,
            "created_time": "2024-12-26T19:38:51.765544Z",
            "yes_price": 17,
            "no_price": 83,
            "taker_side": "yes"
        },
        {
            "trade_id": "19406489-2f5c-4044-bcef-a9e18aede0c5",
            "ticker": "KXHIGHNY-24DEC26-B34.5",
            "count": 16,
            "created_time": "2024-12-26T19:38:51.765544Z",
            "yes_price": 17,
            "no_price": 83,
            "taker_side": "yes"
        },
        {
            "trade_id": "f208efd7-8b97-4554-9ddd-30e2e69feacf",
            "ticker": "KXHIGHNY-24DEC26-B34.5",
            "count": 66,
            "created_time": "2024-12-26T19:38:07.633765Z",
            "yes_price": 15,
            "no_price": 85,
            "taker_side": "yes"
        },
        {
            "trade_id": "e11d32d6-fbaa-4d76-b585-89e2e3d85c7d",
            "ticker": "KXHIGHNY-24DEC26-B34.5",
            "count": 200,
            "created_time": "2024-12-26T19:38:07.633765Z",
            "yes_price": 16,
            "no_price": 84,
            "taker_side": "yes"
        },
        {
            "trade_id": "50954a0e-a3de-4920-9f28-dd175ed7c630",
            "ticker": "KXHIGHNY-24DEC26-B34.5",
            "count": 740,
            "created_time": "2024-12-26T19:36:48.65657Z",
            "yes_price": 16,
            "no_price": 84,
            "taker_side": "yes"
        },
        {
            "trade_id": "43252fc8-f51b-483f-a065-661fcb357108",
            "ticker": "KXHIGHNY-24DEC26-B34.5",
            "count": 80,
            "created_time": "2024-12-26T19:36:48.65657Z",
            "yes_price": 16,
            "no_price": 84,
            "taker_side": "yes"
        },
        {
            "trade_id": "e06fd2d8-f895-4130-8246-2ada7848d937",
            "ticker": "KXHIGHNY-24DEC26-B34.5",
            "count": 6,
            "created_time": "2024-12-26T19:36:41.759572Z",
            "yes_price": 10,
            "no_price": 90,
            "taker_side": "no"
        },
        {
            "trade_id": "68e162ed-61ee-4420-b4b4-d984b88cbb2c",
            "ticker": "KXHIGHNY-24DEC26-B34.5",
            "count": 253,
            "created_time": "2024-12-26T19:36:15.750111Z",
            "yes_price": 11,
            "no_price": 89,
            "taker_side": "no"
        },
        {
            "trade_id": "2651a2c0-820f-40e0-ba44-839762adbeab",
            "ticker": "KXHIGHNY-24DEC26-B34.5",
            "count": 80,
            "created_time": "2024-12-26T19:36:15.750111Z",
            "yes_price": 11,
            "no_price": 89,
            "taker_side": "no"
        },
        {
            "trade_id": "41c71adb-77d8-44e0-aff2-ada7bf7876d9",
            "ticker": "KXHIGHNY-24DEC26-B34.5",
            "count": 100,
            "created_time": "2024-12-26T19:35:30.245466Z",
            "yes_price": 9,
            "no_price": 91,
            "taker_side": "no"
        },
        {
            "trade_id": "6d96e5bf-c8af-4017-8263-3c84dd073733",
            "ticker": "KXHIGHNY-24DEC26-B34.5",
            "count": 371,
            "created_time": "2024-12-26T19:35:12.649807Z",
            "yes_price": 10,
            "no_price": 90,
            "taker_side": "yes"
        },
        {
            "trade_id": "bab9d119-2788-427c-8f0f-3a91d388f319",
            "ticker": "KXHIGHNY-24DEC26-B34.5",
            "count": 880,
            "created_time": "2024-12-26T19:35:06.865678Z",
            "yes_price": 12,
            "no_price": 88,
            "taker_side": "no"
        },
        {
            "trade_id": "6cbf0a1e-2f87-4595-808e-4ba13545e170",
            "ticker": "KXHIGHNY-24DEC26-B34.5",
            "count": 252,
            "created_time": "2024-12-26T19:35:06.865678Z",
            "yes_price": 13,
            "no_price": 87,
            "taker_side": "no"
        },
        {
            "trade_id": "eeca0ffb-5419-471e-93d6-b510899001b0",
            "ticker": "KXHIGHNY-24DEC26-B34.5",
            "count": 17,
            "created_time": "2024-12-26T19:34:43.488904Z",
            "yes_price": 16,
            "no_price": 84,
            "taker_side": "yes"
        },
        {
            "trade_id": "94ff6bfa-cc04-4c6b-afcf-76292453bd8a",
            "ticker": "KXHIGHNY-24DEC26-B34.5",
            "count": 90,
            "created_time": "2024-12-26T19:34:43.488904Z",
            "yes_price": 16,
            "no_price": 84,
            "taker_side": "yes"
        },
        {
            "trade_id": "840effd6-28b4-4825-8507-2612e8fa4dd3",
            "ticker": "KXHIGHNY-24DEC26-B34.5",
            "count": 16,
            "created_time": "2024-12-26T19:34:43.488904Z",
            "yes_price": 16,
            "no_price": 84,
            "taker_side": "yes"
        },
        {
            "trade_id": "66016fdf-d415-431d-8ece-b680ff54a305",
            "ticker": "KXHIGHNY-24DEC26-B34.5",
            "count": 187,
            "created_time": "2024-12-26T19:34:43.488904Z",
            "yes_price": 15,
            "no_price": 85,
            "taker_side": "yes"
        },
        {
            "trade_id": "4e7a4202-b6f6-4096-b3ed-05e5204601db",
            "ticker": "KXHIGHNY-24DEC26-B34.5",
            "count": 252,
            "created_time": "2024-12-26T19:34:43.488904Z",
            "yes_price": 16,
            "no_price": 84,
            "taker_side": "yes"
        },
        {
            "trade_id": "35af5873-4c05-43b3-95e5-decf38ec1e84",
            "ticker": "KXHIGHNY-24DEC26-B34.5",
            "count": 1,
            "created_time": "2024-12-26T19:34:43.488904Z",
            "yes_price": 13,
            "no_price": 87,
            "taker_side": "yes"
        },
        {
            "trade_id": "233d026c-d034-47d2-84ad-63d39ae1caa4",
            "ticker": "KXHIGHNY-24DEC26-B34.5",
            "count": 80,
            "created_time": "2024-12-26T19:34:43.488904Z",
            "yes_price": 15,
            "no_price": 85,
            "taker_side": "yes"
        },
        {
            "trade_id": "0ab7a700-8384-43a0-a247-892718b90f2d",
            "ticker": "KXHIGHNY-24DEC26-B34.5",
            "count": 1,
            "created_time": "2024-12-26T19:34:43.488904Z",
            "yes_price": 16,
            "no_price": 84,
            "taker_side": "yes"
        },
        {
            "trade_id": "b0442690-0715-4325-b4d1-94dcdcea0c74",
            "ticker": "KXHIGHNY-24DEC26-B34.5",
            "count": 1100,
            "created_time": "2024-12-26T19:33:42.048515Z",
            "yes_price": 10,
            "no_price": 90,
            "taker_side": "yes"
        },
        {
            "trade_id": "76e1a594-6f1b-4c9c-bb6f-c4e100f5258c",
            "ticker": "KXHIGHNY-24DEC26-B34.5",
            "count": 250,
            "created_time": "2024-12-26T19:33:36.20203Z",
            "yes_price": 11,
            "no_price": 89,
            "taker_side": "yes"
        },
        {
            "trade_id": "57f0cb60-c8a9-4c8b-92f1-6182b966459f",
            "ticker": "KXHIGHNY-24DEC26-B34.5",
            "count": 283,
            "created_time": "2024-12-26T19:33:36.20203Z",
            "yes_price": 11,
            "no_price": 89,
            "taker_side": "yes"
        },
        {
            "trade_id": "49bac6d1-fbcb-407f-9b55-22b32cb0e846",
            "ticker": "KXHIGHNY-24DEC26-B34.5",
            "count": 36,
            "created_time": "2024-12-26T19:33:12.163154Z",
            "yes_price": 10,
            "no_price": 90,
            "taker_side": "yes"
        },
        {
            "trade_id": "0285fcc4-8510-4a1b-8ff4-85251524f8b8",
            "ticker": "KXHIGHNY-24DEC26-B34.5",
            "count": 64,
            "created_time": "2024-12-26T19:33:06.399869Z",
            "yes_price": 10,
            "no_price": 90,
            "taker_side": "yes"
        },
        {
            "trade_id": "da717625-7044-4d85-a22a-fe2140968f32",
            "ticker": "KXHIGHNY-24DEC26-B34.5",
            "count": 1000,
            "created_time": "2024-12-26T19:32:17.753448Z",
            "yes_price": 9,
            "no_price": 91,
            "taker_side": "yes"
        },
        {
            "trade_id": "cb2f1fdd-6dcc-4155-b5de-16042732f0e5",
            "ticker": "KXHIGHNY-24DEC26-B34.5",
            "count": 88,
            "created_time": "2024-12-26T19:28:56.385408Z",
            "yes_price": 12,
            "no_price": 88,
            "taker_side": "yes"
        },
        {
            "trade_id": "2fcb4675-3107-4968-8582-fea42618e59b",
            "ticker": "KXHIGHNY-24DEC26-B34.5",
            "count": 176,
            "created_time": "2024-12-26T19:28:56.385408Z",
            "yes_price": 10,
            "no_price": 90,
            "taker_side": "yes"
        },
        {
            "trade_id": "0a254a66-89ce-4e53-b72e-03eb25971014",
            "ticker": "KXHIGHNY-24DEC26-B34.5",
            "count": 77,
            "created_time": "2024-12-26T19:28:56.385408Z",
            "yes_price": 11,
            "no_price": 89,
            "taker_side": "yes"
        },
        {
            "trade_id": "820e9673-d8f0-4b3f-9597-8fa5c3d90e84",
            "ticker": "KXHIGHNY-24DEC26-B34.5",
            "count": 420,
            "created_time": "2024-12-26T19:28:17.416013Z",
            "yes_price": 4,
            "no_price": 96,
            "taker_side": "no"
        },
        {
            "trade_id": "80b3030f-30cc-4b91-9669-3e36709bfbe9",
            "ticker": "KXHIGHNY-24DEC26-B34.5",
            "count": 80,
            "created_time": "2024-12-26T19:28:07.124612Z",
            "yes_price": 5,
            "no_price": 95,
            "taker_side": "no"
        },
        {
            "trade_id": "6833f679-f4d4-4ca4-9988-f5e1c4c78446",
            "ticker": "KXHIGHNY-24DEC26-B34.5",
            "count": 100,
            "created_time": "2024-12-26T19:26:56.089388Z",
            "yes_price": 4,
            "no_price": 96,
            "taker_side": "no"
        },
        {
            "trade_id": "12fd0c66-317c-4f44-8dc2-f613e6009a18",
            "ticker": "KXHIGHNY-24DEC26-B34.5",
            "count": 80,
            "created_time": "2024-12-26T19:26:49.580184Z",
            "yes_price": 5,
            "no_price": 95,
            "taker_side": "no"
        },
        {
            "trade_id": "952be4cc-acf5-4130-8463-20b856a865a3",
            "ticker": "KXHIGHNY-24DEC26-B34.5",
            "count": 83,
            "created_time": "2024-12-26T19:26:16.790202Z",
            "yes_price": 8,
            "no_price": 92,
            "taker_side": "yes"
        },
        {
            "trade_id": "e8a65a75-8c9f-488d-9132-58d023c6a1f5",
            "ticker": "KXHIGHNY-24DEC26-B34.5",
            "count": 64,
            "created_time": "2024-12-26T19:25:35.413491Z",
            "yes_price": 8,
            "no_price": 92,
            "taker_side": "yes"
        },
        {
            "trade_id": "d460713c-731f-4c6b-86c0-e571f4af61ce",
            "ticker": "KXHIGHNY-24DEC26-B34.5",
            "count": 53,
            "created_time": "2024-12-26T19:25:19.133799Z",
            "yes_price": 8,
            "no_price": 92,
            "taker_side": "yes"
        },
        {
            "trade_id": "6740ff44-442f-4a04-b324-07efd99f58dd",
            "ticker": "KXHIGHNY-24DEC26-B34.5",
            "count": 83,
            "created_time": "2024-12-26T19:25:14.478228Z",
            "yes_price": 9,
            "no_price": 91,
            "taker_side": "yes"
        },
        {
            "trade_id": "26c89e51-f046-4eda-a4a0-a50f634fc5e6",
            "ticker": "KXHIGHNY-24DEC26-B34.5",
            "count": 104,
            "created_time": "2024-12-26T19:25:07.217624Z",
            "yes_price": 9,
            "no_price": 91,
            "taker_side": "yes"
        },
        {
            "trade_id": "5e663bbb-9824-4a29-8bb1-737ba0d9156b",
            "ticker": "KXHIGHNY-24DEC26-B34.5",
            "count": 52,
            "created_time": "2024-12-26T19:25:04.760066Z",
            "yes_price": 9,
            "no_price": 91,
            "taker_side": "yes"
        },
        {
            "trade_id": "e366e601-9d44-49ca-82f7-d1124022b48b",
            "ticker": "KXHIGHNY-24DEC26-B34.5",
            "count": 100,
            "created_time": "2024-12-26T19:22:41.5532Z",
            "yes_price": 9,
            "no_price": 91,
            "taker_side": "no"
        },
        {
            "trade_id": "a3d3dbe4-374d-4360-a243-f380818fff2f",
            "ticker": "KXHIGHNY-24DEC26-B34.5",
            "count": 1500,
            "created_time": "2024-12-26T19:22:41.5532Z",
            "yes_price": 8,
            "no_price": 92,
            "taker_side": "no"
        },
        {
            "trade_id": "9d989316-fd46-4a6c-960e-12277fb49df3",
            "ticker": "KXHIGHNY-24DEC26-B34.5",
            "count": 100,
            "created_time": "2024-12-26T19:22:41.5532Z",
            "yes_price": 8,
            "no_price": 92,
            "taker_side": "no"
        },
        {
            "trade_id": "72520ff1-e259-4e9d-806f-bc8f6a61342a",
            "ticker": "KXHIGHNY-24DEC26-B34.5",
            "count": 90,
            "created_time": "2024-12-26T19:22:41.5532Z",
            "yes_price": 8,
            "no_price": 92,
            "taker_side": "no"
        },
        {
            "trade_id": "36cd2dc4-a1dc-494c-b027-13e3365115bf",
            "ticker": "KXHIGHNY-24DEC26-B34.5",
            "count": 80,
            "created_time": "2024-12-26T19:22:41.5532Z",
            "yes_price": 9,
            "no_price": 91,
            "taker_side": "no"
        },
        {
            "trade_id": "302ac1a6-e4f1-4480-9cdd-b05bcc0993ec",
            "ticker": "KXHIGHNY-24DEC26-B34.5",
            "count": 500,
            "created_time": "2024-12-26T19:19:43.672987Z",
            "yes_price": 10,
            "no_price": 90,
            "taker_side": "yes"
        },
        {
            "trade_id": "a8a543dc-2de4-4d8f-86c3-89a141ca8cca",
            "ticker": "KXHIGHNY-24DEC26-B34.5",
            "count": 25,
            "created_time": "2024-12-26T19:16:52.753578Z",
            "yes_price": 9,
            "no_price": 91,
            "taker_side": "no"
        },
        {
            "trade_id": "76c0b375-c7e3-47b2-8795-18cff597ad4b",
            "ticker": "KXHIGHNY-24DEC26-B34.5",
            "count": 500,
            "created_time": "2024-12-26T19:12:14.121993Z",
            "yes_price": 10,
            "no_price": 90,
            "taker_side": "no"
        },
        {
            "trade_id": "54dd043d-7663-41a9-b286-4974f7d001b1",
            "ticker": "KXHIGHNY-24DEC26-B34.5",
            "count": 67,
            "created_time": "2024-12-26T19:10:23.908211Z",
            "yes_price": 14,
            "no_price": 86,
            "taker_side": "yes"
        },
        {
            "trade_id": "6b604c96-1a74-46a0-880b-e87eeb26243f",
            "ticker": "KXHIGHNY-24DEC26-B34.5",
            "count": 56,
            "created_time": "2024-12-26T19:09:58.343146Z",
            "yes_price": 14,
            "no_price": 86,
            "taker_side": "yes"
        },
        {
            "trade_id": "7a802c6e-5b35-4cf5-bc90-22ea76fe4dfd",
            "ticker": "KXHIGHNY-24DEC26-B34.5",
            "count": 12,
            "created_time": "2024-12-26T19:09:34.618228Z",
            "yes_price": 15,
            "no_price": 85,
            "taker_side": "yes"
        },
        {
            "trade_id": "02ea9052-2334-4ec2-97d4-71ec930dd51b",
            "ticker": "KXHIGHNY-24DEC26-B34.5",
            "count": 298,
            "created_time": "2024-12-26T19:09:06.498167Z",
            "yes_price": 13,
            "no_price": 87,
            "taker_side": "yes"
        },
        {
            "trade_id": "d5ca47ce-3b6e-47f3-a9a7-8d2b28ca37b3",
            "ticker": "KXHIGHNY-24DEC26-B34.5",
            "count": 251,
            "created_time": "2024-12-26T19:04:59.16015Z",
            "yes_price": 11,
            "no_price": 89,
            "taker_side": "no"
        },
        {
            "trade_id": "b739a13c-fb98-4e25-87b3-345c85015755",
            "ticker": "KXHIGHNY-24DEC26-B34.5",
            "count": 100,
            "created_time": "2024-12-26T19:04:59.16015Z",
            "yes_price": 12,
            "no_price": 88,
            "taker_side": "no"
        },
        {
            "trade_id": "70a1282d-7a5b-4042-b4a3-3ac7d44ecfcf",
            "ticker": "KXHIGHNY-24DEC26-B34.5",
            "count": 333,
            "created_time": "2024-12-26T19:04:59.16015Z",
            "yes_price": 12,
            "no_price": 88,
            "taker_side": "no"
        },
        {
            "trade_id": "37393849-6f8a-4684-9192-816f44f4d67b",
            "ticker": "KXHIGHNY-24DEC26-B34.5",
            "count": 800,
            "created_time": "2024-12-26T19:04:59.16015Z",
            "yes_price": 11,
            "no_price": 89,
            "taker_side": "no"
        },
        {
            "trade_id": "ae2f1639-a46a-4a26-9781-f2874c9fc7cc",
            "ticker": "KXHIGHNY-24DEC26-B34.5",
            "count": 200,
            "created_time": "2024-12-26T19:03:40.46776Z",
            "yes_price": 15,
            "no_price": 85,
            "taker_side": "yes"
        },
        {
            "trade_id": "c6431d2c-a0ea-4c23-90e0-cb1e6dd168ca",
            "ticker": "KXHIGHNY-24DEC26-B34.5",
            "count": 2,
            "created_time": "2024-12-26T19:03:11.981186Z",
            "yes_price": 15,
            "no_price": 85,
            "taker_side": "yes"
        },
        {
            "trade_id": "d03a3f17-7c03-4b3f-8579-dc7bed6022be",
            "ticker": "KXHIGHNY-24DEC26-B34.5",
            "count": 155,
            "created_time": "2024-12-26T19:02:47.702434Z",
            "yes_price": 14,
            "no_price": 86,
            "taker_side": "yes"
        },
        {
            "trade_id": "c32e9e53-4de7-4c96-9fd1-719b4d39c30a",
            "ticker": "KXHIGHNY-24DEC26-B34.5",
            "count": 80,
            "created_time": "2024-12-26T19:02:47.702434Z",
            "yes_price": 14,
            "no_price": 86,
            "taker_side": "yes"
        },
        {
            "trade_id": "8911d366-92b6-46db-8cd0-572fb4031ffd",
            "ticker": "KXHIGHNY-24DEC26-B34.5",
            "count": 45,
            "created_time": "2024-12-26T19:02:41.208611Z",
            "yes_price": 14,
            "no_price": 86,
            "taker_side": "no"
        },
        {
            "trade_id": "91617723-5f8d-448b-ae47-f0738d6655f3",
            "ticker": "KXHIGHNY-24DEC26-B34.5",
            "count": 16,
            "created_time": "2024-12-26T19:01:14.346239Z",
            "yes_price": 15,
            "no_price": 85,
            "taker_side": "no"
        },
        {
            "trade_id": "7b38f7d6-155f-4b9a-8637-e8637fe80a41",
            "ticker": "KXHIGHNY-24DEC26-B34.5",
            "count": 20,
            "created_time": "2024-12-26T18:58:28.343017Z",
            "yes_price": 13,
            "no_price": 87,
            "taker_side": "no"
        },
        {
            "trade_id": "9601ca18-2c8e-461e-946b-114eacf01667",
            "ticker": "KXHIGHNY-24DEC26-B34.5",
            "count": 19,
            "created_time": "2024-12-26T18:57:30.141143Z",
            "yes_price": 15,
            "no_price": 85,
            "taker_side": "no"
        },
        {
            "trade_id": "cbff331c-f072-4bbd-aac3-5c03f256b855",
            "ticker": "KXHIGHNY-24DEC26-B34.5",
            "count": 189,
            "created_time": "2024-12-26T18:55:40.631222Z",
            "yes_price": 14,
            "no_price": 86,
            "taker_side": "no"
        },
        {
            "trade_id": "86c9d25e-e8ea-4d7b-bf00-7d74a18c083d",
            "ticker": "KXHIGHNY-24DEC26-B34.5",
            "count": 182,
            "created_time": "2024-12-26T18:55:40.631222Z",
            "yes_price": 14,
            "no_price": 86,
            "taker_side": "no"
        },
        {
            "trade_id": "b32db0af-1549-498f-b70d-2201dd35a277",
            "ticker": "KXHIGHNY-24DEC26-B34.5",
            "count": 115,
            "created_time": "2024-12-26T18:55:32.397644Z",
            "yes_price": 14,
            "no_price": 86,
            "taker_side": "no"
        },
        {
            "trade_id": "7951736c-7d59-4602-8f5e-cb851d4436bd",
            "ticker": "KXHIGHNY-24DEC26-B34.5",
            "count": 91,
            "created_time": "2024-12-26T18:55:13.754752Z",
            "yes_price": 15,
            "no_price": 85,
            "taker_side": "no"
        },
        {
            "trade_id": "5ac82e77-3079-4bf2-823f-98049c5fc905",
            "ticker": "KXHIGHNY-24DEC26-B34.5",
            "count": 24,
            "created_time": "2024-12-26T18:55:13.754752Z",
            "yes_price": 14,
            "no_price": 86,
            "taker_side": "no"
        },
        {
            "trade_id": "72b37058-c84b-4b38-a4df-2555f4d43cf7",
            "ticker": "KXHIGHNY-24DEC26-B34.5",
            "count": 500,
            "created_time": "2024-12-26T18:55:11.559003Z",
            "yes_price": 23,
            "no_price": 77,
            "taker_side": "yes"
        },
        {
            "trade_id": "106d478a-3d97-47d5-887a-621a6fa9b090",
            "ticker": "KXHIGHNY-24DEC26-B34.5",
            "count": 132,
            "created_time": "2024-12-26T18:55:11.559003Z",
            "yes_price": 22,
            "no_price": 78,
            "taker_side": "yes"
        },
        {
            "trade_id": "da780b89-2b55-4b26-a60f-aca798eff2f3",
            "ticker": "KXHIGHNY-24DEC26-B34.5",
            "count": 20,
            "created_time": "2024-12-26T18:55:01.178535Z",
            "yes_price": 18,
            "no_price": 82,
            "taker_side": "no"
        },
        {
            "trade_id": "c12a208c-8340-4640-80e0-bdf84246aa45",
            "ticker": "KXHIGHNY-24DEC26-B34.5",
            "count": 58,
            "created_time": "2024-12-26T18:55:01.178535Z",
            "yes_price": 15,
            "no_price": 85,
            "taker_side": "no"
        },
        {
            "trade_id": "5b10b686-4253-41e9-a482-a3c104fb6f7e",
            "ticker": "KXHIGHNY-24DEC26-B34.5",
            "count": 22,
            "created_time": "2024-12-26T18:55:01.178535Z",
            "yes_price": 14,
            "no_price": 86,
            "taker_side": "no"
        },
        {
            "trade_id": "add504cb-148d-4e59-8573-ff1c4e547d8f",
            "ticker": "KXHIGHNY-24DEC26-B34.5",
            "count": 5,
            "created_time": "2024-12-26T18:52:56.338335Z",
            "yes_price": 18,
            "no_price": 82,
            "taker_side": "no"
        },
        {
            "trade_id": "f209563f-7837-4d22-aa19-a68c854774cf",
            "ticker": "KXHIGHNY-24DEC26-B34.5",
            "count": 8,
            "created_time": "2024-12-26T18:51:14.761536Z",
            "yes_price": 22,
            "no_price": 78,
            "taker_side": "yes"
        },
        {
            "trade_id": "f179c3f9-8479-4506-b16d-bfc4c4667f5d",
            "ticker": "KXHIGHNY-24DEC26-B34.5",
            "count": 28,
            "created_time": "2024-12-26T18:50:33.488815Z",
            "yes_price": 19,
            "no_price": 81,
            "taker_side": "no"
        },
        {
            "trade_id": "cb1ce7f4-88da-47de-b87f-bf149b4b2844",
            "ticker": "KXHIGHNY-24DEC26-B34.5",
            "count": 263,
            "created_time": "2024-12-26T18:49:19.506342Z",
            "yes_price": 22,
            "no_price": 78,
            "taker_side": "no"
        },
        {
            "trade_id": "4904838e-dd0f-4fc8-9bea-ca17467631df",
            "ticker": "KXHIGHNY-24DEC26-B34.5",
            "count": 250,
            "created_time": "2024-12-26T18:49:19.506342Z",
            "yes_price": 21,
            "no_price": 79,
            "taker_side": "no"
        },
        {
            "trade_id": "8c6e54b7-5a9a-41fd-a39d-60a838bf52f2",
            "ticker": "KXHIGHNY-24DEC26-B34.5",
            "count": 236,
            "created_time": "2024-12-26T18:48:06.541841Z",
            "yes_price": 29,
            "no_price": 71,
            "taker_side": "yes"
        },
        {
            "trade_id": "6c4db024-6ea1-40f2-9804-b70e16f45531",
            "ticker": "KXHIGHNY-24DEC26-B34.5",
            "count": 41,
            "created_time": "2024-12-26T18:45:57.118221Z",
            "yes_price": 24,
            "no_price": 76,
            "taker_side": "yes"
        },
        {
            "trade_id": "b7d72322-df43-4b0b-a785-af97e01485b6",
            "ticker": "KXHIGHNY-24DEC26-B34.5",
            "count": 1,
            "created_time": "2024-12-26T18:42:56.622807Z",
            "yes_price": 31,
            "no_price": 69,
            "taker_side": "no"
        },
        {
            "trade_id": "8df1787d-886a-40c7-89f1-b74dbbb529a3",
            "ticker": "KXHIGHNY-24DEC26-B34.5",
            "count": 25,
            "created_time": "2024-12-26T18:42:56.622807Z",
            "yes_price": 32,
            "no_price": 68,
            "taker_side": "no"
        },
        {
            "trade_id": "73131e8c-cc44-4721-9246-41720739e8f4",
            "ticker": "KXHIGHNY-24DEC26-B34.5",
            "count": 251,
            "created_time": "2024-12-26T18:42:56.622807Z",
            "yes_price": 31,
            "no_price": 69,
            "taker_side": "no"
        },
        {
            "trade_id": "0ff3b14e-77f4-42e7-a399-7a3b696a4f56",
            "ticker": "KXHIGHNY-24DEC26-B34.5",
            "count": 100,
            "created_time": "2024-12-26T18:42:56.622807Z",
            "yes_price": 31,
            "no_price": 69,
            "taker_side": "no"
        },
        {
            "trade_id": "55f8141c-e286-4b07-862f-737d8a7241b7",
            "ticker": "KXHIGHNY-24DEC26-B34.5",
            "count": 45,
            "created_time": "2024-12-26T18:42:26.761537Z",
            "yes_price": 33,
            "no_price": 67,
            "taker_side": "no"
        },
        {
            "trade_id": "7c27bb4c-cc76-4c29-af83-7ce7773a50cd",
            "ticker": "KXHIGHNY-24DEC26-B34.5",
            "count": 50,
            "created_time": "2024-12-26T18:41:36.920106Z",
            "yes_price": 32,
            "no_price": 68,
            "taker_side": "no"
        },
        {
            "trade_id": "f6593ec0-a9e1-4c67-932f-d6efcc4ebf3c",
            "ticker": "KXHIGHNY-24DEC26-B34.5",
            "count": 69,
            "created_time": "2024-12-26T18:40:06.989002Z",
            "yes_price": 32,
            "no_price": 68,
            "taker_side": "no"
        },
        {
            "trade_id": "0ea4f6d0-362d-4eab-bbd8-529c23d20b83",
            "ticker": "KXHIGHNY-24DEC26-B34.5",
            "count": 146,
            "created_time": "2024-12-26T18:40:06.989002Z",
            "yes_price": 32,
            "no_price": 68,
            "taker_side": "no"
        },
        {
            "trade_id": "2662edff-b2a5-45de-bb93-41230066a78e",
            "ticker": "KXHIGHNY-24DEC26-B34.5",
            "count": 6,
            "created_time": "2024-12-26T18:39:33.759167Z",
            "yes_price": 32,
            "no_price": 68,
            "taker_side": "no"
        },
        {
            "trade_id": "37a2f28b-d72f-44d1-b181-9f8264b1ec34",
            "ticker": "KXHIGHNY-24DEC26-B34.5",
            "count": 40,
            "created_time": "2024-12-26T18:39:10.911098Z",
            "yes_price": 32,
            "no_price": 68,
            "taker_side": "no"
        },
        {
            "trade_id": "8105dfe1-08a0-4ac0-bd24-07aede9076f1",
            "ticker": "KXHIGHNY-24DEC26-B34.5",
            "count": 100,
            "created_time": "2024-12-26T18:38:52.138216Z",
            "yes_price": 32,
            "no_price": 68,
            "taker_side": "no"
        },
        {
            "trade_id": "6321eb4a-3a50-4496-8626-e9d2d4183ae1",
            "ticker": "KXHIGHNY-24DEC26-B34.5",
            "count": 22,
            "created_time": "2024-12-26T18:36:19.77582Z",
            "yes_price": 32,
            "no_price": 68,
            "taker_side": "yes"
        },
        {
            "trade_id": "b9022711-8494-4efd-9fec-218900fd2978",
            "ticker": "KXHIGHNY-24DEC26-B34.5",
            "count": 24,
            "created_time": "2024-12-26T18:35:24.665796Z",
            "yes_price": 37,
            "no_price": 63,
            "taker_side": "yes"
        },
        {
            "trade_id": "5637c366-9ece-465c-ad11-034b34faa93d",
            "ticker": "KXHIGHNY-24DEC26-B34.5",
            "count": 80,
            "created_time": "2024-12-26T18:35:24.665796Z",
            "yes_price": 38,
            "no_price": 62,
            "taker_side": "yes"
        },
        {
            "trade_id": "31176126-1967-45f7-9936-c2bc96251265",
            "ticker": "KXHIGHNY-24DEC26-B34.5",
            "count": 152,
            "created_time": "2024-12-26T18:35:24.665796Z",
            "yes_price": 37,
            "no_price": 63,
            "taker_side": "yes"
        },
        {
            "trade_id": "f84d755e-4944-480c-9004-8cf78b049b6e",
            "ticker": "KXHIGHNY-24DEC26-B34.5",
            "count": 3,
            "created_time": "2024-12-26T18:33:52.320985Z",
            "yes_price": 31,
            "no_price": 69,
            "taker_side": "yes"
        },
        {
            "trade_id": "3c97e747-d8f2-4b69-9c24-7ccbad5de4fd",
            "ticker": "KXHIGHNY-24DEC26-B34.5",
            "count": 12,
            "created_time": "2024-12-26T18:31:56.233425Z",
            "yes_price": 39,
            "no_price": 61,
            "taker_side": "yes"
        },
        {
            "trade_id": "59cad503-23de-4796-aaf4-18272c65ad46",
            "ticker": "KXHIGHNY-24DEC26-B34.5",
            "count": 44,
            "created_time": "2024-12-26T18:31:47.196405Z",
            "yes_price": 24,
            "no_price": 76,
            "taker_side": "yes"
        },
        {
            "trade_id": "dbeb1e95-ab3e-43e4-be97-415248774cf8",
            "ticker": "KXHIGHNY-24DEC26-B34.5",
            "count": 1,
            "created_time": "2024-12-26T18:30:30.713271Z",
            "yes_price": 24,
            "no_price": 76,
            "taker_side": "no"
        },
        {
            "trade_id": "f780a70d-6ec2-4439-9813-468be3dec867",
            "ticker": "KXHIGHNY-24DEC26-B34.5",
            "count": 1,
            "created_time": "2024-12-26T18:30:24.755287Z",
            "yes_price": 28,
            "no_price": 72,
            "taker_side": "yes"
        },
        {
            "trade_id": "b1767cde-7d67-4d90-96e5-2d90fe05f276",
            "ticker": "KXHIGHNY-24DEC26-B34.5",
            "count": 49,
            "created_time": "2024-12-26T18:29:24.195836Z",
            "yes_price": 39,
            "no_price": 61,
            "taker_side": "yes"
        },
        {
            "trade_id": "965d59a3-25d2-4265-b580-a6b9e72a87ed",
            "ticker": "KXHIGHNY-24DEC26-B34.5",
            "count": 1,
            "created_time": "2024-12-26T18:25:19.833691Z",
            "yes_price": 16,
            "no_price": 84,
            "taker_side": "no"
        },
        {
            "trade_id": "9092737f-6ed3-48bf-a220-24393fa3cbeb",
            "ticker": "KXHIGHNY-24DEC26-B34.5",
            "count": 151,
            "created_time": "2024-12-26T18:24:58.135518Z",
            "yes_price": 58,
            "no_price": 42,
            "taker_side": "yes"
        },
        {
            "trade_id": "580077f4-ae13-44bc-8a77-10b8b2ff46c4",
            "ticker": "KXHIGHNY-24DEC26-B34.5",
            "count": 100,
            "created_time": "2024-12-26T18:24:58.135518Z",
            "yes_price": 58,
            "no_price": 42,
            "taker_side": "yes"
        },
        {
            "trade_id": "e296e060-20a4-498d-9a2f-7a1c4636a469",
            "ticker": "KXHIGHNY-24DEC26-B34.5",
            "count": 25,
            "created_time": "2024-12-26T18:24:01.994621Z",
            "yes_price": 36,
            "no_price": 64,
            "taker_side": "yes"
        },
        {
            "trade_id": "50f6b0ce-978f-4ab2-b903-14b1db635da8",
            "ticker": "KXHIGHNY-24DEC26-B34.5",
            "count": 11,
            "created_time": "2024-12-26T18:24:01.994621Z",
            "yes_price": 35,
            "no_price": 65,
            "taker_side": "yes"
        },
        {
            "trade_id": "4647279d-f2d4-4b70-8d05-d1c41df2af47",
            "ticker": "KXHIGHNY-24DEC26-B34.5",
            "count": 24,
            "created_time": "2024-12-26T18:24:01.994621Z",
            "yes_price": 58,
            "no_price": 42,
            "taker_side": "yes"
        },
        {
            "trade_id": "6949ca35-bff8-42f8-9e47-a1b485a8771c",
            "ticker": "KXHIGHNY-24DEC26-B34.5",
            "count": 42,
            "created_time": "2024-12-26T18:23:29.520456Z",
            "yes_price": 22,
            "no_price": 78,
            "taker_side": "no"
        },
        {
            "trade_id": "e16a3a8d-49f9-4102-acb3-0890831b9d19",
            "ticker": "KXHIGHNY-24DEC26-B34.5",
            "count": 46,
            "created_time": "2024-12-26T18:23:22.834979Z",
            "yes_price": 24,
            "no_price": 76,
            "taker_side": "yes"
        },
        {
            "trade_id": "d9299d9d-bb0e-4a0b-9706-2b45bb3062f8",
            "ticker": "KXHIGHNY-24DEC26-B34.5",
            "count": 13,
            "created_time": "2024-12-26T18:23:22.834979Z",
            "yes_price": 24,
            "no_price": 76,
            "taker_side": "yes"
        },
        {
            "trade_id": "7638fec0-f775-4327-a8d0-ef28a058c080",
            "ticker": "KXHIGHNY-24DEC26-B34.5",
            "count": 121,
            "created_time": "2024-12-26T18:23:22.834979Z",
            "yes_price": 27,
            "no_price": 73,
            "taker_side": "yes"
        },
        {
            "trade_id": "74073038-b552-470f-a47c-a1fec54bccdb",
            "ticker": "KXHIGHNY-24DEC26-B34.5",
            "count": 19,
            "created_time": "2024-12-26T18:23:22.834979Z",
            "yes_price": 27,
            "no_price": 73,
            "taker_side": "yes"
        },
        {
