{
    "HIGHNY-24AUG17-T79": [
        {
            "trade_id": "a9f997d3-5fdf-40f1-91a4-780f04f0944c",
            "ticker": "HIGHNY-24AUG17-T79",
            "count": 98,
            "created_time": "2024-08-17T17:53:31.942254Z",
            "yes_price": 1,
            "no_price": 99,
            "taker_side": "no"
        },
        {
            "trade_id": "f1d4bf17-1043-4e97-b701-cf28e5fde234",
            "ticker": "HIGHNY-24AUG17-T79",
            "count": 64,
            "created_time": "2024-08-17T16:51:18.974523Z",
            "yes_price": 1,
            "no_price": 99,
            "taker_side": "yes"
        },
        {
            "trade_id": "cf39c58c-09da-4c4c-b2e6-96e0ef67df0a",
            "ticker": "HIGHNY-24AUG17-T79",
            "count": 64,
            "created_time": "2024-08-17T16:51:18.974523Z",
            "yes_price": 1,
            "no_price": 99,
            "taker_side": "yes"
        },
        {
            "trade_id": "a56ddb2a-5120-439a-9dfa-aa1e6f8f6b80",
            "ticker": "HIGHNY-24AUG17-T79",
            "count": 64,
            "created_time": "2024-08-17T16:51:18.974523Z",
            "yes_price": 1,
            "no_price": 99,
            "taker_side": "yes"
        },
        {
            "trade_id": "814c52c2-1b87-4d56-887f-e0d3a6c16742",
            "ticker": "HIGHNY-24AUG17-T79",
            "count": 64,
            "created_time": "2024-08-17T16:51:18.974523Z",
            "yes_price": 1,
            "no_price": 99,
            "taker_side": "yes"
        },
        {
            "trade_id": "7dc7ec97-6531-4c91-a7c1-f085c7d2f1f4",
            "ticker": "HIGHNY-24AUG17-T79",
            "count": 64,
            "created_time": "2024-08-17T16:51:18.974523Z",
            "yes_price": 1,
            "no_price": 99,
            "taker_side": "yes"
        },
        {
            "trade_id": "6244a0d1-e3af-4867-8d6c-64b2924fbacc",
            "ticker": "HIGHNY-24AUG17-T79",
            "count": 64,
            "created_time": "2024-08-17T16:51:18.974523Z",
            "yes_price": 1,
            "no_price": 99,
            "taker_side": "yes"
        },
        {
            "trade_id": "4b822aa0-21c1-4ce4-a871-66edb6b1c633",
            "ticker": "HIGHNY-24AUG17-T79",
            "count": 64,
            "created_time": "2024-08-17T16:51:18.974523Z",
            "yes_price": 1,
            "no_price": 99,
            "taker_side": "yes"
        },
        {
            "trade_id": "0912e1f4-47fa-493f-b6b4-ca379e3cdacd",
            "ticker": "HIGHNY-24AUG17-T79",
            "count": 2,
            "created_time": "2024-08-17T16:51:18.974523Z",
            "yes_price": 1,
            "no_price": 99,
            "taker_side": "yes"
        },
        {
            "trade_id": "de1bcdac-39f7-42b0-a9ee-9da5c52a1a78",
            "ticker": "HIGHNY-24AUG17-T79",
            "count": 18,
            "created_time": "2024-08-17T16:50:25.003245Z",
            "yes_price": 4,
            "no_price": 96,
            "taker_side": "no"
        },
        {
            "trade_id": "138b625e-6948-4241-ad3f-e44a44936b72",
            "ticker": "HIGHNY-24AUG17-T79",
            "count": 45,
            "created_time": "2024-08-17T16:50:25.003245Z",
            "yes_price": 1,
            "no_price": 99,
            "taker_side": "no"
        },
        {
            "trade_id": "99666644-f26f-40f3-9bcd-d580405270a3",
            "ticker": "HIGHNY-24AUG17-T79",
            "count": 66,
            "created_time": "2024-08-17T16:50:24.937037Z",
            "yes_price": 4,
            "no_price": 96,
            "taker_side": "no"
        },
        {
            "trade_id": "67a2bafe-bfc6-4ab3-a72e-05ab7a4d2805",
            "ticker": "HIGHNY-24AUG17-T79",
            "count": 66,
            "created_time": "2024-08-17T16:50:24.871984Z",
            "yes_price": 4,
            "no_price": 96,
            "taker_side": "no"
        },
        {
            "trade_id": "9a688124-edfe-4e44-8b60-c7947e7102a8",
            "ticker": "HIGHNY-24AUG17-T79",
            "count": 5,
            "created_time": "2024-08-17T14:34:15.257462Z",
            "yes_price": 1,
            "no_price": 99,
            "taker_side": "no"
        },
        {
            "trade_id": "bb8b43f9-ee04-404a-a09c-b2fa21efe7fd",
            "ticker": "HIGHNY-24AUG17-T79",
            "count": 25,
            "created_time": "2024-08-17T14:31:31.21294Z",
            "yes_price": 12,
            "no_price": 88,
            "taker_side": "yes"
        },
        {
            "trade_id": "25eacedd-4925-4a04-9abf-e8275d2c6e14",
            "ticker": "HIGHNY-24AUG17-T79",
            "count": 13,
            "created_time": "2024-08-17T14:31:31.21294Z",
            "yes_price": 13,
            "no_price": 87,
            "taker_side": "yes"
        },
        {
            "trade_id": "a358831f-c1ec-47e1-8600-28029bdc04a6",
            "ticker": "HIGHNY-24AUG17-T79",
            "count": 36,
            "created_time": "2024-08-17T13:55:06.543791Z",
            "yes_price": 13,
            "no_price": 87,
            "taker_side": "yes"
        },
        {
            "trade_id": "3a4f4b5c-cee0-4617-b215-1849cf4fae10",
            "ticker": "HIGHNY-24AUG17-T79",
            "count": 98,
            "created_time": "2024-08-17T13:09:55.469713Z",
            "yes_price": 11,
            "no_price": 89,
            "taker_side": "yes"
        },
        {
            "trade_id": "00465d8f-7c9f-4859-a225-5b516e7ae6e7",
            "ticker": "HIGHNY-24AUG17-T79",
            "count": 144,
            "created_time": "2024-08-17T13:09:55.469713Z",
            "yes_price": 13,
            "no_price": 87,
            "taker_side": "yes"
        },
        {
            "trade_id": "5c5f7888-89c0-48c6-85e8-28e8662a9443",
            "ticker": "HIGHNY-24AUG17-T79",
            "count": 90,
            "created_time": "2024-08-17T03:58:35.581045Z",
            "yes_price": 17,
            "no_price": 83,
            "taker_side": "yes"
        },
        {
            "trade_id": "13ea6d36-bf90-421a-8eab-2b08d547d57c",
            "ticker": "HIGHNY-24AUG17-T79",
            "count": 126,
            "created_time": "2024-08-17T03:19:03.797754Z",
            "yes_price": 16,
            "no_price": 84,
            "taker_side": "yes"
        },
        {
            "trade_id": "4f145b69-0e99-4207-9c47-52d5875cf4ec",
            "ticker": "HIGHNY-24AUG17-T79",
            "count": 3,
            "created_time": "2024-08-16T20:52:33.50998Z",
            "yes_price": 5,
            "no_price": 95,
            "taker_side": "yes"
        },
        {
            "trade_id": "1e158f70-4eea-4117-bd7c-43c26181be17",
            "ticker": "HIGHNY-24AUG17-T79",
            "count": 30,
            "created_time": "2024-08-16T20:52:33.50998Z",
            "yes_price": 5,
            "no_price": 95,
            "taker_side": "yes"
        },
        {
            "trade_id": "5761624f-cc98-499b-a593-95a39fdda505",
            "ticker": "HIGHNY-24AUG17-T79",
            "count": 10,
            "created_time": "2024-08-16T20:17:46.795281Z",
            "yes_price": 2,
            "no_price": 98,
            "taker_side": "no"
        }
    ],
    "HIGHNY-24AUG17-B79.5": [
        {
            "trade_id": "de7af716-7d17-4e9b-863a-b9e70729241b",
            "ticker": "HIGHNY-24AUG17-B79.5",
            "count": 50,
            "created_time": "2024-08-17T22:24:36.214526Z",
            "yes_price": 99,
            "no_price": 1,
            "taker_side": "yes"
        },
        {
            "trade_id": "f6a35cfc-0c0a-4804-bcb7-143f8d588e02",
            "ticker": "HIGHNY-24AUG17-B79.5",
            "count": 15,
            "created_time": "2024-08-17T20:41:40.552237Z",
            "yes_price": 59,
            "no_price": 41,
            "taker_side": "yes"
        },
        {
            "trade_id": "83e0e215-48c7-4a69-9510-0e4dd9338254",
            "ticker": "HIGHNY-24AUG17-B79.5",
            "count": 11,
            "created_time": "2024-08-17T20:41:40.552237Z",
            "yes_price": 54,
            "no_price": 46,
            "taker_side": "yes"
        },
        {
            "trade_id": "7ab0fbcb-1c1e-46ed-8a40-4d99d39be832",
            "ticker": "HIGHNY-24AUG17-B79.5",
            "count": 13,
            "created_time": "2024-08-17T20:41:40.552237Z",
            "yes_price": 56,
            "no_price": 44,
            "taker_side": "yes"
        },
        {
            "trade_id": "29e81a31-03bb-4079-b4c4-c0f564713dfc",
            "ticker": "HIGHNY-24AUG17-B79.5",
            "count": 73,
            "created_time": "2024-08-17T17:54:25.842677Z",
            "yes_price": 82,
            "no_price": 18,
            "taker_side": "yes"
        },
        {
            "trade_id": "69a2801e-c982-476d-8966-7ad084162725",
            "ticker": "HIGHNY-24AUG17-B79.5",
            "count": 9,
            "created_time": "2024-08-17T16:13:08.742658Z",
            "yes_price": 82,
            "no_price": 18,
            "taker_side": "yes"
        },
        {
            "trade_id": "2e6082c7-01d3-4bcf-9950-fffc48d796e3",
            "ticker": "HIGHNY-24AUG17-B79.5",
            "count": 1,
            "created_time": "2024-08-17T16:13:08.742658Z",
            "yes_price": 75,
            "no_price": 25,
            "taker_side": "yes"
        },
        {
            "trade_id": "4a3809ac-5891-4224-9f2e-7487b4b459c9",
            "ticker": "HIGHNY-24AUG17-B79.5",
            "count": 25,
            "created_time": "2024-08-17T15:40:58.496372Z",
            "yes_price": 33,
            "no_price": 67,
            "taker_side": "no"
        },
        {
            "trade_id": "c4d92a7a-7fc7-4c0f-ae59-bfe72a4802a5",
            "ticker": "HIGHNY-24AUG17-B79.5",
            "count": 98,
            "created_time": "2024-08-17T14:42:06.117811Z",
            "yes_price": 51,
            "no_price": 49,
            "taker_side": "no"
        },
        {
            "trade_id": "d82e5abc-ac1d-449f-949e-5446dbb9f26c",
            "ticker": "HIGHNY-24AUG17-B79.5",
            "count": 2,
            "created_time": "2024-08-17T14:41:39.672936Z",
            "yes_price": 51,
            "no_price": 49,
            "taker_side": "no"
        },
        {
            "trade_id": "5764c567-e28a-48f8-93e9-76fd50358b71",
            "ticker": "HIGHNY-24AUG17-B79.5",
            "count": 5,
            "created_time": "2024-08-17T14:34:15.194338Z",
            "yes_price": 74,
            "no_price": 26,
            "taker_side": "yes"
        },
        {
            "trade_id": "cb41000f-066b-4a28-b945-c81c3936e4d0",
            "ticker": "HIGHNY-24AUG17-B79.5",
            "count": 25,
            "created_time": "2024-08-17T14:31:31.277212Z",
            "yes_price": 51,
            "no_price": 49,
            "taker_side": "no"
        },
        {
            "trade_id": "1ba517a2-687c-47e9-94ab-257389e2f100",
            "ticker": "HIGHNY-24AUG17-B79.5",
            "count": 3,
            "created_time": "2024-08-17T13:55:53.218242Z",
            "yes_price": 51,
            "no_price": 49,
            "taker_side": "yes"
        },
        {
            "trade_id": "cb5e3530-a17d-40f3-bbb9-c63e016249ae",
            "ticker": "HIGHNY-24AUG17-B79.5",
            "count": 26,
            "created_time": "2024-08-17T13:54:16.792854Z",
            "yes_price": 46,
            "no_price": 54,
            "taker_side": "yes"
        },
        {
            "trade_id": "6ebe557c-e80c-490e-8123-c0e0e8f77f23",
            "ticker": "HIGHNY-24AUG17-B79.5",
            "count": 45,
            "created_time": "2024-08-17T13:54:16.792854Z",
            "yes_price": 50,
            "no_price": 50,
            "taker_side": "yes"
        },
        {
            "trade_id": "4c5bf6f0-a6ea-4f0f-ad96-9dec569a3857",
            "ticker": "HIGHNY-24AUG17-B79.5",
            "count": 36,
            "created_time": "2024-08-17T13:54:16.792854Z",
            "yes_price": 48,
            "no_price": 52,
            "taker_side": "yes"
        },
        {
            "trade_id": "884830bc-1b3c-470b-8edd-583e62f1d8d7",
            "ticker": "HIGHNY-24AUG17-B79.5",
            "count": 16,
            "created_time": "2024-08-17T13:17:52.605233Z",
            "yes_price": 43,
            "no_price": 57,
            "taker_side": "yes"
        },
        {
            "trade_id": "5e165d0d-5a49-4c08-89f5-796013056afb",
            "ticker": "HIGHNY-24AUG17-B79.5",
            "count": 6,
            "created_time": "2024-08-17T13:17:52.605233Z",
            "yes_price": 45,
            "no_price": 55,
            "taker_side": "yes"
        },
        {
            "trade_id": "942729f8-61f6-4da0-aaa2-171457822ff4",
            "ticker": "HIGHNY-24AUG17-B79.5",
            "count": 2,
            "created_time": "2024-08-17T12:58:24.60098Z",
            "yes_price": 43,
            "no_price": 57,
            "taker_side": "yes"
        },
        {
            "trade_id": "0fb3bc70-c4f5-473b-8a4d-0bcbc8bebc48",
            "ticker": "HIGHNY-24AUG17-B79.5",
            "count": 1,
            "created_time": "2024-08-17T12:39:56.885515Z",
            "yes_price": 43,
            "no_price": 57,
            "taker_side": "yes"
        },
        {
            "trade_id": "e767b8d6-ef60-4551-aff4-0738b292acf0",
            "ticker": "HIGHNY-24AUG17-B79.5",
            "count": 32,
            "created_time": "2024-08-17T12:05:02.186173Z",
            "yes_price": 38,
            "no_price": 62,
            "taker_side": "yes"
        },
        {
            "trade_id": "c4f7fdda-8179-4e48-ad87-f3fb6ef6341c",
            "ticker": "HIGHNY-24AUG17-B79.5",
            "count": 128,
            "created_time": "2024-08-17T12:05:02.186173Z",
            "yes_price": 38,
            "no_price": 62,
            "taker_side": "yes"
        },
        {
            "trade_id": "d172a5ea-a68f-418c-9fe6-2d52a5e122e9",
            "ticker": "HIGHNY-24AUG17-B79.5",
            "count": 90,
            "created_time": "2024-08-17T03:17:48.421075Z",
            "yes_price": 37,
            "no_price": 63,
            "taker_side": "no"
        },
        {
            "trade_id": "29554bef-a9cc-48b7-9b6e-02b16f6b02a3",
            "ticker": "HIGHNY-24AUG17-B79.5",
            "count": 90,
            "created_time": "2024-08-17T03:16:52.278051Z",
            "yes_price": 37,
            "no_price": 63,
            "taker_side": "no"
        },
        {
            "trade_id": "3e1e698f-cda1-4686-a413-b877753839f0",
            "ticker": "HIGHNY-24AUG17-B79.5",
            "count": 18,
            "created_time": "2024-08-17T03:15:43.581032Z",
            "yes_price": 38,
            "no_price": 62,
            "taker_side": "yes"
        },
        {
            "trade_id": "37d765c1-bf8b-4b9f-bf1c-2c5cb8e2aa5a",
            "ticker": "HIGHNY-24AUG17-B79.5",
            "count": 54,
            "created_time": "2024-08-17T03:15:24.844789Z",
            "yes_price": 38,
            "no_price": 62,
            "taker_side": "no"
        },
        {
            "trade_id": "dc13bde1-c8a3-42fc-9bd4-abed6b06d90f",
            "ticker": "HIGHNY-24AUG17-B79.5",
            "count": 90,
            "created_time": "2024-08-17T03:01:39.578733Z",
            "yes_price": 43,
            "no_price": 57,
            "taker_side": "yes"
        },
        {
            "trade_id": "f33d24bf-4beb-4572-bd9a-853c38900680",
            "ticker": "HIGHNY-24AUG17-B79.5",
            "count": 2,
            "created_time": "2024-08-16T19:47:11.499519Z",
            "yes_price": 25,
            "no_price": 75,
            "taker_side": "yes"
        },
        {
            "trade_id": "e8481513-08d1-46c3-9be3-94f5d9b846ae",
            "ticker": "HIGHNY-24AUG17-B79.5",
            "count": 1,
            "created_time": "2024-08-16T17:30:29.947205Z",
            "yes_price": 25,
            "no_price": 75,
            "taker_side": "no"
        },
        {
            "trade_id": "0a607666-edb5-46fd-af8a-0baf2ef8ec07",
            "ticker": "HIGHNY-24AUG17-B79.5",
            "count": 84,
            "created_time": "2024-08-16T16:05:12.074883Z",
            "yes_price": 21,
            "no_price": 79,
            "taker_side": "no"
        },
        {
            "trade_id": "e47e627d-02b0-469c-b4a4-dffdae215d73",
            "ticker": "HIGHNY-24AUG17-B79.5",
            "count": 18,
            "created_time": "2024-08-16T14:42:57.153902Z",
            "yes_price": 23,
            "no_price": 77,
            "taker_side": "yes"
        },
        {
            "trade_id": "94bf4c6c-7ae3-483f-b77b-7719810ff7ff",
            "ticker": "HIGHNY-24AUG17-B79.5",
            "count": 2,
            "created_time": "2024-08-16T14:42:57.153902Z",
            "yes_price": 25,
            "no_price": 75,
            "taker_side": "yes"
        },
        {
            "trade_id": "edfc6f7c-0cd4-4e37-bd0e-27c78ca3c9d4",
            "ticker": "HIGHNY-24AUG17-B79.5",
            "count": 54,
            "created_time": "2024-08-16T14:42:22.13744Z",
            "yes_price": 23,
            "no_price": 77,
            "taker_side": "yes"
        },
        {
            "trade_id": "99555093-e958-4628-823a-adc49d6aadd4",
            "ticker": "HIGHNY-24AUG17-B79.5",
            "count": 25,
            "created_time": "2024-08-16T14:42:22.13744Z",
            "yes_price": 23,
            "no_price": 77,
            "taker_side": "yes"
        },
        {
            "trade_id": "3b121f58-e800-4346-8bd5-87a21bebcb0a",
            "ticker": "HIGHNY-24AUG17-B79.5",
            "count": 3,
            "created_time": "2024-08-16T14:42:22.13744Z",
            "yes_price": 25,
            "no_price": 75,
            "taker_side": "yes"
        },
        {
            "trade_id": "fdb5859e-0dee-4ab2-b1ab-606ee0dd4909",
            "ticker": "HIGHNY-24AUG17-B79.5",
            "count": 54,
            "created_time": "2024-08-16T14:12:54.677423Z",
            "yes_price": 21,
            "no_price": 79,
            "taker_side": "yes"
        },
        {
            "trade_id": "f0c5a220-3c15-4e23-8c07-afe6b1323f1f",
            "ticker": "HIGHNY-24AUG17-B79.5",
            "count": 180,
            "created_time": "2024-08-16T14:12:54.677423Z",
            "yes_price": 24,
            "no_price": 76,
            "taker_side": "yes"
        },
        {
            "trade_id": "5baae9e9-0412-4de8-ae8a-3040312b3aec",
            "ticker": "HIGHNY-24AUG17-B79.5",
            "count": 180,
            "created_time": "2024-08-16T14:12:54.677423Z",
            "yes_price": 23,
            "no_price": 77,
            "taker_side": "yes"
        }
    ],
    "HIGHNY-24AUG17-B81.5": [
        {
            "trade_id": "d726dcf1-3c65-4a60-9d03-2dcfb01ae852",
            "ticker": "HIGHNY-24AUG17-B81.5",
            "count": 50,
            "created_time": "2024-08-17T22:24:39.536034Z",
            "yes_price": 1,
            "no_price": 99,
            "taker_side": "no"
        },
        {
            "trade_id": "d55b93c5-d896-4dfb-a0ee-d835c10c3eda",
            "ticker": "HIGHNY-24AUG17-B81.5",
            "count": 90,
            "created_time": "2024-08-17T22:24:39.536034Z",
            "yes_price": 1,
            "no_price": 99,
            "taker_side": "no"
        },
        {
            "trade_id": "0f278c51-3004-46bb-be23-5756595bc6ec",
            "ticker": "HIGHNY-24AUG17-B81.5",
            "count": 2,
            "created_time": "2024-08-17T17:08:58.289334Z",
            "yes_price": 52,
            "no_price": 48,
            "taker_side": "yes"
        },
        {
            "trade_id": "7a5a3b28-ec97-4552-823b-ff263a3cdea2",
            "ticker": "HIGHNY-24AUG17-B81.5",
            "count": 18,
            "created_time": "2024-08-17T16:38:16.194179Z",
            "yes_price": 52,
            "no_price": 48,
            "taker_side": "yes"
        },
        {
            "trade_id": "aeef2331-bd49-4094-97c8-6d37d07201fb",
            "ticker": "HIGHNY-24AUG17-B81.5",
            "count": 34,
            "created_time": "2024-08-17T15:57:00.398775Z",
            "yes_price": 30,
            "no_price": 70,
            "taker_side": "no"
        },
        {
            "trade_id": "8ebb8f05-c62e-4f5f-b9fc-b33f79173467",
            "ticker": "HIGHNY-24AUG17-B81.5",
            "count": 27,
            "created_time": "2024-08-17T15:57:00.398775Z",
            "yes_price": 33,
            "no_price": 67,
            "taker_side": "no"
        },
        {
            "trade_id": "7466f132-8fde-4bf0-8636-7fd314876d93",
            "ticker": "HIGHNY-24AUG17-B81.5",
            "count": 20,
            "created_time": "2024-08-17T15:57:00.398775Z",
            "yes_price": 36,
            "no_price": 64,
            "taker_side": "no"
        },
        {
            "trade_id": "29be3866-15c9-4fd4-925f-55876f9ce173",
            "ticker": "HIGHNY-24AUG17-B81.5",
            "count": 1,
            "created_time": "2024-08-17T15:57:00.398775Z",
            "yes_price": 30,
            "no_price": 70,
            "taker_side": "no"
        },
        {
            "trade_id": "ed64ff50-e33c-4223-a335-b82de6c76903",
            "ticker": "HIGHNY-24AUG17-B81.5",
            "count": 3,
            "created_time": "2024-08-17T15:51:48.438317Z",
            "yes_price": 52,
            "no_price": 48,
            "taker_side": "yes"
        },
        {
            "trade_id": "f9fe0f0f-c691-4d3d-944d-8c23982569de",
            "ticker": "HIGHNY-24AUG17-B81.5",
            "count": 5,
            "created_time": "2024-08-17T14:34:15.262375Z",
            "yes_price": 36,
            "no_price": 64,
            "taker_side": "no"
        },
        {
            "trade_id": "c72c441f-64e5-43d7-958c-0805ede6daf4",
            "ticker": "HIGHNY-24AUG17-B81.5",
            "count": 25,
            "created_time": "2024-08-17T14:31:31.278257Z",
            "yes_price": 36,
            "no_price": 64,
            "taker_side": "no"
        },
        {
            "trade_id": "5d32f929-dbb7-4ee9-ad94-7ffb2daf1ade",
            "ticker": "HIGHNY-24AUG17-B81.5",
            "count": 9,
            "created_time": "2024-08-17T14:31:06.674806Z",
            "yes_price": 36,
            "no_price": 64,
            "taker_side": "no"
        },
        {
            "trade_id": "e673f21d-4e26-4489-8180-27fe91dd65f1",
            "ticker": "HIGHNY-24AUG17-B81.5",
            "count": 20,
            "created_time": "2024-08-17T13:17:27.705179Z",
            "yes_price": 47,
            "no_price": 53,
            "taker_side": "yes"
        },
        {
            "trade_id": "bf6dccf4-384c-41fd-92ca-d11abc3a452d",
            "ticker": "HIGHNY-24AUG17-B81.5",
            "count": 2,
            "created_time": "2024-08-17T13:10:56.124906Z",
            "yes_price": 47,
            "no_price": 53,
            "taker_side": "yes"
        },
        {
            "trade_id": "b34efc18-27e6-4beb-9809-f19a93a9b696",
            "ticker": "HIGHNY-24AUG17-B81.5",
            "count": 1,
            "created_time": "2024-08-17T12:58:31.400051Z",
            "yes_price": 52,
            "no_price": 48,
            "taker_side": "yes"
        },
        {
            "trade_id": "ec954434-367c-4979-b44d-ab0eb198d198",
            "ticker": "HIGHNY-24AUG17-B81.5",
            "count": 36,
            "created_time": "2024-08-17T12:05:02.240627Z",
            "yes_price": 49,
            "no_price": 51,
            "taker_side": "no"
        },
        {
            "trade_id": "5b55c732-c8c8-4be6-ae0b-9c770ccc4c7a",
            "ticker": "HIGHNY-24AUG17-B81.5",
            "count": 103,
            "created_time": "2024-08-17T12:05:02.240627Z",
            "yes_price": 47,
            "no_price": 53,
            "taker_side": "no"
        },
        {
            "trade_id": "9e276b63-0f3a-474d-bba7-983cb511e59b",
            "ticker": "HIGHNY-24AUG17-B81.5",
            "count": 74,
            "created_time": "2024-08-17T03:17:55.643552Z",
            "yes_price": 36,
            "no_price": 64,
            "taker_side": "yes"
        },
        {
            "trade_id": "8b541c20-c7d1-4020-87ad-05677636256e",
            "ticker": "HIGHNY-24AUG17-B81.5",
            "count": 36,
            "created_time": "2024-08-17T03:17:55.643552Z",
            "yes_price": 41,
            "no_price": 59,
            "taker_side": "yes"
        },
        {
            "trade_id": "311b0381-3272-4c80-80ae-0912796af719",
            "ticker": "HIGHNY-24AUG17-B81.5",
            "count": 162,
            "created_time": "2024-08-17T03:17:55.643552Z",
            "yes_price": 44,
            "no_price": 56,
            "taker_side": "yes"
        },
        {
            "trade_id": "e65392b8-8b64-40f5-851b-86b788ce7dbf",
            "ticker": "HIGHNY-24AUG17-B81.5",
            "count": 90,
            "created_time": "2024-08-17T03:17:26.140182Z",
            "yes_price": 35,
            "no_price": 65,
            "taker_side": "no"
        },
        {
            "trade_id": "90193087-beb4-404f-aa4c-1384f9ec1857",
            "ticker": "HIGHNY-24AUG17-B81.5",
            "count": 54,
            "created_time": "2024-08-17T03:17:03.666712Z",
            "yes_price": 36,
            "no_price": 64,
            "taker_side": "yes"
        },
        {
            "trade_id": "ff5a4da8-5e67-4278-aa14-169ddac28ddd",
            "ticker": "HIGHNY-24AUG17-B81.5",
            "count": 36,
            "created_time": "2024-08-17T03:15:33.438314Z",
            "yes_price": 36,
            "no_price": 64,
            "taker_side": "yes"
        },
        {
            "trade_id": "6704c0ee-1a25-4278-9aa6-8f861ef28888",
            "ticker": "HIGHNY-24AUG17-B81.5",
            "count": 36,
            "created_time": "2024-08-17T03:15:11.617006Z",
            "yes_price": 36,
            "no_price": 64,
            "taker_side": "no"
        },
        {
            "trade_id": "3a5a2596-e770-4950-85fc-159f6b047637",
            "ticker": "HIGHNY-24AUG17-B81.5",
            "count": 90,
            "created_time": "2024-08-16T21:25:13.44541Z",
            "yes_price": 44,
            "no_price": 56,
            "taker_side": "yes"
        },
        {
            "trade_id": "14b287ee-bf23-4eed-abe8-822438af8cdc",
            "ticker": "HIGHNY-24AUG17-B81.5",
            "count": 123,
            "created_time": "2024-08-16T21:25:13.44541Z",
            "yes_price": 46,
            "no_price": 54,
            "taker_side": "yes"
        },
        {
            "trade_id": "d2b54c7b-8e04-439c-b2ca-94f3d350f528",
            "ticker": "HIGHNY-24AUG17-B81.5",
            "count": 90,
            "created_time": "2024-08-16T20:19:55.87495Z",
            "yes_price": 39,
            "no_price": 61,
            "taker_side": "no"
        },
        {
            "trade_id": "e21e71cc-9f55-4a92-8467-fe70c9852dc9",
            "ticker": "HIGHNY-24AUG17-B81.5",
            "count": 1,
            "created_time": "2024-08-16T18:34:42.715631Z",
            "yes_price": 39,
            "no_price": 61,
            "taker_side": "no"
        },
        {
            "trade_id": "df3ef168-3a4b-48d5-9ead-a4245f27c05b",
            "ticker": "HIGHNY-24AUG17-B81.5",
            "count": 21,
            "created_time": "2024-08-16T18:25:51.374434Z",
            "yes_price": 44,
            "no_price": 56,
            "taker_side": "yes"
        },
        {
            "trade_id": "c3131170-b430-48d2-a63f-80a0c10e6de5",
            "ticker": "HIGHNY-24AUG17-B81.5",
            "count": 21,
            "created_time": "2024-08-16T18:25:40.827384Z",
            "yes_price": 44,
            "no_price": 56,
            "taker_side": "yes"
        },
        {
            "trade_id": "e1a60dfa-7cbc-48c5-b773-1ade39d5dd29",
            "ticker": "HIGHNY-24AUG17-B81.5",
            "count": 21,
            "created_time": "2024-08-16T18:24:37.017379Z",
            "yes_price": 44,
            "no_price": 56,
            "taker_side": "yes"
        },
        {
            "trade_id": "79ac7910-d307-40b8-ae64-ddd8e633f182",
            "ticker": "HIGHNY-24AUG17-B81.5",
            "count": 1,
            "created_time": "2024-08-16T17:30:30.29801Z",
            "yes_price": 42,
            "no_price": 58,
            "taker_side": "no"
        },
        {
            "trade_id": "debd0a87-7230-4eb4-a018-0cd38f9d1f19",
            "ticker": "HIGHNY-24AUG17-B81.5",
            "count": 10,
            "created_time": "2024-08-16T16:54:32.044227Z",
            "yes_price": 47,
            "no_price": 53,
            "taker_side": "yes"
        },
        {
            "trade_id": "68ec04c5-3346-4871-9f2b-56e382a55eeb",
            "ticker": "HIGHNY-24AUG17-B81.5",
            "count": 180,
            "created_time": "2024-08-16T15:09:10.87253Z",
            "yes_price": 44,
            "no_price": 56,
            "taker_side": "yes"
        },
        {
            "trade_id": "5b65e74f-2da7-4740-836b-7af03d6884a3",
            "ticker": "HIGHNY-24AUG17-B81.5",
            "count": 36,
            "created_time": "2024-08-16T15:09:10.87253Z",
            "yes_price": 41,
            "no_price": 59,
            "taker_side": "yes"
        },
        {
            "trade_id": "4b25e8b4-33a4-4d77-888e-8cb0ff864dac",
            "ticker": "HIGHNY-24AUG17-B81.5",
            "count": 154,
            "created_time": "2024-08-16T15:09:10.87253Z",
            "yes_price": 46,
            "no_price": 54,
            "taker_side": "yes"
        },
        {
            "trade_id": "c7d39fce-94b9-41d1-8bd7-4cdd2bc4e6be",
            "ticker": "HIGHNY-24AUG17-B81.5",
            "count": 172,
            "created_time": "2024-08-16T14:58:42.063742Z",
            "yes_price": 40,
            "no_price": 60,
            "taker_side": "no"
        },
        {
            "trade_id": "42bd5d58-b04c-412b-90d3-67f2110beb05",
            "ticker": "HIGHNY-24AUG17-B81.5",
            "count": 18,
            "created_time": "2024-08-16T14:58:42.063742Z",
            "yes_price": 44,
            "no_price": 56,
            "taker_side": "no"
        },
        {
            "trade_id": "1cd52e03-1c58-4d95-968d-6c736119efa5",
            "ticker": "HIGHNY-24AUG17-B81.5",
            "count": 180,
            "created_time": "2024-08-16T14:58:42.063742Z",
            "yes_price": 42,
            "no_price": 58,
            "taker_side": "no"
        },
        {
            "trade_id": "541fc1bd-cf70-4c3f-b58b-dc3b97363ec3",
            "ticker": "HIGHNY-24AUG17-B81.5",
            "count": 9,
            "created_time": "2024-08-16T14:55:26.57417Z",
            "yes_price": 49,
            "no_price": 51,
            "taker_side": "yes"
        },
        {
            "trade_id": "a737b792-2f8e-46bd-90ea-ea835d7ad58f",
            "ticker": "HIGHNY-24AUG17-B81.5",
            "count": 22,
            "created_time": "2024-08-16T14:42:31.358567Z",
            "yes_price": 48,
            "no_price": 52,
            "taker_side": "yes"
        },
        {
            "trade_id": "4875b851-e99a-411a-81a8-215d322775a6",
            "ticker": "HIGHNY-24AUG17-B81.5",
            "count": 18,
            "created_time": "2024-08-16T14:42:31.358567Z",
            "yes_price": 46,
            "no_price": 54,
            "taker_side": "yes"
        },
        {
            "trade_id": "e1744120-44ec-4e84-ac54-6ab8eb26a832",
            "ticker": "HIGHNY-24AUG17-B81.5",
            "count": 41,
            "created_time": "2024-08-16T14:42:02.061243Z",
            "yes_price": 46,
            "no_price": 54,
            "taker_side": "yes"
        },
        {
            "trade_id": "7226117c-8628-4b05-aabe-1b2f46e29e84",
            "ticker": "HIGHNY-24AUG17-B81.5",
            "count": 36,
            "created_time": "2024-08-16T14:41:29.925Z",
            "yes_price": 44,
            "no_price": 56,
            "taker_side": "yes"
        },
        {
            "trade_id": "44907851-685c-4793-a45b-acdd75dd48e4",
            "ticker": "HIGHNY-24AUG17-B81.5",
            "count": 174,
            "created_time": "2024-08-16T14:41:29.925Z",
            "yes_price": 46,
            "no_price": 54,
            "taker_side": "yes"
        },
        {
            "trade_id": "45fa0a76-64dc-4f03-9394-654fd8de9c15",
            "ticker": "HIGHNY-24AUG17-B81.5",
            "count": 90,
            "created_time": "2024-08-16T14:31:53.050315Z",
            "yes_price": 40,
            "no_price": 60,
            "taker_side": "yes"
        },
        {
            "trade_id": "0a85e995-cd57-47ef-a52a-cb6e4676d098",
            "ticker": "HIGHNY-24AUG17-B81.5",
            "count": 56,
            "created_time": "2024-08-16T14:31:53.050315Z",
            "yes_price": 38,
            "no_price": 62,
            "taker_side": "yes"
        },
        {
            "trade_id": "c5323550-7868-495d-8506-fae819cc8b65",
            "ticker": "HIGHNY-24AUG17-B81.5",
            "count": 25,
            "created_time": "2024-08-16T14:31:34.298258Z",
            "yes_price": 38,
            "no_price": 62,
            "taker_side": "yes"
        },
        {
            "trade_id": "63492e59-d1a8-485f-b72c-b957e3c720e0",
            "ticker": "HIGHNY-24AUG17-B81.5",
            "count": 108,
            "created_time": "2024-08-16T14:31:10.233397Z",
            "yes_price": 36,
            "no_price": 64,
            "taker_side": "yes"
        },
        {
            "trade_id": "4ac15390-ee27-4347-b072-76077cefd84c",
            "ticker": "HIGHNY-24AUG17-B81.5",
            "count": 99,
            "created_time": "2024-08-16T14:31:10.233397Z",
            "yes_price": 38,
            "no_price": 62,
            "taker_side": "yes"
        },
        {
            "trade_id": "a14f832e-8257-4ba7-af33-339e3c61c3c7",
            "ticker": "HIGHNY-24AUG17-B81.5",
            "count": 27,
            "created_time": "2024-08-16T14:30:49.053711Z",
            "yes_price": 35,
            "no_price": 65,
            "taker_side": "yes"
        },
        {
            "trade_id": "a9980419-520b-409e-86b5-8d166d4308fa",
            "ticker": "HIGHNY-24AUG17-B81.5",
            "count": 3,
            "created_time": "2024-08-16T14:15:26.234654Z",
            "yes_price": 36,
            "no_price": 64,
            "taker_side": "yes"
        }
    ],
    "HIGHNY-24AUG17-B83.5": [
        {
            "trade_id": "93e65e0b-0a9e-4b17-9569-30eb24d64b9d",
            "ticker": "HIGHNY-24AUG17-B83.5",
            "count": 225,
            "created_time": "2024-08-17T14:31:56.986268Z",
            "yes_price": 4,
            "no_price": 96,
            "taker_side": "no"
        },
        {
            "trade_id": "66e0a279-1e6e-4ac0-80e7-ee1b06aa15ce",
            "ticker": "HIGHNY-24AUG17-B83.5",
            "count": 50,
            "created_time": "2024-08-17T14:31:56.986268Z",
            "yes_price": 1,
            "no_price": 99,
            "taker_side": "no"
        },
        {
            "trade_id": "3ac7e068-5a1e-4ef4-8a41-f9f268b2b4aa",
            "ticker": "HIGHNY-24AUG17-B83.5",
            "count": 25,
            "created_time": "2024-08-17T14:31:31.272423Z",
            "yes_price": 4,
            "no_price": 96,
            "taker_side": "no"
        },
        {
            "trade_id": "70e7d3e5-abe9-48ba-9819-6f2a18bcd009",
            "ticker": "HIGHNY-24AUG17-B83.5",
            "count": 25,
            "created_time": "2024-08-17T14:10:05.892887Z",
            "yes_price": 5,
            "no_price": 95,
            "taker_side": "no"
        },
        {
            "trade_id": "0b03a185-36ec-4b45-8a6c-93907aba3c9a",
            "ticker": "HIGHNY-24AUG17-B83.5",
            "count": 37,
            "created_time": "2024-08-17T13:34:11.188881Z",
            "yes_price": 5,
            "no_price": 95,
            "taker_side": "no"
        },
        {
            "trade_id": "4e80fab8-7e13-4928-85e5-a30566a2cfa4",
            "ticker": "HIGHNY-24AUG17-B83.5",
            "count": 7,
            "created_time": "2024-08-17T12:58:37.452669Z",
            "yes_price": 12,
            "no_price": 88,
            "taker_side": "yes"
        },
        {
            "trade_id": "fa48176c-acc9-4307-8698-87f685002eaf",
            "ticker": "HIGHNY-24AUG17-B83.5",
            "count": 180,
            "created_time": "2024-08-17T03:30:37.373828Z",
            "yes_price": 16,
            "no_price": 84,
            "taker_side": "yes"
        },
        {
            "trade_id": "424cdf7e-c0a2-4eb4-867e-f34357e41294",
            "ticker": "HIGHNY-24AUG17-B83.5",
            "count": 18,
            "created_time": "2024-08-17T03:30:37.373828Z",
            "yes_price": 15,
            "no_price": 85,
            "taker_side": "yes"
        },
        {
            "trade_id": "0d245bb7-e784-4bdf-9aa0-5e1bdaee8d39",
            "ticker": "HIGHNY-24AUG17-B83.5",
            "count": 54,
            "created_time": "2024-08-17T03:19:15.817647Z",
            "yes_price": 15,
            "no_price": 85,
            "taker_side": "yes"
        },
        {
            "trade_id": "33954587-cf65-45e7-9b00-3f6300672201",
            "ticker": "HIGHNY-24AUG17-B83.5",
            "count": 1,
            "created_time": "2024-08-17T02:24:30.860522Z",
            "yes_price": 16,
            "no_price": 84,
            "taker_side": "no"
        },
        {
            "trade_id": "5f235334-d08c-4b5f-be1e-f7fc5864e613",
            "ticker": "HIGHNY-24AUG17-B83.5",
            "count": 59,
            "created_time": "2024-08-16T18:22:21.477036Z",
            "yes_price": 28,
            "no_price": 72,
            "taker_side": "yes"
        },
        {
            "trade_id": "ccb63d4b-bd2b-4df6-9b38-5e480e192931",
            "ticker": "HIGHNY-24AUG17-B83.5",
            "count": 36,
            "created_time": "2024-08-16T18:21:39.236159Z",
            "yes_price": 27,
            "no_price": 73,
            "taker_side": "yes"
        },
        {
            "trade_id": "cf3eb474-f708-40c7-a20a-6ae6392d90a5",
            "ticker": "HIGHNY-24AUG17-B83.5",
            "count": 180,
            "created_time": "2024-08-16T18:21:26.948793Z",
            "yes_price": 27,
            "no_price": 73,
            "taker_side": "yes"
        },
        {
            "trade_id": "77bb0009-a4a7-4238-98c1-3cba8e40b547",
            "ticker": "HIGHNY-24AUG17-B83.5",
            "count": 90,
            "created_time": "2024-08-16T18:21:26.948793Z",
            "yes_price": 25,
            "no_price": 75,
            "taker_side": "yes"
        },
        {
            "trade_id": "ecdd2cdd-6627-4188-8ee5-e89dca7ed304",
            "ticker": "HIGHNY-24AUG17-B83.5",
            "count": 126,
            "created_time": "2024-08-16T18:19:24.08939Z",
            "yes_price": 24,
            "no_price": 76,
            "taker_side": "yes"
        },
        {
            "trade_id": "8d39b21b-d6a5-4d9f-966e-b024507315e7",
            "ticker": "HIGHNY-24AUG17-B83.5",
            "count": 54,
            "created_time": "2024-08-16T18:19:24.08939Z",
            "yes_price": 22,
            "no_price": 78,
            "taker_side": "yes"
        },
        {
            "trade_id": "79abfd69-7a86-42f1-8157-81b53e777c44",
            "ticker": "HIGHNY-24AUG17-B83.5",
            "count": 126,
            "created_time": "2024-08-16T15:35:29.227676Z",
            "yes_price": 24,
            "no_price": 76,
            "taker_side": "yes"
        },
        {
            "trade_id": "5f3cd487-d384-4008-b348-7dd894634a96",
            "ticker": "HIGHNY-24AUG17-B83.5",
            "count": 149,
            "created_time": "2024-08-16T15:35:29.227676Z",
            "yes_price": 26,
            "no_price": 74,
            "taker_side": "yes"
        },
        {
            "trade_id": "1b16947b-d3f7-4b49-95aa-8bfe0d2fe39f",
            "ticker": "HIGHNY-24AUG17-B83.5",
            "count": 3,
            "created_time": "2024-08-16T14:15:31.202051Z",
            "yes_price": 30,
            "no_price": 70,
            "taker_side": "yes"
        }
    ],
    "HIGHNY-24AUG17-B85.5": [
        {
            "trade_id": "76ce93c6-7b90-4712-b7a5-3e30a2f23195",
            "ticker": "HIGHNY-24AUG17-B85.5",
            "count": 50,
            "created_time": "2024-08-17T13:54:25.141996Z",
            "yes_price": 1,
            "no_price": 99,
            "taker_side": "no"
        },
        {
            "trade_id": "12468151-c416-4b37-ab88-62916b7d1ff8",
            "ticker": "HIGHNY-24AUG17-B85.5",
            "count": 1,
            "created_time": "2024-08-16T22:52:31.193737Z",
            "yes_price": 2,
            "no_price": 98,
            "taker_side": "no"
        }
    ],
    "HIGHNY-24AUG17-T86": [
        {
            "trade_id": "b2a6d0d5-cd38-48b7-b64b-5f69c8713bb3",
            "ticker": "HIGHNY-24AUG17-T86",
            "count": 50,
            "created_time": "2024-08-16T22:50:47.221464Z",
            "yes_price": 1,
            "no_price": 99,
            "taker_side": "no"
        }
    ]
}