{
    "HIGHNY-24MAY08-T76": [
        {
            "trade_id": "a8a5a926-ee27-4bbb-a324-22771413adf5",
            "ticker": "HIGHNY-24MAY08-T76",
            "count": 465,
            "created_time": "2024-05-09T01:44:35.338815Z",
            "yes_price": 1,
            "no_price": 99,
            "taker_side": "yes"
        },
        {
            "trade_id": "8cda46f7-5c49-4e62-b12f-82148018d3aa",
            "ticker": "HIGHNY-24MAY08-T76",
            "count": 1,
            "created_time": "2024-05-09T01:44:35.338815Z",
            "yes_price": 1,
            "no_price": 99,
            "taker_side": "yes"
        },
        {
            "trade_id": "d79ab84b-f2d0-45ed-93d0-b86f809faef3",
            "ticker": "HIGHNY-24MAY08-T76",
            "count": 5,
            "created_time": "2024-05-08T13:46:09.236108Z",
            "yes_price": 1,
            "no_price": 99,
            "taker_side": "yes"
        }
    ],
    "HIGHNY-24MAY08-B76.5": [
        {
            "trade_id": "89f97449-0a4c-448a-b9c8-a231c0b63a4a",
            "ticker": "HIGHNY-24MAY08-B76.5",
            "count": 467,
            "created_time": "2024-05-09T01:45:31.786233Z",
            "yes_price": 1,
            "no_price": 99,
            "taker_side": "yes"
        },
        {
            "trade_id": "5a2d5ff2-1f8e-4264-a927-5cb447e16e63",
            "ticker": "HIGHNY-24MAY08-B76.5",
            "count": 5,
            "created_time": "2024-05-08T13:45:59.529371Z",
            "yes_price": 1,
            "no_price": 99,
            "taker_side": "yes"
        }
    ],
    "HIGHNY-24MAY08-B78.5": [
        {
            "trade_id": "9d1e0063-8d6b-4407-84fb-50f49f38180a",
            "ticker": "HIGHNY-24MAY08-B78.5",
            "count": 187,
            "created_time": "2024-05-09T01:40:20.866341Z",
            "yes_price": 1,
            "no_price": 99,
            "taker_side": "yes"
        },
        {
            "trade_id": "17c0b068-d8ee-4838-970d-5f37f6f4b380",
            "ticker": "HIGHNY-24MAY08-B78.5",
            "count": 5,
            "created_time": "2024-05-08T13:44:38.697154Z",
            "yes_price": 1,
            "no_price": 99,
            "taker_side": "yes"
        },
        {
            "trade_id": "6da36581-7168-47a3-96c5-7d5da8e401e8",
            "ticker": "HIGHNY-24MAY08-B78.5",
            "count": 9,
            "created_time": "2024-05-07T19:56:25.184305Z",
            "yes_price": 37,
            "no_price": 63,
            "taker_side": "no"
        },
        {
            "trade_id": "89333c29-b436-4035-9877-f8a84fbbae4e",
            "ticker": "HIGHNY-24MAY08-B78.5",
            "count": 1,
            "created_time": "2024-05-07T19:56:23.547543Z",
            "yes_price": 37,
            "no_price": 63,
            "taker_side": "no"
        },
        {
            "trade_id": "b35f7c4e-5a72-4186-8970-96f31afcb4fd",
            "ticker": "HIGHNY-24MAY08-B78.5",
            "count": 8,
            "created_time": "2024-05-07T14:12:22.827562Z",
            "yes_price": 12,
            "no_price": 88,
            "taker_side": "yes"
        },
        {
            "trade_id": "926bb974-9dba-4b09-bab5-80802209d496",
            "ticker": "HIGHNY-24MAY08-B78.5",
            "count": 3,
            "created_time": "2024-05-07T14:12:22.827562Z",
            "yes_price": 12,
            "no_price": 88,
            "taker_side": "yes"
        }
    ],
    "HIGHNY-24MAY08-B80.5": [
        {
            "trade_id": "a759e187-b006-4210-8e4a-e0d0fcb3ea84",
            "ticker": "HIGHNY-24MAY08-B80.5",
            "count": 100,
            "created_time": "2024-05-08T13:53:54.882854Z",
            "yes_price": 1,
            "no_price": 99,
            "taker_side": "no"
        },
        {
            "trade_id": "1c57d751-117b-4b3d-9357-a954e1796872",
            "ticker": "HIGHNY-24MAY08-B80.5",
            "count": 5,
            "created_time": "2024-05-08T13:44:26.904804Z",
            "yes_price": 1,
            "no_price": 99,
            "taker_side": "yes"
        },
        {
            "trade_id": "fbac850c-34c6-4a0e-bf41-e9b3ac939a1d",
            "ticker": "HIGHNY-24MAY08-B80.5",
            "count": 82,
            "created_time": "2024-05-08T03:31:56.129557Z",
            "yes_price": 12,
            "no_price": 88,
            "taker_side": "no"
        },
        {
            "trade_id": "dc671995-40cd-417b-b7fe-15013ff21348",
            "ticker": "HIGHNY-24MAY08-B80.5",
            "count": 51,
            "created_time": "2024-05-07T23:08:07.551072Z",
            "yes_price": 25,
            "no_price": 75,
            "taker_side": "yes"
        },
        {
            "trade_id": "a7eaee8b-c3f1-4899-9af2-e4843fe96540",
            "ticker": "HIGHNY-24MAY08-B80.5",
            "count": 27,
            "created_time": "2024-05-07T23:08:07.551072Z",
            "yes_price": 23,
            "no_price": 77,
            "taker_side": "yes"
        },
        {
            "trade_id": "a3c5d4af-10ec-46af-acb7-55f3e49df23c",
            "ticker": "HIGHNY-24MAY08-B80.5",
            "count": 22,
            "created_time": "2024-05-07T21:26:18.330337Z",
            "yes_price": 21,
            "no_price": 79,
            "taker_side": "yes"
        },
        {
            "trade_id": "eb70f29b-d01a-4f3c-9f13-4f9835fe2cbe",
            "ticker": "HIGHNY-24MAY08-B80.5",
            "count": 47,
            "created_time": "2024-05-07T21:24:53.938286Z",
            "yes_price": 20,
            "no_price": 80,
            "taker_side": "yes"
        },
        {
            "trade_id": "971046ba-0507-4a81-9dd7-7a0f559dff93",
            "ticker": "HIGHNY-24MAY08-B80.5",
            "count": 76,
            "created_time": "2024-05-07T20:53:21.16461Z",
            "yes_price": 20,
            "no_price": 80,
            "taker_side": "yes"
        },
        {
            "trade_id": "8df71fd8-1cde-4908-be2e-158ade336057",
            "ticker": "HIGHNY-24MAY08-B80.5",
            "count": 44,
            "created_time": "2024-05-07T20:53:21.16461Z",
            "yes_price": 17,
            "no_price": 83,
            "taker_side": "yes"
        },
        {
            "trade_id": "60eb9dd4-c1ab-4f17-85aa-ee5aeb65af74",
            "ticker": "HIGHNY-24MAY08-B80.5",
            "count": 115,
            "created_time": "2024-05-07T20:53:21.16461Z",
            "yes_price": 19,
            "no_price": 81,
            "taker_side": "yes"
        },
        {
            "trade_id": "13187cdf-eb61-4a2a-b6ae-cd51085c486e",
            "ticker": "HIGHNY-24MAY08-B80.5",
            "count": 15,
            "created_time": "2024-05-07T20:53:21.16461Z",
            "yes_price": 18,
            "no_price": 82,
            "taker_side": "yes"
        },
        {
            "trade_id": "d0a81672-f5ff-4abb-a168-98c0b3114f24",
            "ticker": "HIGHNY-24MAY08-B80.5",
            "count": 10,
            "created_time": "2024-05-07T20:31:24.082498Z",
            "yes_price": 19,
            "no_price": 81,
            "taker_side": "no"
        },
        {
            "trade_id": "26ed49be-a74e-4773-8c26-de6fdf0f5acc",
            "ticker": "HIGHNY-24MAY08-B80.5",
            "count": 9,
            "created_time": "2024-05-07T19:56:25.094893Z",
            "yes_price": 19,
            "no_price": 81,
            "taker_side": "no"
        },
        {
            "trade_id": "02d8953d-4ecc-4b1d-8af0-2256e7431917",
            "ticker": "HIGHNY-24MAY08-B80.5",
            "count": 1,
            "created_time": "2024-05-07T19:56:23.54633Z",
            "yes_price": 19,
            "no_price": 81,
            "taker_side": "no"
        },
        {
            "trade_id": "c8c449b0-40c7-46c1-a46d-fe7da44a4b17",
            "ticker": "HIGHNY-24MAY08-B80.5",
            "count": 3,
            "created_time": "2024-05-07T14:12:22.937182Z",
            "yes_price": 17,
            "no_price": 83,
            "taker_side": "yes"
        },
        {
            "trade_id": "b5143fa9-5e70-41ec-ba7b-e7223994ee4d",
            "ticker": "HIGHNY-24MAY08-B80.5",
            "count": 8,
            "created_time": "2024-05-07T14:12:22.937182Z",
            "yes_price": 17,
            "no_price": 83,
            "taker_side": "yes"
        }
    ],
    "HIGHNY-24MAY08-B82.5": [
        {
            "trade_id": "27318fc5-babf-4606-85d2-5e428bf041f5",
            "ticker": "HIGHNY-24MAY08-B82.5",
            "count": 4,
            "created_time": "2024-05-08T22:49:00.416471Z",
            "yes_price": 1,
            "no_price": 99,
            "taker_side": "no"
        },
        {
            "trade_id": "6a46917a-41c3-40b4-8cc5-8e9de4b1bebf",
            "ticker": "HIGHNY-24MAY08-B82.5",
            "count": 237,
            "created_time": "2024-05-08T21:32:04.396661Z",
            "yes_price": 3,
            "no_price": 97,
            "taker_side": "yes"
        },
        {
            "trade_id": "f013e2c7-2797-4e80-aec7-126c166d9f76",
            "ticker": "HIGHNY-24MAY08-B82.5",
            "count": 4,
            "created_time": "2024-05-08T20:54:39.11608Z",
            "yes_price": 2,
            "no_price": 98,
            "taker_side": "yes"
        },
        {
            "trade_id": "c3b09fcb-bd16-4e7e-b9f8-711103d73fd4",
            "ticker": "HIGHNY-24MAY08-B82.5",
            "count": 50,
            "created_time": "2024-05-08T20:38:43.78823Z",
            "yes_price": 2,
            "no_price": 98,
            "taker_side": "no"
        },
        {
            "trade_id": "7e77e0d7-d8d9-4293-9fa2-2491d376ad89",
            "ticker": "HIGHNY-24MAY08-B82.5",
            "count": 449,
            "created_time": "2024-05-08T20:38:43.78823Z",
            "yes_price": 1,
            "no_price": 99,
            "taker_side": "no"
        },
        {
            "trade_id": "e82eba1a-1272-45ab-b88e-1533417150aa",
            "ticker": "HIGHNY-24MAY08-B82.5",
            "count": 300,
            "created_time": "2024-05-08T20:33:53.31382Z",
            "yes_price": 3,
            "no_price": 97,
            "taker_side": "no"
        },
        {
            "trade_id": "d9a6b912-a907-4ba2-91b5-13934ebb6edd",
            "ticker": "HIGHNY-24MAY08-B82.5",
            "count": 144,
            "created_time": "2024-05-08T20:33:53.31382Z",
            "yes_price": 3,
            "no_price": 97,
            "taker_side": "no"
        },
        {
            "trade_id": "6a72f260-cf59-4068-b726-1bd9e1b5b64b",
            "ticker": "HIGHNY-24MAY08-B82.5",
            "count": 10,
            "created_time": "2024-05-08T19:17:43.842737Z",
            "yes_price": 5,
            "no_price": 95,
            "taker_side": "no"
        },
        {
            "trade_id": "6f8d5798-74c4-47ea-9023-447f27aa0622",
            "ticker": "HIGHNY-24MAY08-B82.5",
            "count": 1,
            "created_time": "2024-05-08T19:15:32.932095Z",
            "yes_price": 5,
            "no_price": 95,
            "taker_side": "no"
        },
        {
            "trade_id": "de77996b-8653-4206-b0f5-abddcebda97e",
            "ticker": "HIGHNY-24MAY08-B82.5",
            "count": 93,
            "created_time": "2024-05-08T16:54:46.787067Z",
            "yes_price": 5,
            "no_price": 95,
            "taker_side": "no"
        },
        {
            "trade_id": "e57cd49a-4054-4252-aedd-30b2d6e5ed9e",
            "ticker": "HIGHNY-24MAY08-B82.5",
            "count": 7,
            "created_time": "2024-05-08T16:32:48.410217Z",
            "yes_price": 5,
            "no_price": 95,
            "taker_side": "no"
        },
        {
            "trade_id": "12e33332-698c-41f0-8a33-e029b6645b95",
            "ticker": "HIGHNY-24MAY08-B82.5",
            "count": 5,
            "created_time": "2024-05-08T14:02:33.892815Z",
            "yes_price": 6,
            "no_price": 94,
            "taker_side": "no"
        },
        {
            "trade_id": "3fc12357-0e90-425d-99e7-b1550e7dd08b",
            "ticker": "HIGHNY-24MAY08-B82.5",
            "count": 50,
            "created_time": "2024-05-08T13:23:18.859208Z",
            "yes_price": 5,
            "no_price": 95,
            "taker_side": "no"
        },
        {
            "trade_id": "284db801-37e1-46a8-9b60-c2c3390687b4",
            "ticker": "HIGHNY-24MAY08-B82.5",
            "count": 1,
            "created_time": "2024-05-08T13:20:54.266827Z",
            "yes_price": 29,
            "no_price": 71,
            "taker_side": "yes"
        },
        {
            "trade_id": "05f81b23-e5db-445d-b2e4-a28e1344e9eb",
            "ticker": "HIGHNY-24MAY08-B82.5",
            "count": 6,
            "created_time": "2024-05-08T12:51:30.587327Z",
            "yes_price": 29,
            "no_price": 71,
            "taker_side": "yes"
        },
        {
            "trade_id": "ac28c33e-98a8-4b6e-a583-668f40e7f16c",
            "ticker": "HIGHNY-24MAY08-B82.5",
            "count": 10,
            "created_time": "2024-05-08T12:41:04.629874Z",
            "yes_price": 1,
            "no_price": 99,
            "taker_side": "yes"
        },
        {
            "trade_id": "c120ff51-83a9-441d-80e0-734d1707f543",
            "ticker": "HIGHNY-24MAY08-B82.5",
            "count": 18,
            "created_time": "2024-05-07T23:10:28.641082Z",
            "yes_price": 28,
            "no_price": 72,
            "taker_side": "no"
        },
        {
            "trade_id": "64f41229-b15c-409f-b1d9-abaac1c65af7",
            "ticker": "HIGHNY-24MAY08-B82.5",
            "count": 82,
            "created_time": "2024-05-07T23:10:18.51715Z",
            "yes_price": 27,
            "no_price": 73,
            "taker_side": "yes"
        },
        {
            "trade_id": "53afaaf7-a3ab-4706-9a87-53e65e030cd7",
            "ticker": "HIGHNY-24MAY08-B82.5",
            "count": 10,
            "created_time": "2024-05-07T20:36:27.97446Z",
            "yes_price": 25,
            "no_price": 75,
            "taker_side": "no"
        },
        {
            "trade_id": "12ec312e-cfac-47e5-bd39-e661f66ab7f3",
            "ticker": "HIGHNY-24MAY08-B82.5",
            "count": 9,
            "created_time": "2024-05-07T19:56:25.120388Z",
            "yes_price": 24,
            "no_price": 76,
            "taker_side": "no"
        },
        {
            "trade_id": "920e3060-e205-4806-b4cd-46071c489990",
            "ticker": "HIGHNY-24MAY08-B82.5",
            "count": 1,
            "created_time": "2024-05-07T19:56:23.545172Z",
            "yes_price": 28,
            "no_price": 72,
            "taker_side": "no"
        },
        {
            "trade_id": "c09e2f19-a3de-4f8a-b95f-ca4683d3fbc7",
            "ticker": "HIGHNY-24MAY08-B82.5",
            "count": 90,
            "created_time": "2024-05-07T17:56:36.661913Z",
            "yes_price": 24,
            "no_price": 76,
            "taker_side": "no"
        },
        {
            "trade_id": "65ddc788-0292-49da-a4be-e4b750c18f0d",
            "ticker": "HIGHNY-24MAY08-B82.5",
            "count": 14,
            "created_time": "2024-05-07T17:56:06.079096Z",
            "yes_price": 25,
            "no_price": 75,
            "taker_side": "no"
        },
        {
            "trade_id": "4b8e7359-eedb-43e4-a01b-13653c85e709",
            "ticker": "HIGHNY-24MAY08-B82.5",
            "count": 86,
            "created_time": "2024-05-07T17:56:06.079096Z",
            "yes_price": 25,
            "no_price": 75,
            "taker_side": "no"
        },
        {
            "trade_id": "dcd740d3-c6f8-4a57-905d-c1bb39e6acd3",
            "ticker": "HIGHNY-24MAY08-B82.5",
            "count": 10,
            "created_time": "2024-05-07T17:55:49.328415Z",
            "yes_price": 26,
            "no_price": 74,
            "taker_side": "no"
        },
        {
            "trade_id": "09a06b36-760b-407b-bcef-6e4e6243dc40",
            "ticker": "HIGHNY-24MAY08-B82.5",
            "count": 90,
            "created_time": "2024-05-07T17:55:49.328415Z",
            "yes_price": 26,
            "no_price": 74,
            "taker_side": "no"
        },
        {
            "trade_id": "45d2440d-ec44-428e-8fa8-774fa1c966b2",
            "ticker": "HIGHNY-24MAY08-B82.5",
            "count": 90,
            "created_time": "2024-05-07T17:55:36.171558Z",
            "yes_price": 27,
            "no_price": 73,
            "taker_side": "no"
        },
        {
            "trade_id": "1ecb234b-0cf5-4f5b-a214-61f2269e8e0a",
            "ticker": "HIGHNY-24MAY08-B82.5",
            "count": 18,
            "created_time": "2024-05-07T17:55:36.171558Z",
            "yes_price": 27,
            "no_price": 73,
            "taker_side": "no"
        },
        {
            "trade_id": "e827db29-f66b-47e9-833c-9cb4dd96954a",
            "ticker": "HIGHNY-24MAY08-B82.5",
            "count": 1,
            "created_time": "2024-05-07T17:30:52.212445Z",
            "yes_price": 31,
            "no_price": 69,
            "taker_side": "yes"
        },
        {
            "trade_id": "c936e49c-00ff-4890-9d21-77622800659f",
            "ticker": "HIGHNY-24MAY08-B82.5",
            "count": 18,
            "created_time": "2024-05-07T17:30:52.212445Z",
            "yes_price": 30,
            "no_price": 70,
            "taker_side": "yes"
        },
        {
            "trade_id": "34877d4c-4098-4345-8635-94a338efa1d8",
            "ticker": "HIGHNY-24MAY08-B82.5",
            "count": 11,
            "created_time": "2024-05-07T17:30:52.212445Z",
            "yes_price": 30,
            "no_price": 70,
            "taker_side": "yes"
        }
    ],
    "HIGHNY-24MAY08-T83": [
        {
            "trade_id": "eb618770-a84a-4e6c-9e14-0231ff93797f",
            "ticker": "HIGHNY-24MAY08-T83",
            "count": 4,
            "created_time": "2024-05-08T22:49:06.061967Z",
            "yes_price": 99,
            "no_price": 1,
            "taker_side": "yes"
        },
        {
            "trade_id": "a612edee-a9eb-4b7f-bc64-288e2728606c",
            "ticker": "HIGHNY-24MAY08-T83",
            "count": 4,
            "created_time": "2024-05-08T22:31:01.885174Z",
            "yes_price": 98,
            "no_price": 2,
            "taker_side": "no"
        },
        {
            "trade_id": "e8c42461-db4d-498b-b28a-3c5b4e5988d6",
            "ticker": "HIGHNY-24MAY08-T83",
            "count": 4,
            "created_time": "2024-05-08T22:05:33.479083Z",
            "yes_price": 99,
            "no_price": 1,
            "taker_side": "yes"
        },
        {
            "trade_id": "827d4b50-2020-47c2-b481-b86581335c89",
            "ticker": "HIGHNY-24MAY08-T83",
            "count": 50,
            "created_time": "2024-05-08T21:41:26.021161Z",
            "yes_price": 97,
            "no_price": 3,
            "taker_side": "no"
        },
        {
            "trade_id": "4a15dc97-0811-4f34-8950-072050048a75",
            "ticker": "HIGHNY-24MAY08-T83",
            "count": 4,
            "created_time": "2024-05-08T21:40:54.031155Z",
            "yes_price": 98,
            "no_price": 2,
            "taker_side": "no"
        },
        {
            "trade_id": "19dc1a02-c76b-4518-8307-01cb5da1ec8a",
            "ticker": "HIGHNY-24MAY08-T83",
            "count": 1089,
            "created_time": "2024-05-08T21:40:54.031155Z",
            "yes_price": 97,
            "no_price": 3,
            "taker_side": "no"
        },
        {
            "trade_id": "bf85b293-d209-419d-84e0-e07b8c00cc0c",
            "ticker": "HIGHNY-24MAY08-T83",
            "count": 50,
            "created_time": "2024-05-08T20:39:12.041134Z",
            "yes_price": 98,
            "no_price": 2,
            "taker_side": "yes"
        },
        {
            "trade_id": "01a6d3d1-bae6-4b43-9d18-e87ea0985971",
            "ticker": "HIGHNY-24MAY08-T83",
            "count": 9,
            "created_time": "2024-05-08T20:39:12.041134Z",
            "yes_price": 99,
            "no_price": 1,
            "taker_side": "yes"
        },
        {
            "trade_id": "f882ac27-886f-47ee-9aab-dadb08c9192c",
            "ticker": "HIGHNY-24MAY08-T83",
            "count": 2,
            "created_time": "2024-05-08T20:15:23.143422Z",
            "yes_price": 50,
            "no_price": 50,
            "taker_side": "no"
        },
        {
            "trade_id": "2f36ea94-9a46-4ea3-b5dc-5014716371aa",
            "ticker": "HIGHNY-24MAY08-T83",
            "count": 13,
            "created_time": "2024-05-08T20:15:23.143422Z",
            "yes_price": 35,
            "no_price": 65,
            "taker_side": "no"
        },
        {
            "trade_id": "e52f365e-9a82-48f7-af8f-4ef1d5d4125d",
            "ticker": "HIGHNY-24MAY08-T83",
            "count": 1,
            "created_time": "2024-05-08T20:11:21.927805Z",
            "yes_price": 50,
            "no_price": 50,
            "taker_side": "no"
        },
        {
            "trade_id": "de86a6f0-3b1e-4272-a0a4-1149ca6dfccb",
            "ticker": "HIGHNY-24MAY08-T83",
            "count": 2,
            "created_time": "2024-05-08T20:11:21.927805Z",
            "yes_price": 60,
            "no_price": 40,
            "taker_side": "no"
        },
        {
            "trade_id": "c68e2b47-6e1b-46ed-a4f0-e9f694d4aa5a",
            "ticker": "HIGHNY-24MAY08-T83",
            "count": 2,
            "created_time": "2024-05-08T20:11:21.927805Z",
            "yes_price": 61,
            "no_price": 39,
            "taker_side": "no"
        },
        {
            "trade_id": "a5c4601f-4da3-427f-a3f3-55641cf056e0",
            "ticker": "HIGHNY-24MAY08-T83",
            "count": 5,
            "created_time": "2024-05-08T20:11:21.927805Z",
            "yes_price": 35,
            "no_price": 65,
            "taker_side": "no"
        },
        {
            "trade_id": "7218b1b6-576e-4b1d-95c1-e1ac242bbb6c",
            "ticker": "HIGHNY-24MAY08-T83",
            "count": 1,
            "created_time": "2024-05-08T20:11:21.927805Z",
            "yes_price": 51,
            "no_price": 49,
            "taker_side": "no"
        },
        {
            "trade_id": "0cfc3b4c-5fa8-4cf9-8ca1-21fbd9185a72",
            "ticker": "HIGHNY-24MAY08-T83",
            "count": 6,
            "created_time": "2024-05-08T20:11:21.927805Z",
            "yes_price": 36,
            "no_price": 64,
            "taker_side": "no"
        },
        {
            "trade_id": "0260551e-95ac-40c4-b82f-3f5a5adb973b",
            "ticker": "HIGHNY-24MAY08-T83",
            "count": 14,
            "created_time": "2024-05-08T15:53:45.188216Z",
            "yes_price": 89,
            "no_price": 11,
            "taker_side": "yes"
        },
        {
            "trade_id": "025a6362-fb02-47c7-814d-0c0a7912b438",
            "ticker": "HIGHNY-24MAY08-T83",
            "count": 79,
            "created_time": "2024-05-08T14:24:21.790719Z",
            "yes_price": 89,
            "no_price": 11,
            "taker_side": "yes"
        },
        {
            "trade_id": "be812d2b-9711-4034-9163-b482c8190302",
            "ticker": "HIGHNY-24MAY08-T83",
            "count": 22,
            "created_time": "2024-05-08T14:20:59.351401Z",
            "yes_price": 88,
            "no_price": 12,
            "taker_side": "yes"
        },
        {
            "trade_id": "bae9264e-d2d5-428c-8b2f-6edb21072d5e",
            "ticker": "HIGHNY-24MAY08-T83",
            "count": 90,
            "created_time": "2024-05-08T14:20:59.351401Z",
            "yes_price": 89,
            "no_price": 11,
            "taker_side": "yes"
        },
        {
            "trade_id": "a28e957b-4be2-41b0-bafc-b161a9f77e24",
            "ticker": "HIGHNY-24MAY08-T83",
            "count": 22,
            "created_time": "2024-05-08T14:20:30.778952Z",
            "yes_price": 88,
            "no_price": 12,
            "taker_side": "yes"
        },
        {
            "trade_id": "92a95d44-ea6d-4dc2-a713-b33f1ddeb3ba",
            "ticker": "HIGHNY-24MAY08-T83",
            "count": 56,
            "created_time": "2024-05-08T14:20:17.089787Z",
            "yes_price": 88,
            "no_price": 12,
            "taker_side": "yes"
        },
        {
            "trade_id": "9b0e1b87-598e-4c95-ac9e-8813fa93144e",
            "ticker": "HIGHNY-24MAY08-T83",
            "count": 26,
            "created_time": "2024-05-08T13:25:08.540614Z",
            "yes_price": 89,
            "no_price": 11,
            "taker_side": "yes"
        },
        {
            "trade_id": "94ac2c07-1bc1-4586-a8e9-3d021f92e68c",
            "ticker": "HIGHNY-24MAY08-T83",
            "count": 5,
            "created_time": "2024-05-08T12:33:39.922089Z",
            "yes_price": 89,
            "no_price": 11,
            "taker_side": "yes"
        },
        {
            "trade_id": "31aa888f-596b-4f59-89de-9cca0ca2332a",
            "ticker": "HIGHNY-24MAY08-T83",
            "count": 54,
            "created_time": "2024-05-08T03:57:02.51607Z",
            "yes_price": 66,
            "no_price": 34,
            "taker_side": "yes"
        },
        {
            "trade_id": "dea3a2ee-34c3-48d2-93f2-8bbc73edebf0",
            "ticker": "HIGHNY-24MAY08-T83",
            "count": 43,
            "created_time": "2024-05-08T03:56:43.128011Z",
            "yes_price": 65,
            "no_price": 35,
            "taker_side": "yes"
        },
        {
            "trade_id": "d78a1738-9966-4e90-9046-2a719ea91cbf",
            "ticker": "HIGHNY-24MAY08-T83",
            "count": 5,
            "created_time": "2024-05-08T03:56:43.128011Z",
            "yes_price": 65,
            "no_price": 35,
            "taker_side": "yes"
        },
        {
            "trade_id": "a4a16801-5760-4be5-acd8-7e057b9ce91d",
            "ticker": "HIGHNY-24MAY08-T83",
            "count": 54,
            "created_time": "2024-05-08T03:56:28.601896Z",
            "yes_price": 63,
            "no_price": 37,
            "taker_side": "yes"
        },
        {
            "trade_id": "fb523425-5171-49f8-b56f-1a60f3f5054e",
            "ticker": "HIGHNY-24MAY08-T83",
            "count": 54,
            "created_time": "2024-05-08T03:56:20.863779Z",
            "yes_price": 64,
            "no_price": 36,
            "taker_side": "yes"
        },
        {
            "trade_id": "5cceb81e-ba22-4913-93f7-aee4d808769d",
            "ticker": "HIGHNY-24MAY08-T83",
            "count": 54,
            "created_time": "2024-05-08T03:56:03.099858Z",
            "yes_price": 63,
            "no_price": 37,
            "taker_side": "yes"
        },
        {
            "trade_id": "cf741479-c0f1-4437-9c73-19df4f7bebf6",
            "ticker": "HIGHNY-24MAY08-T83",
            "count": 57,
            "created_time": "2024-05-08T03:33:35.144573Z",
            "yes_price": 64,
            "no_price": 36,
            "taker_side": "yes"
        },
        {
            "trade_id": "595d5f05-4acd-4860-b5b1-8f250afaa344",
            "ticker": "HIGHNY-24MAY08-T83",
            "count": 45,
            "created_time": "2024-05-08T03:33:07.300288Z",
            "yes_price": 63,
            "no_price": 37,
            "taker_side": "yes"
        },
        {
            "trade_id": "58a5178d-0a5e-498a-9b4a-26ec7ac25fbd",
            "ticker": "HIGHNY-24MAY08-T83",
            "count": 57,
            "created_time": "2024-05-08T03:32:43.235549Z",
            "yes_price": 62,
            "no_price": 38,
            "taker_side": "yes"
        },
        {
            "trade_id": "e7dc646d-82df-4561-9aaa-a509975bbb32",
            "ticker": "HIGHNY-24MAY08-T83",
            "count": 22,
            "created_time": "2024-05-08T03:32:34.453685Z",
            "yes_price": 61,
            "no_price": 39,
            "taker_side": "yes"
        },
        {
            "trade_id": "24e62680-084c-4723-8cfa-d8bd85a5c26c",
            "ticker": "HIGHNY-24MAY08-T83",
            "count": 58,
            "created_time": "2024-05-08T03:32:02.385325Z",
            "yes_price": 64,
            "no_price": 36,
            "taker_side": "yes"
        },
        {
            "trade_id": "f692f0f7-5cf4-498d-aa79-de9bb6abb907",
            "ticker": "HIGHNY-24MAY08-T83",
            "count": 58,
            "created_time": "2024-05-08T03:31:38.064995Z",
            "yes_price": 63,
            "no_price": 37,
            "taker_side": "yes"
        },
        {
            "trade_id": "d5b61f75-73c8-42cd-980f-f314735461f0",
            "ticker": "HIGHNY-24MAY08-T83",
            "count": 46,
            "created_time": "2024-05-08T03:31:27.10964Z",
            "yes_price": 62,
            "no_price": 38,
            "taker_side": "yes"
        },
        {
            "trade_id": "bafa7134-a0ac-41d8-947a-cba6540ce141",
            "ticker": "HIGHNY-24MAY08-T83",
            "count": 58,
            "created_time": "2024-05-08T03:31:18.599322Z",
            "yes_price": 61,
            "no_price": 39,
            "taker_side": "yes"
        },
        {
            "trade_id": "8a6021a0-306e-4b19-a1d1-353df54793e0",
            "ticker": "HIGHNY-24MAY08-T83",
            "count": 46,
            "created_time": "2024-05-08T03:30:59.017806Z",
            "yes_price": 60,
            "no_price": 40,
            "taker_side": "yes"
        },
        {
            "trade_id": "d44d960b-c856-47d9-abf8-8fdec4a5c449",
            "ticker": "HIGHNY-24MAY08-T83",
            "count": 1,
            "created_time": "2024-05-08T03:28:48.453764Z",
            "yes_price": 53,
            "no_price": 47,
            "taker_side": "no"
        },
        {
            "trade_id": "f2fad450-a936-4b5e-87fa-979962851838",
            "ticker": "HIGHNY-24MAY08-T83",
            "count": 10,
            "created_time": "2024-05-08T01:55:39.878636Z",
            "yes_price": 62,
            "no_price": 38,
            "taker_side": "no"
        },
        {
            "trade_id": "2f757450-e673-472e-8844-d547611e7c14",
            "ticker": "HIGHNY-24MAY08-T83",
            "count": 27,
            "created_time": "2024-05-08T01:37:11.686034Z",
            "yes_price": 61,
            "no_price": 39,
            "taker_side": "no"
        },
        {
            "trade_id": "adf3f43b-db56-4a5e-a007-756a1e11e619",
            "ticker": "HIGHNY-24MAY08-T83",
            "count": 5,
            "created_time": "2024-05-07T23:44:29.124602Z",
            "yes_price": 48,
            "no_price": 52,
            "taker_side": "yes"
        },
        {
            "trade_id": "62f006a2-c017-4ec6-af2a-ff4bb6f8a760",
            "ticker": "HIGHNY-24MAY08-T83",
            "count": 22,
            "created_time": "2024-05-07T23:08:53.792804Z",
            "yes_price": 44,
            "no_price": 56,
            "taker_side": "no"
        },
        {
            "trade_id": "15138a85-ee87-477b-adc1-229c14c793e5",
            "ticker": "HIGHNY-24MAY08-T83",
            "count": 68,
            "created_time": "2024-05-07T23:08:53.792804Z",
            "yes_price": 47,
            "no_price": 53,
            "taker_side": "no"
        },
        {
            "trade_id": "0b1345f1-b1ff-4e16-b726-f73f4bc302d0",
            "ticker": "HIGHNY-24MAY08-T83",
            "count": 27,
            "created_time": "2024-05-07T22:05:22.095152Z",
            "yes_price": 48,
            "no_price": 52,
            "taker_side": "no"
        },
        {
            "trade_id": "4013c3bd-a47d-4651-85da-63bd6de490e6",
            "ticker": "HIGHNY-24MAY08-T83",
            "count": 20,
            "created_time": "2024-05-07T21:24:33.637514Z",
            "yes_price": 53,
            "no_price": 47,
            "taker_side": "no"
        },
        {
            "trade_id": "6b708f59-7ee8-4b56-9844-1ea2fa180603",
            "ticker": "HIGHNY-24MAY08-T83",
            "count": 20,
            "created_time": "2024-05-07T20:53:19.870653Z",
            "yes_price": 54,
            "no_price": 46,
            "taker_side": "no"
        },
        {
            "trade_id": "f14ae9d5-d123-4655-90f3-9bbf3ea698a0",
            "ticker": "HIGHNY-24MAY08-T83",
            "count": 72,
            "created_time": "2024-05-07T20:52:29.064376Z",
            "yes_price": 53,
            "no_price": 47,
            "taker_side": "no"
        },
        {
            "trade_id": "79aff93a-b65f-4406-ba60-7fb3b074851a",
            "ticker": "HIGHNY-24MAY08-T83",
            "count": 32,
            "created_time": "2024-05-07T20:52:29.064376Z",
            "yes_price": 56,
            "no_price": 44,
            "taker_side": "no"
        },
        {
            "trade_id": "a2c992a2-2326-45de-a67f-ff264a89ddd7",
            "ticker": "HIGHNY-24MAY08-T83",
            "count": 11,
            "created_time": "2024-05-07T20:33:02.284289Z",
            "yes_price": 55,
            "no_price": 45,
            "taker_side": "no"
        },
        {
            "trade_id": "d1376547-5c16-4f41-89ca-250b18ecd21c",
            "ticker": "HIGHNY-24MAY08-T83",
            "count": 134,
            "created_time": "2024-05-07T20:31:17.230876Z",
            "yes_price": 56,
            "no_price": 44,
            "taker_side": "yes"
        },
        {
            "trade_id": "62209db9-41a5-446b-9477-682ddf8dcb94",
            "ticker": "HIGHNY-24MAY08-T83",
            "count": 40,
            "created_time": "2024-05-07T20:31:17.230876Z",
            "yes_price": 54,
            "no_price": 46,
            "taker_side": "yes"
        },
        {
            "trade_id": "982b540b-e06d-48bc-bd47-3858715b0f43",
            "ticker": "HIGHNY-24MAY08-T83",
            "count": 10,
            "created_time": "2024-05-07T20:13:04.305967Z",
            "yes_price": 43,
            "no_price": 57,
            "taker_side": "yes"
        },
        {
            "trade_id": "606b111c-a6c1-4b53-a946-bafdddb519c6",
            "ticker": "HIGHNY-24MAY08-T83",
            "count": 15,
            "created_time": "2024-05-07T20:13:04.305967Z",
            "yes_price": 43,
            "no_price": 57,
            "taker_side": "yes"
        },
        {
            "trade_id": "2cb41bd2-48f0-454b-a311-a0f9fee0fcd2",
            "ticker": "HIGHNY-24MAY08-T83",
            "count": 15,
            "created_time": "2024-05-07T20:13:04.305967Z",
            "yes_price": 44,
            "no_price": 56,
            "taker_side": "yes"
        },
        {
            "trade_id": "4d97848b-317d-4f22-87bb-a5acae85e7f0",
            "ticker": "HIGHNY-24MAY08-T83",
            "count": 9,
            "created_time": "2024-05-07T19:56:25.14895Z",
            "yes_price": 39,
            "no_price": 61,
            "taker_side": "no"
        },
        {
            "trade_id": "025f8106-862a-45d4-b776-fec27b5dec7f",
            "ticker": "HIGHNY-24MAY08-T83",
            "count": 1,
            "created_time": "2024-05-07T19:56:23.516611Z",
            "yes_price": 39,
            "no_price": 61,
            "taker_side": "no"
        },
        {
            "trade_id": "f88d13a3-0d9b-4565-8066-cf0740692d28",
            "ticker": "HIGHNY-24MAY08-T83",
            "count": 32,
            "created_time": "2024-05-07T19:37:41.91183Z",
            "yes_price": 38,
            "no_price": 62,
            "taker_side": "no"
        },
        {
            "trade_id": "a2455a17-108b-4ec7-8a7f-3fb26f718910",
            "ticker": "HIGHNY-24MAY08-T83",
            "count": 17,
            "created_time": "2024-05-07T19:37:41.91183Z",
            "yes_price": 40,
            "no_price": 60,
            "taker_side": "no"
        },
        {
            "trade_id": "63fa68dc-b4be-4b3d-b344-02030e7bfebf",
            "ticker": "HIGHNY-24MAY08-T83",
            "count": 30,
            "created_time": "2024-05-07T19:37:41.91183Z",
            "yes_price": 40,
            "no_price": 60,
            "taker_side": "no"
        },
        {
            "trade_id": "595b264b-e2de-4fe9-b7f3-1e8300cfea1c",
            "ticker": "HIGHNY-24MAY08-T83",
            "count": 20,
            "created_time": "2024-05-07T18:41:31.638572Z",
            "yes_price": 41,
            "no_price": 59,
            "taker_side": "yes"
        },
        {
            "trade_id": "653ffb96-1a9b-4ea6-865c-23070876cd7e",
            "ticker": "HIGHNY-24MAY08-T83",
            "count": 11,
            "created_time": "2024-05-07T14:19:07.574714Z",
            "yes_price": 22,
            "no_price": 78,
            "taker_side": "no"
        }
    ]
}